<?xml version="1.0" encoding="UTF-8"?>
<alto xmlns:xsi="http://www.w3.org/2001/XMLSchema-instance"
      xmlns="http://www.loc.gov/standards/alto/ns-v2#"
      xmlns:page="http://schema.primaresearch.org/PAGE/gts/pagecontent/2013-07-15"
      xsi:schemaLocation="http://www.loc.gov/standards/alto/ns-v2# http://www.loc.gov/standards/alto/alto.xsd">
   <Description>
      <MeasurementUnit>pixel</MeasurementUnit>
      <OCRProcessing ID="IdOcr">
         <ocrProcessingStep>
            <processingDateTime>2020-10-28T20:24:18.271-04:00</processingDateTime>
            <processingSoftware>
               <softwareCreator>READ COOP</softwareCreator>
               <softwareName>Transkribus</softwareName>
            </processingSoftware>
         </ocrProcessingStep>
      </OCRProcessing>
   </Description>
   <Tags/>
   <Layout>
      <Page ID="Page1" PHYSICAL_IMG_NR="1" HEIGHT="3579" WIDTH="2411">
         <TopMargin HEIGHT="0" WIDTH="2411" VPOS="0" HPOS="0"/>
         <LeftMargin HEIGHT="3579" WIDTH="0" VPOS="0" HPOS="0"/>
         <RightMargin HEIGHT="3579" WIDTH="0" VPOS="0" HPOS="2411"/>
         <BottomMargin HEIGHT="0" WIDTH="2411" VPOS="3579" HPOS="0"/>
         <PrintSpace HEIGHT="3579" WIDTH="2411" VPOS="0" HPOS="0">
            <TextBlock ID="r2" HEIGHT="2935" WIDTH="881" VPOS="258" HPOS="237">
               <Shape>
                  <Polygon POINTS="237,258 237,3193 1118,3193 1118,258"/>
               </Shape>
               <TextLine ID="r2l2"
                         BASELINE="375"
                         HEIGHT="80"
                         WIDTH="837"
                         VPOS="295"
                         HPOS="274">
                  <String HEIGHT="80"
                          WIDTH="155"
                          VPOS="295"
                          HPOS="259"
                          CONTENT="nibus,"/>
                  <SP HEIGHT="80" WIDTH="16" VPOS="295" HPOS="414"/>
                  <String HEIGHT="80" WIDTH="109" VPOS="295" HPOS="367" CONTENT="nec"/>
                  <SP HEIGHT="80" WIDTH="16" VPOS="295" HPOS="476"/>
                  <String HEIGHT="80"
                          WIDTH="140"
                          VPOS="295"
                          HPOS="429"
                          CONTENT="sinit"/>
                  <SP HEIGHT="80" WIDTH="16" VPOS="295" HPOS="569"/>
                  <String HEIGHT="80" WIDTH="109" VPOS="295" HPOS="522" CONTENT="sui"/>
                  <SP HEIGHT="80" WIDTH="16" VPOS="295" HPOS="631"/>
                  <String HEIGHT="80"
                          WIDTH="140"
                          VPOS="295"
                          HPOS="584"
                          CONTENT="ipsus"/>
                  <SP HEIGHT="80" WIDTH="16" VPOS="295" HPOS="724"/>
                  <String HEIGHT="80"
                          WIDTH="124"
                          VPOS="295"
                          HPOS="677"
                          CONTENT="esse"/>
                  <SP HEIGHT="80" WIDTH="16" VPOS="295" HPOS="801"/>
                  <String HEIGHT="80"
                          WIDTH="202"
                          VPOS="295"
                          HPOS="755"
                          CONTENT="amatorem,"/>
                  <SP HEIGHT="80" WIDTH="16" VPOS="295" HPOS="956"/>
                  <String HEIGHT="80" WIDTH="109" VPOS="295" HPOS="910" CONTENT="sed"/>
                  <SP HEIGHT="80" WIDTH="16" VPOS="295" HPOS="1018"/>
                  <String HEIGHT="80"
                          WIDTH="155"
                          VPOS="295"
                          HPOS="972"
                          CONTENT="amati,"/>
                  <SP HEIGHT="80" WIDTH="16" VPOS="295" HPOS="1127"/>
                  <String HEIGHT="80" WIDTH="47" VPOS="295" HPOS="1065" CONTENT="v"/>
               </TextLine>
               <TextLine ID="r2l3"
                         BASELINE="402"
                         HEIGHT="41"
                         WIDTH="842"
                         VPOS="361"
                         HPOS="270">
                  <String HEIGHT="41" WIDTH="103" VPOS="361" HPOS="255" CONTENT="ait"/>
                  <SP HEIGHT="41" WIDTH="15" VPOS="361" HPOS="359"/>
                  <String HEIGHT="41"
                          WIDTH="118"
                          VPOS="361"
                          HPOS="314"
                          CONTENT="Hugo"/>
                  <SP HEIGHT="41" WIDTH="15" VPOS="361" HPOS="432"/>
                  <String HEIGHT="41" WIDTH="89" VPOS="361" HPOS="388" CONTENT="in"/>
                  <SP HEIGHT="41" WIDTH="15" VPOS="361" HPOS="477"/>
                  <String HEIGHT="41"
                          WIDTH="133"
                          VPOS="361"
                          HPOS="432"
                          CONTENT="libro"/>
                  <SP HEIGHT="41" WIDTH="15" VPOS="361" HPOS="565"/>
                  <String HEIGHT="41" WIDTH="89" VPOS="361" HPOS="521" CONTENT="de"/>
                  <SP HEIGHT="41" WIDTH="15" VPOS="361" HPOS="610"/>
                  <String HEIGHT="41"
                          WIDTH="118"
                          VPOS="361"
                          HPOS="565"
                          CONTENT="Arra"/>
                  <SP HEIGHT="41" WIDTH="15" VPOS="361" HPOS="684"/>
                  <String HEIGHT="41"
                          WIDTH="177"
                          VPOS="361"
                          HPOS="639"
                          CONTENT="sponsae."/>
                  <SP HEIGHT="41" WIDTH="15" VPOS="361" HPOS="817"/>
                  <String HEIGHT="41" WIDTH="89" VPOS="361" HPOS="772" CONTENT="Et"/>
                  <SP HEIGHT="41" WIDTH="15" VPOS="361" HPOS="861"/>
                  <String HEIGHT="41"
                          WIDTH="118"
                          VPOS="361"
                          HPOS="817"
                          CONTENT="isto"/>
                  <SP HEIGHT="41" WIDTH="15" VPOS="361" HPOS="935"/>
                  <String HEIGHT="41"
                          WIDTH="118"
                          VPOS="361"
                          HPOS="890"
                          CONTENT="modo"/>
                  <SP HEIGHT="41" WIDTH="15" VPOS="361" HPOS="1009"/>
                  <String HEIGHT="41"
                          WIDTH="162"
                          VPOS="361"
                          HPOS="950"
                          CONTENT="intelligi"/>
               </TextLine>
               <TextLine ID="r2l4"
                         BASELINE="441"
                         HEIGHT="41"
                         WIDTH="838"
                         VPOS="400"
                         HPOS="270">
                  <String HEIGHT="41"
                          WIDTH="151"
                          VPOS="400"
                          HPOS="253"
                          CONTENT="bern."/>
                  <SP HEIGHT="41" WIDTH="17" VPOS="400" HPOS="404"/>
                  <String HEIGHT="41" WIDTH="101" VPOS="400" HPOS="354" CONTENT="Ad"/>
                  <SP HEIGHT="41" WIDTH="17" VPOS="400" HPOS="454"/>
                  <String HEIGHT="41"
                          WIDTH="201"
                          VPOS="400"
                          HPOS="404"
                          CONTENT="secundum"/>
                  <SP HEIGHT="41" WIDTH="17" VPOS="400" HPOS="605"/>
                  <String HEIGHT="41"
                          WIDTH="218"
                          VPOS="400"
                          HPOS="555"
                          CONTENT="dicendum,"/>
                  <SP HEIGHT="41" WIDTH="17" VPOS="400" HPOS="773"/>
                  <String HEIGHT="41"
                          WIDTH="134"
                          VPOS="400"
                          HPOS="723"
                          CONTENT="quod"/>
                  <SP HEIGHT="41" WIDTH="17" VPOS="400" HPOS="857"/>
                  <String HEIGHT="41" WIDTH="117" VPOS="400" HPOS="806" CONTENT="non"/>
                  <SP HEIGHT="41" WIDTH="17" VPOS="400" HPOS="924"/>
                  <String HEIGHT="41" WIDTH="117" VPOS="400" HPOS="873" CONTENT="est"/>
                  <SP HEIGHT="41" WIDTH="17" VPOS="400" HPOS="991"/>
                  <String HEIGHT="41"
                          WIDTH="168"
                          VPOS="400"
                          HPOS="940"
                          CONTENT="simile"/>
                  <SP HEIGHT="41" WIDTH="17" VPOS="400" HPOS="1108"/>
                  <String HEIGHT="41" WIDTH="67" VPOS="400" HPOS="1041" CONTENT="di"/>
               </TextLine>
               <TextLine ID="r2l5"
                         BASELINE="488"
                         HEIGHT="48"
                         WIDTH="855"
                         VPOS="440"
                         HPOS="267">
                  <String HEIGHT="48"
                          WIDTH="133"
                          VPOS="440"
                          HPOS="252"
                          CONTENT="fide,"/>
                  <SP HEIGHT="48" WIDTH="15" VPOS="440" HPOS="385"/>
                  <String HEIGHT="48" WIDTH="74" VPOS="440" HPOS="341" CONTENT="&amp;"/>
                  <SP HEIGHT="48" WIDTH="15" VPOS="440" HPOS="414"/>
                  <String HEIGHT="48"
                          WIDTH="192"
                          VPOS="440"
                          HPOS="370"
                          CONTENT="caritate:"/>
                  <SP HEIGHT="48" WIDTH="15" VPOS="440" HPOS="562"/>
                  <String HEIGHT="48"
                          WIDTH="118"
                          VPOS="440"
                          HPOS="518"
                          CONTENT="quia"/>
                  <SP HEIGHT="48" WIDTH="15" VPOS="440" HPOS="636"/>
                  <String HEIGHT="48"
                          WIDTH="133"
                          VPOS="440"
                          HPOS="591"
                          CONTENT="ratio"/>
                  <SP HEIGHT="48" WIDTH="15" VPOS="440" HPOS="724"/>
                  <String HEIGHT="48"
                          WIDTH="177"
                          VPOS="440"
                          HPOS="680"
                          CONTENT="credendi"/>
                  <SP HEIGHT="48" WIDTH="15" VPOS="440" HPOS="857"/>
                  <String HEIGHT="48"
                          WIDTH="133"
                          VPOS="440"
                          HPOS="812"
                          CONTENT="omnia"/>
                  <SP HEIGHT="48" WIDTH="15" VPOS="440" HPOS="945"/>
                  <String HEIGHT="48"
                          WIDTH="206"
                          VPOS="440"
                          HPOS="901"
                          CONTENT="credibilia"/>
                  <SP HEIGHT="48" WIDTH="15" VPOS="440" HPOS="1107"/>
                  <String HEIGHT="48" WIDTH="74" VPOS="440" HPOS="1048" CONTENT="est"/>
               </TextLine>
               <TextLine ID="r2l6"
                         BASELINE="521"
                         HEIGHT="43"
                         WIDTH="849"
                         VPOS="478"
                         HPOS="274">
                  <String HEIGHT="43"
                          WIDTH="164"
                          VPOS="478"
                          HPOS="259"
                          CONTENT="veritas"/>
                  <SP HEIGHT="43" WIDTH="15" VPOS="478" HPOS="423"/>
                  <String HEIGHT="43"
                          WIDTH="164"
                          VPOS="478"
                          HPOS="378"
                          CONTENT="diuina,"/>
                  <SP HEIGHT="43" WIDTH="15" VPOS="478" HPOS="542"/>
                  <String HEIGHT="43" WIDTH="89" VPOS="478" HPOS="497" CONTENT="vt"/>
                  <SP HEIGHT="43" WIDTH="15" VPOS="478" HPOS="587"/>
                  <String HEIGHT="43" WIDTH="104" VPOS="478" HPOS="542" CONTENT="per"/>
                  <SP HEIGHT="43" WIDTH="15" VPOS="478" HPOS="646"/>
                  <String HEIGHT="43"
                          WIDTH="209"
                          VPOS="478"
                          HPOS="602"
                          CONTENT="scripturam"/>
                  <SP HEIGHT="43" WIDTH="15" VPOS="478" HPOS="810"/>
                  <String HEIGHT="43"
                          WIDTH="149"
                          VPOS="478"
                          HPOS="766"
                          CONTENT="sacram"/>
                  <SP HEIGHT="43" WIDTH="15" VPOS="478" HPOS="914"/>
                  <String HEIGHT="43"
                          WIDTH="134"
                          VPOS="478"
                          HPOS="870"
                          CONTENT="nobis"/>
                  <SP HEIGHT="43" WIDTH="15" VPOS="478" HPOS="1004"/>
                  <String HEIGHT="43" WIDTH="104" VPOS="478" HPOS="959" CONTENT="est"/>
                  <SP HEIGHT="43" WIDTH="15" VPOS="478" HPOS="1063"/>
                  <String HEIGHT="43"
                          WIDTH="119"
                          VPOS="478"
                          HPOS="1004"
                          CONTENT="annun"
                          SUBS_TYPE="HypPart1"
                          SUBS_CONTENT="annunciata:"/>
                  <HYP CONTENT="-"/>
               </TextLine>
               <TextLine ID="r2l7"
                         BASELINE="559"
                         HEIGHT="42"
                         WIDTH="852"
                         VPOS="517"
                         HPOS="269">
                  <String HEIGHT="42"
                          WIDTH="155"
                          VPOS="517"
                          HPOS="254"
                          CONTENT="ciata:"
                          SUBS_TYPE="HypPart2"
                          SUBS_CONTENT="annunciata:"/>
                  <SP HEIGHT="42" WIDTH="15" VPOS="517" HPOS="408"/>
                  <String HEIGHT="42" WIDTH="77" VPOS="517" HPOS="362" CONTENT="&amp;"/>
                  <SP HEIGHT="42" WIDTH="15" VPOS="517" HPOS="439"/>
                  <String HEIGHT="42"
                          WIDTH="124"
                          VPOS="517"
                          HPOS="393"
                          CONTENT="ideo"/>
                  <SP HEIGHT="42" WIDTH="15" VPOS="517" HPOS="517"/>
                  <String HEIGHT="42"
                          WIDTH="139"
                          VPOS="517"
                          HPOS="470"
                          CONTENT="omnia"/>
                  <SP HEIGHT="42" WIDTH="15" VPOS="517" HPOS="610"/>
                  <String HEIGHT="42"
                          WIDTH="217"
                          VPOS="517"
                          HPOS="563"
                          CONTENT="credibilia"/>
                  <SP HEIGHT="42" WIDTH="15" VPOS="517" HPOS="780"/>
                  <String HEIGHT="42"
                          WIDTH="170"
                          VPOS="517"
                          HPOS="734"
                          CONTENT="aequali"/>
                  <SP HEIGHT="42" WIDTH="15" VPOS="517" HPOS="904"/>
                  <String HEIGHT="42"
                          WIDTH="232"
                          VPOS="517"
                          HPOS="858"
                          CONTENT="certitudine"/>
                  <SP HEIGHT="42" WIDTH="15" VPOS="517" HPOS="1090"/>
                  <String HEIGHT="42"
                          WIDTH="93"
                          VPOS="517"
                          HPOS="1028"
                          CONTENT="cre"
                          SUBS_TYPE="HypPart1"
                          SUBS_CONTENT="creduntur,"/>
                  <HYP CONTENT="-"/>
               </TextLine>
               <TextLine ID="r2l8"
                         BASELINE="597"
                         HEIGHT="42"
                         WIDTH="845"
                         VPOS="555"
                         HPOS="269">
                  <String HEIGHT="42"
                          WIDTH="160"
                          VPOS="555"
                          HPOS="254"
                          CONTENT="duntur,"
                          SUBS_TYPE="HypPart2"
                          SUBS_CONTENT="creduntur,"/>
                  <SP HEIGHT="42" WIDTH="15" VPOS="555" HPOS="415"/>
                  <String HEIGHT="42"
                          WIDTH="131"
                          VPOS="555"
                          HPOS="371"
                          CONTENT="sicut"/>
                  <SP HEIGHT="42" WIDTH="15" VPOS="555" HPOS="502"/>
                  <String HEIGHT="42"
                          WIDTH="160"
                          VPOS="555"
                          HPOS="458"
                          CONTENT="aequali"/>
                  <SP HEIGHT="42" WIDTH="15" VPOS="555" HPOS="619"/>
                  <String HEIGHT="42"
                          WIDTH="219"
                          VPOS="555"
                          HPOS="575"
                          CONTENT="certitudine"/>
                  <SP HEIGHT="42" WIDTH="15" VPOS="555" HPOS="793"/>
                  <String HEIGHT="42"
                          WIDTH="219"
                          VPOS="555"
                          HPOS="750"
                          CONTENT="reuelantur."/>
                  <SP HEIGHT="42" WIDTH="15" VPOS="555" HPOS="968"/>
                  <String HEIGHT="42" WIDTH="102" VPOS="555" HPOS="925" CONTENT="Sed"/>
                  <SP HEIGHT="42" WIDTH="15" VPOS="555" HPOS="1027"/>
                  <String HEIGHT="42"
                          WIDTH="131"
                          VPOS="555"
                          HPOS="983"
                          CONTENT="ratio"/>
                  <SP HEIGHT="42" WIDTH="15" VPOS="555" HPOS="1114"/>
                  <String HEIGHT="42" WIDTH="58" VPOS="555" HPOS="1056" CONTENT="di"/>
               </TextLine>
               <TextLine ID="r2l9"
                         BASELINE="637"
                         HEIGHT="42"
                         WIDTH="857"
                         VPOS="595"
                         HPOS="267">
                  <String HEIGHT="42"
                          WIDTH="165"
                          VPOS="595"
                          HPOS="252"
                          CONTENT="ligendi"/>
                  <SP HEIGHT="42" WIDTH="15" VPOS="595" HPOS="417"/>
                  <String HEIGHT="42"
                          WIDTH="150"
                          VPOS="595"
                          HPOS="372"
                          CONTENT="aliqua"/>
                  <SP HEIGHT="42" WIDTH="15" VPOS="595" HPOS="523"/>
                  <String HEIGHT="42" WIDTH="90" VPOS="595" HPOS="477" CONTENT="ex"/>
                  <SP HEIGHT="42" WIDTH="15" VPOS="595" HPOS="568"/>
                  <String HEIGHT="42"
                          WIDTH="180"
                          VPOS="595"
                          HPOS="523"
                          CONTENT="caritate"/>
                  <SP HEIGHT="42" WIDTH="15" VPOS="595" HPOS="703"/>
                  <String HEIGHT="42" WIDTH="105" VPOS="595" HPOS="658" CONTENT="est"/>
                  <SP HEIGHT="42" WIDTH="15" VPOS="595" HPOS="763"/>
                  <String HEIGHT="42"
                          WIDTH="165"
                          VPOS="595"
                          HPOS="718"
                          CONTENT="bonitas"/>
                  <SP HEIGHT="42" WIDTH="15" VPOS="595" HPOS="883"/>
                  <String HEIGHT="42"
                          WIDTH="165"
                          VPOS="595"
                          HPOS="838"
                          CONTENT="diuina,"/>
                  <SP HEIGHT="42" WIDTH="15" VPOS="595" HPOS="1004"/>
                  <String HEIGHT="42"
                          WIDTH="135"
                          VPOS="595"
                          HPOS="959"
                          CONTENT="primo"/>
                  <SP HEIGHT="42" WIDTH="15" VPOS="595" HPOS="1094"/>
                  <String HEIGHT="42"
                          WIDTH="90"
                          VPOS="595"
                          HPOS="1034"
                          CONTENT="qui"
                          SUBS_TYPE="HypPart1"
                          SUBS_CONTENT="quide"/>
                  <HYP CONTENT="-"/>
               </TextLine>
               <TextLine ID="r2l10"
                         BASELINE="683"
                         HEIGHT="50"
                         WIDTH="847"
                         VPOS="633"
                         HPOS="270">
                  <String HEIGHT="50"
                          WIDTH="85"
                          VPOS="633"
                          HPOS="256"
                          CONTENT="de"
                          SUBS_TYPE="HypPart2"
                          SUBS_CONTENT="quide"/>
                  <SP HEIGHT="50" WIDTH="14" VPOS="633" HPOS="341"/>
                  <String HEIGHT="50" WIDTH="85" VPOS="633" HPOS="298" CONTENT="in"/>
                  <SP HEIGHT="50" WIDTH="14" VPOS="633" HPOS="383"/>
                  <String HEIGHT="50" WIDTH="85" VPOS="633" HPOS="341" CONTENT="se"/>
                  <SP HEIGHT="50" WIDTH="14" VPOS="633" HPOS="425"/>
                  <String HEIGHT="50"
                          WIDTH="184"
                          VPOS="633"
                          HPOS="383"
                          CONTENT="existens,"/>
                  <SP HEIGHT="50" WIDTH="14" VPOS="633" HPOS="566"/>
                  <String HEIGHT="50"
                          WIDTH="141"
                          VPOS="633"
                          HPOS="524"
                          CONTENT="deinde"/>
                  <SP HEIGHT="50" WIDTH="14" VPOS="633" HPOS="665"/>
                  <String HEIGHT="50" WIDTH="85" VPOS="633" HPOS="623" CONTENT="ab"/>
                  <SP HEIGHT="50" WIDTH="14" VPOS="633" HPOS="708"/>
                  <String HEIGHT="50"
                          WIDTH="127"
                          VPOS="633"
                          HPOS="665"
                          CONTENT="aliis"/>
                  <SP HEIGHT="50" WIDTH="14" VPOS="633" HPOS="792"/>
                  <String HEIGHT="50"
                          WIDTH="226"
                          VPOS="633"
                          HPOS="750"
                          CONTENT="participata:"/>
                  <SP HEIGHT="50" WIDTH="14" VPOS="633" HPOS="976"/>
                  <String HEIGHT="50" WIDTH="85" VPOS="633" HPOS="933" CONTENT="Et"/>
                  <SP HEIGHT="50" WIDTH="14" VPOS="633" HPOS="1018"/>
                  <String HEIGHT="50"
                          WIDTH="113"
                          VPOS="633"
                          HPOS="976"
                          CONTENT="quia"/>
                  <SP HEIGHT="50" WIDTH="14" VPOS="633" HPOS="1089"/>
                  <String HEIGHT="50"
                          WIDTH="85"
                          VPOS="633"
                          HPOS="1032"
                          CONTENT="mul"
                          SUBS_TYPE="HypPart1"
                          SUBS_CONTENT="multipliciter"/>
                  <HYP CONTENT="-"/>
               </TextLine>
               <TextLine ID="r2l11"
                         BASELINE="718"
                         HEIGHT="45"
                         WIDTH="843"
                         VPOS="673"
                         HPOS="268">
                  <String HEIGHT="45"
                          WIDTH="207"
                          VPOS="673"
                          HPOS="253"
                          CONTENT="tipliciter"
                          SUBS_TYPE="HypPart2"
                          SUBS_CONTENT="multipliciter"/>
                  <SP HEIGHT="45" WIDTH="15" VPOS="673" HPOS="460"/>
                  <String HEIGHT="45" WIDTH="104" VPOS="673" HPOS="416" CONTENT="Dei"/>
                  <SP HEIGHT="45" WIDTH="15" VPOS="673" HPOS="519"/>
                  <String HEIGHT="45"
                          WIDTH="163"
                          VPOS="673"
                          HPOS="475"
                          CONTENT="bonitas"/>
                  <SP HEIGHT="45" WIDTH="15" VPOS="673" HPOS="638"/>
                  <String HEIGHT="45"
                          WIDTH="237"
                          VPOS="673"
                          HPOS="593"
                          CONTENT="participatur"/>
                  <SP HEIGHT="45" WIDTH="15" VPOS="673" HPOS="830"/>
                  <String HEIGHT="45"
                          WIDTH="133"
                          VPOS="673"
                          HPOS="786"
                          CONTENT="penes"/>
                  <SP HEIGHT="45" WIDTH="15" VPOS="673" HPOS="919"/>
                  <String HEIGHT="45"
                          WIDTH="177"
                          VPOS="673"
                          HPOS="874"
                          CONTENT="diuersos"/>
                  <SP HEIGHT="45" WIDTH="15" VPOS="673" HPOS="1052"/>
                  <String HEIGHT="45"
                          WIDTH="118"
                          VPOS="673"
                          HPOS="993"
                          CONTENT="gradus"/>
               </TextLine>
               <TextLine ID="r2l12"
                         BASELINE="759"
                         HEIGHT="49"
                         WIDTH="857"
                         VPOS="710"
                         HPOS="261">
                  <String HEIGHT="49"
                          WIDTH="222"
                          VPOS="710"
                          HPOS="246"
                          CONTENT="creaturarum"/>
                  <SP HEIGHT="49" WIDTH="15" VPOS="710" HPOS="468"/>
                  <String HEIGHT="49" WIDTH="74" VPOS="710" HPOS="424" CONTENT=";"/>
                  <SP HEIGHT="49" WIDTH="15" VPOS="710" HPOS="497"/>
                  <String HEIGHT="49"
                          WIDTH="118"
                          VPOS="710"
                          HPOS="453"
                          CONTENT="ideo"/>
                  <SP HEIGHT="49" WIDTH="15" VPOS="710" HPOS="571"/>
                  <String HEIGHT="49"
                          WIDTH="163"
                          VPOS="710"
                          HPOS="527"
                          CONTENT="diuersi"/>
                  <SP HEIGHT="49" WIDTH="15" VPOS="710" HPOS="690"/>
                  <String HEIGHT="49"
                          WIDTH="177"
                          VPOS="710"
                          HPOS="645"
                          CONTENT="poterunt"/>
                  <SP HEIGHT="49" WIDTH="15" VPOS="710" HPOS="822"/>
                  <String HEIGHT="49"
                          WIDTH="118"
                          VPOS="710"
                          HPOS="778"
                          CONTENT="esse"/>
                  <SP HEIGHT="49" WIDTH="15" VPOS="710" HPOS="896"/>
                  <String HEIGHT="49"
                          WIDTH="148"
                          VPOS="710"
                          HPOS="852"
                          CONTENT="gradus"/>
                  <SP HEIGHT="49" WIDTH="15" VPOS="710" HPOS="1000"/>
                  <String HEIGHT="49"
                          WIDTH="192"
                          VPOS="710"
                          HPOS="955"
                          CONTENT="dilectio¬"/>
                  <SP HEIGHT="49" WIDTH="15" VPOS="710" HPOS="1148"/>
                  <String HEIGHT="49" WIDTH="30" VPOS="710" HPOS="1088" CONTENT=""/>
               </TextLine>
               <TextLine ID="r2l13"
                         BASELINE="802"
                         HEIGHT="54"
                         WIDTH="479"
                         VPOS="748"
                         HPOS="261">
                  <String HEIGHT="54" WIDTH="102" VPOS="748" HPOS="246" CONTENT="nis"/>
                  <SP HEIGHT="54" WIDTH="15" VPOS="748" HPOS="348"/>
                  <String HEIGHT="54"
                          WIDTH="160"
                          VPOS="748"
                          HPOS="305"
                          CONTENT="eliciti"/>
                  <SP HEIGHT="54" WIDTH="15" VPOS="748" HPOS="464"/>
                  <String HEIGHT="54" WIDTH="87" VPOS="748" HPOS="421" CONTENT="ex"/>
                  <SP HEIGHT="54" WIDTH="15" VPOS="748" HPOS="508"/>
                  <String HEIGHT="54"
                          WIDTH="189"
                          VPOS="748"
                          HPOS="464"
                          CONTENT="caritate:"/>
                  <SP HEIGHT="54" WIDTH="15" VPOS="748" HPOS="653"/>
                  <String HEIGHT="54"
                          WIDTH="116"
                          VPOS="748"
                          HPOS="609"
                          CONTENT="ergo"/>
                  <SP HEIGHT="54" WIDTH="15" VPOS="748" HPOS="725"/>
                  <String HEIGHT="54" WIDTH="73" VPOS="748" HPOS="667" CONTENT="&amp;c."/>
               </TextLine>
               <TextLine ID="r2l15"
                         BASELINE="829"
                         HEIGHT="43"
                         WIDTH="810"
                         VPOS="786"
                         HPOS="305">
                  <String HEIGHT="43" WIDTH="92" VPOS="786" HPOS="290" CONTENT="Ad"/>
                  <SP HEIGHT="43" WIDTH="15" VPOS="786" HPOS="381"/>
                  <String HEIGHT="43"
                          WIDTH="168"
                          VPOS="786"
                          HPOS="336"
                          CONTENT="tertium"/>
                  <SP HEIGHT="43" WIDTH="15" VPOS="786" HPOS="504"/>
                  <String HEIGHT="43"
                          WIDTH="199"
                          VPOS="786"
                          HPOS="458"
                          CONTENT="dicendum,"/>
                  <SP HEIGHT="43" WIDTH="15" VPOS="786" HPOS="657"/>
                  <String HEIGHT="43"
                          WIDTH="122"
                          VPOS="786"
                          HPOS="611"
                          CONTENT="quod"/>
                  <SP HEIGHT="43" WIDTH="15" VPOS="786" HPOS="733"/>
                  <String HEIGHT="43"
                          WIDTH="122"
                          VPOS="786"
                          HPOS="687"
                          CONTENT="ordo"/>
                  <SP HEIGHT="43" WIDTH="15" VPOS="786" HPOS="809"/>
                  <String HEIGHT="43"
                          WIDTH="138"
                          VPOS="786"
                          HPOS="763"
                          CONTENT="talis"/>
                  <SP HEIGHT="43" WIDTH="15" VPOS="786" HPOS="901"/>
                  <String HEIGHT="43" WIDTH="107" VPOS="786" HPOS="855" CONTENT="est"/>
                  <SP HEIGHT="43" WIDTH="15" VPOS="786" HPOS="962"/>
                  <String HEIGHT="43" WIDTH="92" VPOS="786" HPOS="916" CONTENT="in"/>
                  <SP HEIGHT="43" WIDTH="15" VPOS="786" HPOS="1008"/>
                  <String HEIGHT="43"
                          WIDTH="122"
                          VPOS="786"
                          HPOS="962"
                          CONTENT="actu"/>
                  <SP HEIGHT="43" WIDTH="15" VPOS="786" HPOS="1084"/>
                  <String HEIGHT="43"
                          WIDTH="92"
                          VPOS="786"
                          HPOS="1023"
                          CONTENT="sub"
                          SUBS_TYPE="HypPart1"
                          SUBS_CONTENT="subiectiue,"/>
                  <HYP CONTENT="-"/>
               </TextLine>
               <TextLine ID="r2l16"
                         BASELINE="876"
                         HEIGHT="51"
                         WIDTH="848"
                         VPOS="825"
                         HPOS="264">
                  <String HEIGHT="51"
                          WIDTH="167"
                          VPOS="825"
                          HPOS="250"
                          CONTENT="iectiue,"
                          SUBS_TYPE="HypPart2"
                          SUBS_CONTENT="subiectiue,"/>
                  <SP HEIGHT="51" WIDTH="14" VPOS="825" HPOS="417"/>
                  <String HEIGHT="51" WIDTH="97" VPOS="825" HPOS="375" CONTENT="seu"/>
                  <SP HEIGHT="51" WIDTH="14" VPOS="825" HPOS="473"/>
                  <String HEIGHT="51"
                          WIDTH="167"
                          VPOS="825"
                          HPOS="431"
                          CONTENT="passiue,"/>
                  <SP HEIGHT="51" WIDTH="14" VPOS="825" HPOS="598"/>
                  <String HEIGHT="51" WIDTH="70" VPOS="825" HPOS="556" CONTENT="&amp;"/>
                  <SP HEIGHT="51" WIDTH="14" VPOS="825" HPOS="625"/>
                  <String HEIGHT="51" WIDTH="83" VPOS="825" HPOS="584" CONTENT="in"/>
                  <SP HEIGHT="51" WIDTH="14" VPOS="825" HPOS="667"/>
                  <String HEIGHT="51"
                          WIDTH="139"
                          VPOS="825"
                          HPOS="625"
                          CONTENT="habitu"/>
                  <SP HEIGHT="51" WIDTH="14" VPOS="825" HPOS="764"/>
                  <String HEIGHT="51"
                          WIDTH="181"
                          VPOS="825"
                          HPOS="723"
                          CONTENT="caritatis"/>
                  <SP HEIGHT="51" WIDTH="14" VPOS="825" HPOS="903"/>
                  <String HEIGHT="51"
                          WIDTH="195"
                          VPOS="825"
                          HPOS="862"
                          CONTENT="effectiue."/>
                  <SP HEIGHT="51" WIDTH="14" VPOS="825" HPOS="1056"/>
                  <String HEIGHT="51" WIDTH="83" VPOS="825" HPOS="1015" CONTENT="Ad"/>
                  <SP HEIGHT="51" WIDTH="14" VPOS="825" HPOS="1098"/>
                  <String HEIGHT="51" WIDTH="70" VPOS="825" HPOS="1042" CONTENT="pro"/>
               </TextLine>
               <TextLine ID="r2l17"
                         BASELINE="912"
                         HEIGHT="43"
                         WIDTH="860"
                         VPOS="869"
                         HPOS="257">
                  <String HEIGHT="43"
                          WIDTH="191"
                          VPOS="869"
                          HPOS="241"
                          CONTENT="bationem"/>
                  <SP HEIGHT="43" WIDTH="16" VPOS="869" HPOS="432"/>
                  <String HEIGHT="43"
                          WIDTH="207"
                          VPOS="869"
                          HPOS="384"
                          CONTENT="dicendum,"/>
                  <SP HEIGHT="43" WIDTH="16" VPOS="869" HPOS="591"/>
                  <String HEIGHT="43"
                          WIDTH="127"
                          VPOS="869"
                          HPOS="544"
                          CONTENT="quod"/>
                  <SP HEIGHT="43" WIDTH="16" VPOS="869" HPOS="671"/>
                  <String HEIGHT="43"
                          WIDTH="127"
                          VPOS="869"
                          HPOS="623"
                          CONTENT="ordo"/>
                  <SP HEIGHT="43" WIDTH="16" VPOS="869" HPOS="751"/>
                  <String HEIGHT="43"
                          WIDTH="239"
                          VPOS="869"
                          HPOS="703"
                          CONTENT="causaliter,"/>
                  <SP HEIGHT="43" WIDTH="16" VPOS="869" HPOS="942"/>
                  <String HEIGHT="43" WIDTH="111" VPOS="869" HPOS="894" CONTENT="seu"/>
                  <SP HEIGHT="43" WIDTH="16" VPOS="869" HPOS="1006"/>
                  <String HEIGHT="43"
                          WIDTH="175"
                          VPOS="869"
                          HPOS="942"
                          CONTENT="effectiue"/>
               </TextLine>
               <TextLine ID="r2l18"
                         BASELINE="960"
                         HEIGHT="48"
                         WIDTH="840"
                         VPOS="912"
                         HPOS="266">
                  <String HEIGHT="48"
                          WIDTH="162"
                          VPOS="912"
                          HPOS="250"
                          CONTENT="potest"/>
                  <SP HEIGHT="48" WIDTH="16" VPOS="912" HPOS="411"/>
                  <String HEIGHT="48"
                          WIDTH="129"
                          VPOS="912"
                          HPOS="363"
                          CONTENT="esse"/>
                  <SP HEIGHT="48" WIDTH="16" VPOS="912" HPOS="492"/>
                  <String HEIGHT="48" WIDTH="97" VPOS="912" HPOS="444" CONTENT="in"/>
                  <SP HEIGHT="48" WIDTH="16" VPOS="912" HPOS="541"/>
                  <String HEIGHT="48" WIDTH="113" VPOS="912" HPOS="492" CONTENT="vno"/>
                  <SP HEIGHT="48" WIDTH="16" VPOS="912" HPOS="605"/>
                  <String HEIGHT="48"
                          WIDTH="178"
                          VPOS="912"
                          HPOS="557"
                          CONTENT="tantum:"/>
                  <SP HEIGHT="48" WIDTH="16" VPOS="912" HPOS="734"/>
                  <String HEIGHT="48"
                          WIDTH="129"
                          VPOS="912"
                          HPOS="686"
                          CONTENT="Deus"/>
                  <SP HEIGHT="48" WIDTH="16" VPOS="912" HPOS="815"/>
                  <String HEIGHT="48"
                          WIDTH="129"
                          VPOS="912"
                          HPOS="767"
                          CONTENT="enim"/>
                  <SP HEIGHT="48" WIDTH="16" VPOS="912" HPOS="896"/>
                  <String HEIGHT="48"
                          WIDTH="145"
                          VPOS="912"
                          HPOS="848"
                          CONTENT="omnia"/>
                  <SP HEIGHT="48" WIDTH="16" VPOS="912" HPOS="993"/>
                  <String HEIGHT="48"
                          WIDTH="178"
                          VPOS="912"
                          HPOS="928"
                          CONTENT="ordinauit"/>
               </TextLine>
               <TextLine ID="r2l19"
                         BASELINE="997"
                         HEIGHT="47"
                         WIDTH="855"
                         VPOS="950"
                         HPOS="264">
                  <String HEIGHT="47" WIDTH="78" VPOS="950" HPOS="248" CONTENT="&amp;"/>
                  <SP HEIGHT="47" WIDTH="16" VPOS="950" HPOS="326"/>
                  <String HEIGHT="47"
                          WIDTH="140"
                          VPOS="950"
                          HPOS="280"
                          CONTENT="tamen"/>
                  <SP HEIGHT="47" WIDTH="16" VPOS="950" HPOS="419"/>
                  <String HEIGHT="47"
                          WIDTH="124"
                          VPOS="950"
                          HPOS="373"
                          CONTENT="vnus"/>
                  <SP HEIGHT="47" WIDTH="16" VPOS="950" HPOS="497"/>
                  <String HEIGHT="47"
                          WIDTH="140"
                          VPOS="950"
                          HPOS="451"
                          CONTENT="solus"/>
                  <SP HEIGHT="47" WIDTH="16" VPOS="950" HPOS="590"/>
                  <String HEIGHT="47"
                          WIDTH="124"
                          VPOS="950"
                          HPOS="544"
                          CONTENT="Deus"/>
                  <SP HEIGHT="47" WIDTH="16" VPOS="950" HPOS="668"/>
                  <String HEIGHT="47"
                          WIDTH="124"
                          VPOS="950"
                          HPOS="622"
                          CONTENT="est."/>
                  <SP HEIGHT="47" WIDTH="16" VPOS="950" HPOS="746"/>
                  <String HEIGHT="47"
                          WIDTH="140"
                          VPOS="950"
                          HPOS="699"
                          CONTENT="Etiam"/>
                  <SP HEIGHT="47" WIDTH="16" VPOS="950" HPOS="839"/>
                  <String HEIGHT="47"
                          WIDTH="155"
                          VPOS="950"
                          HPOS="793"
                          CONTENT="quando"/>
                  <SP HEIGHT="47" WIDTH="16" VPOS="950" HPOS="948"/>
                  <String HEIGHT="47"
                          WIDTH="124"
                          VPOS="950"
                          HPOS="901"
                          CONTENT="quis"/>
                  <SP HEIGHT="47" WIDTH="16" VPOS="950" HPOS="1026"/>
                  <String HEIGHT="47"
                          WIDTH="171"
                          VPOS="950"
                          HPOS="979"
                          CONTENT="dormit,"/>
                  <SP HEIGHT="47" WIDTH="16" VPOS="950" HPOS="1150"/>
                  <String HEIGHT="47" WIDTH="31" VPOS="950" HPOS="1088" CONTENT=""/>
               </TextLine>
               <TextLine ID="r2l20"
                         BASELINE="1030"
                         HEIGHT="42"
                         WIDTH="847"
                         VPOS="988"
                         HPOS="267">
                  <String HEIGHT="42"
                          WIDTH="139"
                          VPOS="988"
                          HPOS="252"
                          CONTENT="adhuc"/>
                  <SP HEIGHT="42" WIDTH="15" VPOS="988" HPOS="390"/>
                  <String HEIGHT="42"
                          WIDTH="169"
                          VPOS="988"
                          HPOS="344"
                          CONTENT="caritas"/>
                  <SP HEIGHT="42" WIDTH="15" VPOS="988" HPOS="513"/>
                  <String HEIGHT="42" WIDTH="108" VPOS="988" HPOS="467" CONTENT="sua"/>
                  <SP HEIGHT="42" WIDTH="15" VPOS="988" HPOS="575"/>
                  <String HEIGHT="42"
                          WIDTH="139"
                          VPOS="988"
                          HPOS="529"
                          CONTENT="debet"/>
                  <SP HEIGHT="42" WIDTH="15" VPOS="988" HPOS="667"/>
                  <String HEIGHT="42"
                          WIDTH="123"
                          VPOS="988"
                          HPOS="621"
                          CONTENT="dici"/>
                  <SP HEIGHT="42" WIDTH="15" VPOS="988" HPOS="744"/>
                  <String HEIGHT="42"
                          WIDTH="200"
                          VPOS="988"
                          HPOS="698"
                          CONTENT="ordinata,"/>
                  <SP HEIGHT="42" WIDTH="15" VPOS="988" HPOS="898"/>
                  <String HEIGHT="42" WIDTH="108" VPOS="988" HPOS="852" CONTENT="eo,"/>
                  <SP HEIGHT="42" WIDTH="15" VPOS="988" HPOS="960"/>
                  <String HEIGHT="42"
                          WIDTH="123"
                          VPOS="988"
                          HPOS="914"
                          CONTENT="quod"/>
                  <SP HEIGHT="42" WIDTH="15" VPOS="988" HPOS="1037"/>
                  <String HEIGHT="42"
                          WIDTH="139"
                          VPOS="988"
                          HPOS="975"
                          CONTENT="ordinet"/>
               </TextLine>
               <TextLine ID="r2l21"
                         BASELINE="1076"
                         HEIGHT="48"
                         WIDTH="858"
                         VPOS="1028"
                         HPOS="254">
                  <String HEIGHT="48"
                          WIDTH="133"
                          VPOS="1028"
                          HPOS="239"
                          CONTENT="ipsam"/>
                  <SP HEIGHT="48" WIDTH="15" VPOS="1028" HPOS="372"/>
                  <String HEIGHT="48"
                          WIDTH="222"
                          VPOS="1028"
                          HPOS="328"
                          CONTENT="voluntatem,"/>
                  <SP HEIGHT="48" WIDTH="15" VPOS="1028" HPOS="550"/>
                  <String HEIGHT="48" WIDTH="74" VPOS="1028" HPOS="505" CONTENT="&amp;"/>
                  <SP HEIGHT="48" WIDTH="15" VPOS="1028" HPOS="579"/>
                  <String HEIGHT="48"
                          WIDTH="163"
                          VPOS="1028"
                          HPOS="535"
                          CONTENT="taliter"/>
                  <SP HEIGHT="48" WIDTH="15" VPOS="1028" HPOS="698"/>
                  <String HEIGHT="48"
                          WIDTH="104"
                          VPOS="1028"
                          HPOS="653"
                          CONTENT="eam"/>
                  <SP HEIGHT="48" WIDTH="15" VPOS="1028" HPOS="757"/>
                  <String HEIGHT="48"
                          WIDTH="192"
                          VPOS="1028"
                          HPOS="713"
                          CONTENT="disponit,"/>
                  <SP HEIGHT="48" WIDTH="15" VPOS="1028" HPOS="905"/>
                  <String HEIGHT="48" WIDTH="89" VPOS="1028" HPOS="861" CONTENT="vt"/>
                  <SP HEIGHT="48" WIDTH="15" VPOS="1028" HPOS="949"/>
                  <String HEIGHT="48"
                          WIDTH="148"
                          VPOS="1028"
                          HPOS="905"
                          CONTENT="possit"/>
                  <SP HEIGHT="48" WIDTH="15" VPOS="1028" HPOS="1053"/>
                  <String HEIGHT="48"
                          WIDTH="118"
                          VPOS="1028"
                          HPOS="994"
                          CONTENT="elice"
                          SUBS_TYPE="HypPart1"
                          SUBS_CONTENT="elicere"/>
                  <HYP CONTENT="-"/>
               </TextLine>
               <TextLine ID="r2l22"
                         BASELINE="1107"
                         HEIGHT="45"
                         WIDTH="387"
                         VPOS="1062"
                         HPOS="251">
                  <String HEIGHT="45"
                          WIDTH="129"
                          VPOS="1062"
                          HPOS="230"
                          CONTENT="re"
                          SUBS_TYPE="HypPart2"
                          SUBS_CONTENT="elicere"/>
                  <SP HEIGHT="45" WIDTH="22" VPOS="1062" HPOS="359"/>
                  <String HEIGHT="45"
                          WIDTH="194"
                          VPOS="1062"
                          HPOS="294"
                          CONTENT="actum"/>
                  <SP HEIGHT="45" WIDTH="22" VPOS="1062" HPOS="488"/>
                  <String HEIGHT="45"
                          WIDTH="237"
                          VPOS="1062"
                          HPOS="402"
                          CONTENT="ordinate."/>
               </TextLine>
               <TextLine ID="r2l23"
                         BASELINE="1147"
                         HEIGHT="44"
                         WIDTH="620"
                         VPOS="1103"
                         HPOS="300">
                  <String HEIGHT="44"
                          WIDTH="133"
                          VPOS="1103"
                          HPOS="285"
                          CONTENT="Circa"/>
                  <SP HEIGHT="44" WIDTH="15" VPOS="1103" HPOS="418"/>
                  <String HEIGHT="44"
                          WIDTH="192"
                          VPOS="1103"
                          HPOS="374"
                          CONTENT="praedicta"/>
                  <SP HEIGHT="44" WIDTH="15" VPOS="1103" HPOS="566"/>
                  <String HEIGHT="44"
                          WIDTH="162"
                          VPOS="1103"
                          HPOS="521"
                          CONTENT="possunt"/>
                  <SP HEIGHT="44" WIDTH="15" VPOS="1103" HPOS="684"/>
                  <String HEIGHT="44"
                          WIDTH="148"
                          VPOS="1103"
                          HPOS="640"
                          CONTENT="moueri"/>
                  <SP HEIGHT="44" WIDTH="15" VPOS="1103" HPOS="787"/>
                  <String HEIGHT="44"
                          WIDTH="118"
                          VPOS="1103"
                          HPOS="743"
                          CONTENT="tres"/>
                  <SP HEIGHT="44" WIDTH="15" VPOS="1103" HPOS="861"/>
                  <String HEIGHT="44"
                          WIDTH="118"
                          VPOS="1103"
                          HPOS="802"
                          CONTENT="casus."/>
               </TextLine>
               <TextLine ID="r2l24"
                         BASELINE="1189"
                         HEIGHT="48"
                         WIDTH="805"
                         VPOS="1141"
                         HPOS="299">
                  <String HEIGHT="48"
                          WIDTH="155"
                          VPOS="1141"
                          HPOS="284"
                          CONTENT="Primus"/>
                  <SP HEIGHT="48" WIDTH="15" VPOS="1141" HPOS="438"/>
                  <String HEIGHT="48"
                          WIDTH="108"
                          VPOS="1141"
                          HPOS="392"
                          CONTENT="est"/>
                  <SP HEIGHT="48" WIDTH="15" VPOS="1141" HPOS="500"/>
                  <String HEIGHT="48"
                          WIDTH="108"
                          VPOS="1141"
                          HPOS="454"
                          CONTENT="cum"/>
                  <SP HEIGHT="48" WIDTH="15" VPOS="1141" HPOS="562"/>
                  <String HEIGHT="48"
                          WIDTH="186"
                          VPOS="1141"
                          HPOS="516"
                          CONTENT="dicitur."/>
                  <SP HEIGHT="48" WIDTH="15" VPOS="1141" HPOS="702"/>
                  <String HEIGHT="48"
                          WIDTH="170"
                          VPOS="1141"
                          HPOS="655"
                          CONTENT="Diligas"/>
                  <SP HEIGHT="48" WIDTH="15" VPOS="1141" HPOS="825"/>
                  <String HEIGHT="48"
                          WIDTH="186"
                          VPOS="1141"
                          HPOS="779"
                          CONTENT="proximum"/>
                  <SP HEIGHT="48" WIDTH="15" VPOS="1141" HPOS="965"/>
                  <String HEIGHT="48"
                          WIDTH="139"
                          VPOS="1141"
                          HPOS="918"
                          CONTENT="tuum,"/>
                  <SP HEIGHT="48" WIDTH="15" VPOS="1141" HPOS="1058"/>
                  <String HEIGHT="48"
                          WIDTH="108"
                          VPOS="1141"
                          HPOS="996"
                          CONTENT="sicu"
                          SUBS_TYPE="HypPart1"
                          SUBS_CONTENT="sicuteipsum,"/>
                  <HYP CONTENT="-"/>
               </TextLine>
               <TextLine ID="r2l25"
                         BASELINE="1226"
                         HEIGHT="42"
                         WIDTH="843"
                         VPOS="1184"
                         HPOS="260">
                  <String HEIGHT="42"
                          WIDTH="171"
                          VPOS="1184"
                          HPOS="246"
                          CONTENT="teipsum,"
                          SUBS_TYPE="HypPart2"
                          SUBS_CONTENT="sicuteipsum,"/>
                  <SP HEIGHT="42" WIDTH="14" VPOS="1184" HPOS="417"/>
                  <String HEIGHT="42" WIDTH="86" VPOS="1184" HPOS="374" CONTENT="an"/>
                  <SP HEIGHT="42" WIDTH="14" VPOS="1184" HPOS="460"/>
                  <String HEIGHT="42" WIDTH="86" VPOS="1184" HPOS="417" CONTENT="Iy"/>
                  <SP HEIGHT="42" WIDTH="14" VPOS="1184" HPOS="503"/>
                  <String HEIGHT="42"
                          WIDTH="129"
                          VPOS="1184"
                          HPOS="460"
                          CONTENT="sicut"/>
                  <SP HEIGHT="42" WIDTH="14" VPOS="1184" HPOS="589"/>
                  <String HEIGHT="42"
                          WIDTH="100"
                          VPOS="1184"
                          HPOS="546"
                          CONTENT="sit"/>
                  <SP HEIGHT="42" WIDTH="14" VPOS="1184" HPOS="646"/>
                  <String HEIGHT="42"
                          WIDTH="114"
                          VPOS="1184"
                          HPOS="603"
                          CONTENT="nota"/>
                  <SP HEIGHT="42" WIDTH="14" VPOS="1184" HPOS="717"/>
                  <String HEIGHT="42"
                          WIDTH="243"
                          VPOS="1184"
                          HPOS="674"
                          CONTENT="aequalitatis,"/>
                  <SP HEIGHT="42" WIDTH="14" VPOS="1184" HPOS="917"/>
                  <String HEIGHT="42"
                          WIDTH="129"
                          VPOS="1184"
                          HPOS="874"
                          CONTENT="puta,"/>
                  <SP HEIGHT="42" WIDTH="14" VPOS="1184" HPOS="1003"/>
                  <String HEIGHT="42"
                          WIDTH="114"
                          VPOS="1184"
                          HPOS="960"
                          CONTENT="quod"/>
                  <SP HEIGHT="42" WIDTH="14" VPOS="1184" HPOS="1074"/>
                  <String HEIGHT="42"
                          WIDTH="86"
                          VPOS="1184"
                          HPOS="1017"
                          CONTENT="tan"
                          SUBS_TYPE="HypPart1"
                          SUBS_CONTENT="tantum"/>
                  <HYP CONTENT="-"/>
               </TextLine>
               <TextLine ID="r2l26"
                         BASELINE="1275"
                         HEIGHT="53"
                         WIDTH="845"
                         VPOS="1222"
                         HPOS="254">
                  <String HEIGHT="53"
                          WIDTH="114"
                          VPOS="1222"
                          HPOS="238"
                          CONTENT="tum"
                          SUBS_TYPE="HypPart2"
                          SUBS_CONTENT="tantum"/>
                  <SP HEIGHT="53" WIDTH="16" VPOS="1222" HPOS="352"/>
                  <String HEIGHT="53"
                          WIDTH="195"
                          VPOS="1222"
                          HPOS="303"
                          CONTENT="teneatur"/>
                  <SP HEIGHT="53" WIDTH="16" VPOS="1222" HPOS="498"/>
                  <String HEIGHT="53"
                          WIDTH="130"
                          VPOS="1222"
                          HPOS="449"
                          CONTENT="quis"/>
                  <SP HEIGHT="53" WIDTH="16" VPOS="1222" HPOS="579"/>
                  <String HEIGHT="53"
                          WIDTH="195"
                          VPOS="1222"
                          HPOS="530"
                          CONTENT="diligere"/>
                  <SP HEIGHT="53" WIDTH="16" VPOS="1222" HPOS="725"/>
                  <String HEIGHT="53"
                          WIDTH="211"
                          VPOS="1222"
                          HPOS="677"
                          CONTENT="proximum,"/>
                  <SP HEIGHT="53" WIDTH="16" VPOS="1222" HPOS="888"/>
                  <String HEIGHT="53"
                          WIDTH="179"
                          VPOS="1222"
                          HPOS="839"
                          CONTENT="quantum"/>
                  <SP HEIGHT="53" WIDTH="16" VPOS="1222" HPOS="1018"/>
                  <String HEIGHT="53"
                          WIDTH="146"
                          VPOS="1222"
                          HPOS="953"
                          CONTENT="diligi"/>
               </TextLine>
               <TextLine ID="r2l27"
                         BASELINE="1311"
                         HEIGHT="58"
                         WIDTH="128"
                         VPOS="1253"
                         HPOS="256">
                  <String HEIGHT="58"
                          WIDTH="160"
                          VPOS="1253"
                          HPOS="224"
                          CONTENT="seipsum."/>
               </TextLine>
               <TextLine ID="r2l28"
                         BASELINE="1339"
                         HEIGHT="45"
                         WIDTH="803"
                         VPOS="1294"
                         HPOS="303">
                  <String HEIGHT="45"
                          WIDTH="208"
                          VPOS="1294"
                          HPOS="288"
                          CONTENT="Respondeo,"/>
                  <SP HEIGHT="45" WIDTH="15" VPOS="1294" HPOS="496"/>
                  <String HEIGHT="45"
                          WIDTH="119"
                          VPOS="1294"
                          HPOS="452"
                          CONTENT="quod"/>
                  <SP HEIGHT="45" WIDTH="15" VPOS="1294" HPOS="571"/>
                  <String HEIGHT="45"
                          WIDTH="104"
                          VPOS="1294"
                          HPOS="526"
                          CONTENT="non"/>
                  <SP HEIGHT="45" WIDTH="15" VPOS="1294" HPOS="630"/>
                  <String HEIGHT="45"
                          WIDTH="104"
                          VPOS="1294"
                          HPOS="586"
                          CONTENT="est"/>
                  <SP HEIGHT="45" WIDTH="15" VPOS="1294" HPOS="690"/>
                  <String HEIGHT="45"
                          WIDTH="119"
                          VPOS="1294"
                          HPOS="645"
                          CONTENT="nota"/>
                  <SP HEIGHT="45" WIDTH="15" VPOS="1294" HPOS="764"/>
                  <String HEIGHT="45"
                          WIDTH="253"
                          VPOS="1294"
                          HPOS="719"
                          CONTENT="aequalitatis:"/>
                  <SP HEIGHT="45" WIDTH="15" VPOS="1294" HPOS="972"/>
                  <String HEIGHT="45"
                          WIDTH="104"
                          VPOS="1294"
                          HPOS="928"
                          CONTENT="sed"/>
                  <SP HEIGHT="45" WIDTH="15" VPOS="1294" HPOS="1032"/>
                  <String HEIGHT="45"
                          WIDTH="134"
                          VPOS="1294"
                          HPOS="972"
                          CONTENT="simili"
                          SUBS_TYPE="HypPart1"
                          SUBS_CONTENT="similitudinis,"/>
                  <HYP CONTENT="-"/>
               </TextLine>
               <TextLine ID="r2l29"
                         BASELINE="1385"
                         HEIGHT="55"
                         WIDTH="857"
                         VPOS="1330"
                         HPOS="254">
                  <String HEIGHT="55"
                          WIDTH="187"
                          VPOS="1330"
                          HPOS="238"
                          CONTENT="tudinis,"
                          SUBS_TYPE="HypPart2"
                          SUBS_CONTENT="similitudinis,"/>
                  <SP HEIGHT="55" WIDTH="16" VPOS="1330" HPOS="425"/>
                  <String HEIGHT="55"
                          WIDTH="156"
                          VPOS="1330"
                          HPOS="379"
                          CONTENT="maxime"/>
                  <SP HEIGHT="55" WIDTH="16" VPOS="1330" HPOS="534"/>
                  <String HEIGHT="55" WIDTH="93" VPOS="1330" HPOS="488" CONTENT="si"/>
                  <SP HEIGHT="55" WIDTH="16" VPOS="1330" HPOS="581"/>
                  <String HEIGHT="55"
                          WIDTH="203"
                          VPOS="1330"
                          HPOS="534"
                          CONTENT="huiusmodi"/>
                  <SP HEIGHT="55" WIDTH="16" VPOS="1330" HPOS="737"/>
                  <String HEIGHT="55"
                          WIDTH="187"
                          VPOS="1330"
                          HPOS="690"
                          CONTENT="dilectio"/>
                  <SP HEIGHT="55" WIDTH="16" VPOS="1330" HPOS="877"/>
                  <String HEIGHT="55"
                          WIDTH="109"
                          VPOS="1330"
                          HPOS="831"
                          CONTENT="est"/>
                  <SP HEIGHT="55" WIDTH="16" VPOS="1330" HPOS="940"/>
                  <String HEIGHT="55"
                          WIDTH="187"
                          VPOS="1330"
                          HPOS="893"
                          CONTENT="respectu"/>
                  <SP HEIGHT="55" WIDTH="16" VPOS="1330" HPOS="1080"/>
                  <String HEIGHT="55"
                          WIDTH="93"
                          VPOS="1330"
                          HPOS="1018"
                          CONTENT="boni"/>
               </TextLine>
               <TextLine ID="r2l30"
                         BASELINE="1428"
                         HEIGHT="46"
                         WIDTH="839"
                         VPOS="1382"
                         HPOS="267">
                  <String HEIGHT="46"
                          WIDTH="159"
                          VPOS="1382"
                          HPOS="253"
                          CONTENT="eterni,"/>
                  <SP HEIGHT="46" WIDTH="14" VPOS="1382" HPOS="412"/>
                  <String HEIGHT="46"
                          WIDTH="101"
                          VPOS="1382"
                          HPOS="368"
                          CONTENT="vel"/>
                  <SP HEIGHT="46" WIDTH="14" VPOS="1382" HPOS="470"/>
                  <String HEIGHT="46"
                          WIDTH="116"
                          VPOS="1382"
                          HPOS="426"
                          CONTENT="boni"/>
                  <SP HEIGHT="46" WIDTH="14" VPOS="1382" HPOS="542"/>
                  <String HEIGHT="46"
                          WIDTH="159"
                          VPOS="1382"
                          HPOS="498"
                          CONTENT="hominis"/>
                  <SP HEIGHT="46" WIDTH="14" VPOS="1382" HPOS="658"/>
                  <String HEIGHT="46"
                          WIDTH="203"
                          VPOS="1382"
                          HPOS="614"
                          CONTENT="interioris"/>
                  <SP HEIGHT="46" WIDTH="14" VPOS="1382" HPOS="817"/>
                  <String HEIGHT="46" WIDTH="72" VPOS="1382" HPOS="773" CONTENT=":"/>
                  <SP HEIGHT="46" WIDTH="14" VPOS="1382" HPOS="846"/>
                  <String HEIGHT="46"
                          WIDTH="174"
                          VPOS="1382"
                          HPOS="802"
                          CONTENT="respectu"/>
                  <SP HEIGHT="46" WIDTH="14" VPOS="1382" HPOS="976"/>
                  <String HEIGHT="46"
                          WIDTH="116"
                          VPOS="1382"
                          HPOS="932"
                          CONTENT="enim"/>
                  <SP HEIGHT="46" WIDTH="14" VPOS="1382" HPOS="1048"/>
                  <String HEIGHT="46"
                          WIDTH="116"
                          VPOS="1382"
                          HPOS="990"
                          CONTENT="talium"/>
               </TextLine>
               <TextLine ID="r2l31"
                         BASELINE="1466"
                         HEIGHT="47"
                         WIDTH="836"
                         VPOS="1419"
                         HPOS="262">
                  <String HEIGHT="47"
                          WIDTH="197"
                          VPOS="1419"
                          HPOS="246"
                          CONTENT="bonorum,"/>
                  <SP HEIGHT="47" WIDTH="16" VPOS="1419" HPOS="442"/>
                  <String HEIGHT="47"
                          WIDTH="180"
                          VPOS="1419"
                          HPOS="393"
                          CONTENT="quamuis"/>
                  <SP HEIGHT="47" WIDTH="16" VPOS="1419" HPOS="573"/>
                  <String HEIGHT="47"
                          WIDTH="115"
                          VPOS="1419"
                          HPOS="524"
                          CONTENT="non"/>
                  <SP HEIGHT="47" WIDTH="16" VPOS="1419" HPOS="639"/>
                  <String HEIGHT="47"
                          WIDTH="197"
                          VPOS="1419"
                          HPOS="590"
                          CONTENT="debeamus"/>
                  <SP HEIGHT="47" WIDTH="16" VPOS="1419" HPOS="787"/>
                  <String HEIGHT="47"
                          WIDTH="115"
                          VPOS="1419"
                          HPOS="737"
                          CONTENT="ita"/>
                  <SP HEIGHT="47" WIDTH="16" VPOS="1419" HPOS="852"/>
                  <String HEIGHT="47"
                          WIDTH="180"
                          VPOS="1419"
                          HPOS="803"
                          CONTENT="priuate"/>
                  <SP HEIGHT="47" WIDTH="16" VPOS="1419" HPOS="983"/>
                  <String HEIGHT="47"
                          WIDTH="115"
                          VPOS="1419"
                          HPOS="934"
                          CONTENT="nos"/>
                  <SP HEIGHT="47" WIDTH="16" VPOS="1419" HPOS="1049"/>
                  <String HEIGHT="47"
                          WIDTH="115"
                          VPOS="1419"
                          HPOS="983"
                          CONTENT="dili"
                          SUBS_TYPE="HypPart1"
                          SUBS_CONTENT="diligere,"/>
                  <HYP CONTENT="-"/>
               </TextLine>
               <TextLine ID="r2l32"
                         BASELINE="1511"
                         HEIGHT="50"
                         WIDTH="851"
                         VPOS="1461"
                         HPOS="249">
                  <String HEIGHT="50"
                          WIDTH="139"
                          VPOS="1461"
                          HPOS="234"
                          CONTENT="gere,"
                          SUBS_TYPE="HypPart2"
                          SUBS_CONTENT="diligere,"/>
                  <SP HEIGHT="50" WIDTH="15" VPOS="1461" HPOS="373"/>
                  <String HEIGHT="50" WIDTH="93" VPOS="1461" HPOS="326" CONTENT="vt"/>
                  <SP HEIGHT="50" WIDTH="15" VPOS="1461" HPOS="419"/>
                  <String HEIGHT="50"
                          WIDTH="139"
                          VPOS="1461"
                          HPOS="373"
                          CONTENT="alios"/>
                  <SP HEIGHT="50" WIDTH="15" VPOS="1461" HPOS="512"/>
                  <String HEIGHT="50"
                          WIDTH="232"
                          VPOS="1461"
                          HPOS="466"
                          CONTENT="excludamus:"/>
                  <SP HEIGHT="50" WIDTH="15" VPOS="1461" HPOS="698"/>
                  <String HEIGHT="50"
                          WIDTH="139"
                          VPOS="1461"
                          HPOS="651"
                          CONTENT="tamen"/>
                  <SP HEIGHT="50" WIDTH="15" VPOS="1461" HPOS="791"/>
                  <String HEIGHT="50"
                          WIDTH="139"
                          VPOS="1461"
                          HPOS="744"
                          CONTENT="saluo"/>
                  <SP HEIGHT="50" WIDTH="15" VPOS="1461" HPOS="883"/>
                  <String HEIGHT="50"
                          WIDTH="155"
                          VPOS="1461"
                          HPOS="837"
                          CONTENT="ordine"/>
                  <SP HEIGHT="50" WIDTH="15" VPOS="1461" HPOS="992"/>
                  <String HEIGHT="50"
                          WIDTH="170"
                          VPOS="1461"
                          HPOS="930"
                          CONTENT="caritatis"/>
               </TextLine>
               <TextLine ID="r2l33"
                         BASELINE="1547"
                         HEIGHT="47"
                         WIDTH="848"
                         VPOS="1500"
                         HPOS="249">
                  <String HEIGHT="47"
                          WIDTH="108"
                          VPOS="1500"
                          HPOS="234"
                          CONTENT="nos"/>
                  <SP HEIGHT="47" WIDTH="15" VPOS="1500" HPOS="342"/>
                  <String HEIGHT="47"
                          WIDTH="139"
                          VPOS="1500"
                          HPOS="295"
                          CONTENT="ipsos"/>
                  <SP HEIGHT="47" WIDTH="15" VPOS="1500" HPOS="434"/>
                  <String HEIGHT="47"
                          WIDTH="170"
                          VPOS="1500"
                          HPOS="388"
                          CONTENT="debemus"/>
                  <SP HEIGHT="47" WIDTH="15" VPOS="1500" HPOS="557"/>
                  <String HEIGHT="47"
                          WIDTH="262"
                          VPOS="1500"
                          HPOS="511"
                          CONTENT="principaliter"/>
                  <SP HEIGHT="47" WIDTH="15" VPOS="1500" HPOS="773"/>
                  <String HEIGHT="47"
                          WIDTH="200"
                          VPOS="1500"
                          HPOS="727"
                          CONTENT="diligere,"/>
                  <SP HEIGHT="47" WIDTH="15" VPOS="1500" HPOS="927"/>
                  <String HEIGHT="47" WIDTH="77" VPOS="1500" HPOS="881" CONTENT="&amp;"/>
                  <SP HEIGHT="47" WIDTH="15" VPOS="1500" HPOS="958"/>
                  <String HEIGHT="47"
                          WIDTH="154"
                          VPOS="1500"
                          HPOS="912"
                          CONTENT="deinde"/>
                  <SP HEIGHT="47" WIDTH="15" VPOS="1500" HPOS="1066"/>
                  <String HEIGHT="47"
                          WIDTH="93"
                          VPOS="1500"
                          HPOS="1004"
                          CONTENT="pro"
                          SUBS_TYPE="HypPart1"
                          SUBS_CONTENT="proximos."/>
                  <HYP CONTENT="-"/>
               </TextLine>
               <TextLine ID="r2l34"
                         BASELINE="1582"
                         HEIGHT="48"
                         WIDTH="845"
                         VPOS="1534"
                         HPOS="255">
                  <String HEIGHT="48"
                          WIDTH="146"
                          VPOS="1534"
                          HPOS="240"
                          CONTENT="ximos."
                          SUBS_TYPE="HypPart2"
                          SUBS_CONTENT="proximos."/>
                  <SP HEIGHT="48" WIDTH="15" VPOS="1534" HPOS="386"/>
                  <String HEIGHT="48" WIDTH="87" VPOS="1534" HPOS="342" CONTENT="Si"/>
                  <SP HEIGHT="48" WIDTH="15" VPOS="1534" HPOS="430"/>
                  <String HEIGHT="48"
                          WIDTH="131"
                          VPOS="1534"
                          HPOS="386"
                          CONTENT="autem"/>
                  <SP HEIGHT="48" WIDTH="15" VPOS="1534" HPOS="517"/>
                  <String HEIGHT="48"
                          WIDTH="131"
                          VPOS="1534"
                          HPOS="474"
                          CONTENT="talis"/>
                  <SP HEIGHT="48" WIDTH="15" VPOS="1534" HPOS="605"/>
                  <String HEIGHT="48"
                          WIDTH="175"
                          VPOS="1534"
                          HPOS="561"
                          CONTENT="dilectio"/>
                  <SP HEIGHT="48" WIDTH="15" VPOS="1534" HPOS="736"/>
                  <String HEIGHT="48"
                          WIDTH="102"
                          VPOS="1534"
                          HPOS="692"
                          CONTENT="est"/>
                  <SP HEIGHT="48" WIDTH="15" VPOS="1534" HPOS="794"/>
                  <String HEIGHT="48"
                          WIDTH="175"
                          VPOS="1534"
                          HPOS="750"
                          CONTENT="respectu"/>
                  <SP HEIGHT="48" WIDTH="15" VPOS="1534" HPOS="925"/>
                  <String HEIGHT="48"
                          WIDTH="117"
                          VPOS="1534"
                          HPOS="881"
                          CONTENT="boni"/>
                  <SP HEIGHT="48" WIDTH="15" VPOS="1534" HPOS="998"/>
                  <String HEIGHT="48"
                          WIDTH="160"
                          VPOS="1534"
                          HPOS="940"
                          CONTENT="teporalis"/>
               </TextLine>
               <TextLine ID="r2l35"
                         BASELINE="1628"
                         HEIGHT="51"
                         WIDTH="850"
                         VPOS="1577"
                         HPOS="250">
                  <String HEIGHT="51"
                          WIDTH="225"
                          VPOS="1577"
                          HPOS="234"
                          CONTENT="spectantis"/>
                  <SP HEIGHT="51" WIDTH="16" VPOS="1577" HPOS="458"/>
                  <String HEIGHT="51" WIDTH="96" VPOS="1577" HPOS="410" CONTENT="ad"/>
                  <SP HEIGHT="51" WIDTH="16" VPOS="1577" HPOS="507"/>
                  <String HEIGHT="51"
                          WIDTH="144"
                          VPOS="1577"
                          HPOS="458"
                          CONTENT="bonum"/>
                  <SP HEIGHT="51" WIDTH="16" VPOS="1577" HPOS="603"/>
                  <String HEIGHT="51"
                          WIDTH="176"
                          VPOS="1577"
                          HPOS="555"
                          CONTENT="hominis"/>
                  <SP HEIGHT="51" WIDTH="16" VPOS="1577" HPOS="731"/>
                  <String HEIGHT="51"
                          WIDTH="241"
                          VPOS="1577"
                          HPOS="683"
                          CONTENT="exterioris,"/>
                  <SP HEIGHT="51" WIDTH="16" VPOS="1577" HPOS="924"/>
                  <String HEIGHT="51"
                          WIDTH="128"
                          VPOS="1577"
                          HPOS="875"
                          CONTENT="siue"/>
                  <SP HEIGHT="51" WIDTH="16" VPOS="1577" HPOS="1004"/>
                  <String HEIGHT="51" WIDTH="96" VPOS="1577" HPOS="956" CONTENT="ad"/>
                  <SP HEIGHT="51" WIDTH="16" VPOS="1577" HPOS="1052"/>
                  <String HEIGHT="51"
                          WIDTH="112"
                          VPOS="1577"
                          HPOS="988"
                          CONTENT="homi"
                          SUBS_TYPE="HypPart1"
                          SUBS_CONTENT="hominem"/>
                  <HYP CONTENT="-"/>
               </TextLine>
               <TextLine ID="r2l36"
                         BASELINE="1663"
                         HEIGHT="50"
                         WIDTH="856"
                         VPOS="1613"
                         HPOS="253">
                  <String HEIGHT="50"
                          WIDTH="117"
                          VPOS="1613"
                          HPOS="236"
                          CONTENT="nem"
                          SUBS_TYPE="HypPart2"
                          SUBS_CONTENT="hominem"/>
                  <SP HEIGHT="50" WIDTH="17" VPOS="1613" HPOS="354"/>
                  <String HEIGHT="50"
                          WIDTH="252"
                          VPOS="1613"
                          HPOS="303"
                          CONTENT="exteriorem:"/>
                  <SP HEIGHT="50" WIDTH="17" VPOS="1613" HPOS="555"/>
                  <String HEIGHT="50"
                          WIDTH="117"
                          VPOS="1613"
                          HPOS="505"
                          CONTENT="ita"/>
                  <SP HEIGHT="50" WIDTH="17" VPOS="1613" HPOS="622"/>
                  <String HEIGHT="50"
                          WIDTH="168"
                          VPOS="1613"
                          HPOS="572"
                          CONTENT="tamen,"/>
                  <SP HEIGHT="50" WIDTH="17" VPOS="1613" HPOS="740"/>
                  <String HEIGHT="50"
                          WIDTH="134"
                          VPOS="1613"
                          HPOS="689"
                          CONTENT="quod"/>
                  <SP HEIGHT="50" WIDTH="17" VPOS="1613" HPOS="824"/>
                  <String HEIGHT="50"
                          WIDTH="151"
                          VPOS="1613"
                          HPOS="773"
                          CONTENT="bonum"/>
                  <SP HEIGHT="50" WIDTH="17" VPOS="1613" HPOS="924"/>
                  <String HEIGHT="50"
                          WIDTH="185"
                          VPOS="1613"
                          HPOS="874"
                          CONTENT="hominis"/>
                  <SP HEIGHT="50" WIDTH="17" VPOS="1613" HPOS="1059"/>
                  <String HEIGHT="50"
                          WIDTH="117"
                          VPOS="1613"
                          HPOS="992"
                          CONTENT="inte"
                          SUBS_TYPE="HypPart1"
                          SUBS_CONTENT="interioris"/>
                  <HYP CONTENT="-"/>
               </TextLine>
               <TextLine ID="r2l37"
                         BASELINE="1697"
                         HEIGHT="45"
                         WIDTH="861"
                         VPOS="1652"
                         HPOS="248">
                  <String HEIGHT="45"
                          WIDTH="157"
                          VPOS="1652"
                          HPOS="232"
                          CONTENT="rioris"
                          SUBS_TYPE="HypPart2"
                          SUBS_CONTENT="interioris"/>
                  <SP HEIGHT="45" WIDTH="16" VPOS="1652" HPOS="389"/>
                  <String HEIGHT="45" WIDTH="94" VPOS="1652" HPOS="342" CONTENT="ex"/>
                  <SP HEIGHT="45" WIDTH="16" VPOS="1652" HPOS="436"/>
                  <String HEIGHT="45"
                          WIDTH="188"
                          VPOS="1652"
                          HPOS="389"
                          CONTENT="carentia"/>
                  <SP HEIGHT="45" WIDTH="16" VPOS="1652" HPOS="577"/>
                  <String HEIGHT="45"
                          WIDTH="157"
                          VPOS="1652"
                          HPOS="530"
                          CONTENT="illius"/>
                  <SP HEIGHT="45" WIDTH="16" VPOS="1652" HPOS="686"/>
                  <String HEIGHT="45"
                          WIDTH="219"
                          VPOS="1652"
                          HPOS="639"
                          CONTENT="temporalis"/>
                  <SP HEIGHT="45" WIDTH="16" VPOS="1652" HPOS="859"/>
                  <String HEIGHT="45"
                          WIDTH="125"
                          VPOS="1652"
                          HPOS="812"
                          CONTENT="boni"/>
                  <SP HEIGHT="45" WIDTH="16" VPOS="1652" HPOS="937"/>
                  <String HEIGHT="45"
                          WIDTH="110"
                          VPOS="1652"
                          HPOS="890"
                          CONTENT="non"/>
                  <SP HEIGHT="45" WIDTH="16" VPOS="1652" HPOS="999"/>
                  <String HEIGHT="45"
                          WIDTH="172"
                          VPOS="1652"
                          HPOS="937"
                          CONTENT="minuitur:"/>
               </TextLine>
               <TextLine ID="r2l38"
                         BASELINE="1733"
                         HEIGHT="40"
                         WIDTH="848"
                         VPOS="1693"
                         HPOS="259">
                  <String HEIGHT="40"
                          WIDTH="104"
                          VPOS="1693"
                          HPOS="244"
                          CONTENT="sed"/>
                  <SP HEIGHT="40" WIDTH="15" VPOS="1693" HPOS="348"/>
                  <String HEIGHT="40"
                          WIDTH="149"
                          VPOS="1693"
                          HPOS="304"
                          CONTENT="potius"/>
                  <SP HEIGHT="40" WIDTH="15" VPOS="1693" HPOS="452"/>
                  <String HEIGHT="40"
                          WIDTH="179"
                          VPOS="1693"
                          HPOS="408"
                          CONTENT="augetur,"/>
                  <SP HEIGHT="40" WIDTH="15" VPOS="1693" HPOS="586"/>
                  <String HEIGHT="40"
                          WIDTH="119"
                          VPOS="1693"
                          HPOS="542"
                          CONTENT="tunc"/>
                  <SP HEIGHT="40" WIDTH="15" VPOS="1693" HPOS="661"/>
                  <String HEIGHT="40"
                          WIDTH="238"
                          VPOS="1693"
                          HPOS="616"
                          CONTENT="perfectionis"/>
                  <SP HEIGHT="40" WIDTH="15" VPOS="1693" HPOS="854"/>
                  <String HEIGHT="40"
                          WIDTH="104"
                          VPOS="1693"
                          HPOS="809"
                          CONTENT="est"/>
                  <SP HEIGHT="40" WIDTH="15" VPOS="1693" HPOS="914"/>
                  <String HEIGHT="40"
                          WIDTH="104"
                          VPOS="1693"
                          HPOS="869"
                          CONTENT="non"/>
                  <SP HEIGHT="40" WIDTH="15" VPOS="1693" HPOS="973"/>
                  <String HEIGHT="40"
                          WIDTH="134"
                          VPOS="1693"
                          HPOS="928"
                          CONTENT="solum"/>
                  <SP HEIGHT="40" WIDTH="15" VPOS="1693" HPOS="1062"/>
                  <String HEIGHT="40"
                          WIDTH="104"
                          VPOS="1693"
                          HPOS="1003"
                          CONTENT="aequa"/>
               </TextLine>
               <TextLine ID="r2l39"
                         BASELINE="1774"
                         HEIGHT="43"
                         WIDTH="848"
                         VPOS="1731"
                         HPOS="262">
                  <String HEIGHT="43"
                          WIDTH="126"
                          VPOS="1731"
                          HPOS="246"
                          CONTENT="iter"/>
                  <SP HEIGHT="43" WIDTH="16" VPOS="1731" HPOS="372"/>
                  <String HEIGHT="43"
                          WIDTH="188"
                          VPOS="1731"
                          HPOS="325"
                          CONTENT="diligere"/>
                  <SP HEIGHT="43" WIDTH="16" VPOS="1731" HPOS="513"/>
                  <String HEIGHT="43"
                          WIDTH="204"
                          VPOS="1731"
                          HPOS="466"
                          CONTENT="proximum,"/>
                  <SP HEIGHT="43" WIDTH="16" VPOS="1731" HPOS="670"/>
                  <String HEIGHT="43"
                          WIDTH="141"
                          VPOS="1731"
                          HPOS="623"
                          CONTENT="ficut"/>
                  <SP HEIGHT="43" WIDTH="16" VPOS="1731" HPOS="765"/>
                  <String HEIGHT="43"
                          WIDTH="188"
                          VPOS="1731"
                          HPOS="717"
                          CONTENT="seipsum:"/>
                  <SP HEIGHT="43" WIDTH="16" VPOS="1731" HPOS="906"/>
                  <String HEIGHT="43"
                          WIDTH="220"
                          VPOS="1731"
                          HPOS="859"
                          CONTENT="verumetiam"/>
                  <SP HEIGHT="43" WIDTH="16" VPOS="1731" HPOS="1079"/>
                  <String HEIGHT="43"
                          WIDTH="94"
                          VPOS="1731"
                          HPOS="1016"
                          CONTENT="plus"/>
               </TextLine>
               <TextLine ID="r2l40"
                         BASELINE="1817"
                         HEIGHT="47"
                         WIDTH="833"
                         VPOS="1770"
                         HPOS="261">
                  <String HEIGHT="47" WIDTH="79" VPOS="1770" HPOS="245" CONTENT="&amp;"/>
                  <SP HEIGHT="47" WIDTH="16" VPOS="1770" HPOS="324"/>
                  <String HEIGHT="47"
                          WIDTH="236"
                          VPOS="1770"
                          HPOS="277"
                          CONTENT="abundantius"/>
                  <SP HEIGHT="47" WIDTH="16" VPOS="1770" HPOS="512"/>
                  <String HEIGHT="47"
                          WIDTH="204"
                          VPOS="1770"
                          HPOS="465"
                          CONTENT="diligere,"/>
                  <SP HEIGHT="47" WIDTH="16" VPOS="1770" HPOS="670"/>
                  <String HEIGHT="47" WIDTH="94" VPOS="1770" HPOS="622" CONTENT="eo"/>
                  <SP HEIGHT="47" WIDTH="16" VPOS="1770" HPOS="717"/>
                  <String HEIGHT="47"
                          WIDTH="126"
                          VPOS="1770"
                          HPOS="670"
                          CONTENT="quod"/>
                  <SP HEIGHT="47" WIDTH="16" VPOS="1770" HPOS="795"/>
                  <String HEIGHT="47"
                          WIDTH="126"
                          VPOS="1770"
                          HPOS="748"
                          CONTENT="bono"/>
                  <SP HEIGHT="47" WIDTH="16" VPOS="1770" HPOS="874"/>
                  <String HEIGHT="47"
                          WIDTH="220"
                          VPOS="1770"
                          HPOS="827"
                          CONTENT="interioris"/>
                  <SP HEIGHT="47" WIDTH="16" VPOS="1770" HPOS="1047"/>
                  <String HEIGHT="47"
                          WIDTH="110"
                          VPOS="1770"
                          HPOS="984"
                          CONTENT="homi"
                          SUBS_TYPE="HypPart1"
                          SUBS_CONTENT="hominis"/>
                  <HYP CONTENT="-"/>
               </TextLine>
               <TextLine ID="r2l41"
                         BASELINE="1854"
                         HEIGHT="45"
                         WIDTH="847"
                         VPOS="1809"
                         HPOS="255">
                  <String HEIGHT="45"
                          WIDTH="100"
                          VPOS="1809"
                          HPOS="241"
                          CONTENT="nis"
                          SUBS_TYPE="HypPart2"
                          SUBS_CONTENT="hominis"/>
                  <SP HEIGHT="45" WIDTH="14" VPOS="1809" HPOS="341"/>
                  <String HEIGHT="45"
                          WIDTH="144"
                          VPOS="1809"
                          HPOS="298"
                          CONTENT="ipsius"/>
                  <SP HEIGHT="45" WIDTH="14" VPOS="1809" HPOS="442"/>
                  <String HEIGHT="45"
                          WIDTH="201"
                          VPOS="1809"
                          HPOS="399"
                          CONTENT="diligentis"/>
                  <SP HEIGHT="45" WIDTH="14" VPOS="1809" HPOS="600"/>
                  <String HEIGHT="45" WIDTH="86" VPOS="1809" HPOS="556" CONTENT="ex"/>
                  <SP HEIGHT="45" WIDTH="14" VPOS="1809" HPOS="643"/>
                  <String HEIGHT="45"
                          WIDTH="115"
                          VPOS="1809"
                          HPOS="600"
                          CONTENT="tali"/>
                  <SP HEIGHT="45" WIDTH="14" VPOS="1809" HPOS="714"/>
                  <String HEIGHT="45"
                          WIDTH="201"
                          VPOS="1809"
                          HPOS="671"
                          CONTENT="dilectione"/>
                  <SP HEIGHT="45" WIDTH="14" VPOS="1809" HPOS="872"/>
                  <String HEIGHT="45"
                          WIDTH="158"
                          VPOS="1809"
                          HPOS="829"
                          CONTENT="proximi"/>
                  <SP HEIGHT="45" WIDTH="14" VPOS="1809" HPOS="987"/>
                  <String HEIGHT="45"
                          WIDTH="172"
                          VPOS="1809"
                          HPOS="930"
                          CONTENT="perfectius"/>
               </TextLine>
               <TextLine ID="r2l42"
                         BASELINE="1894"
                         HEIGHT="46"
                         WIDTH="286"
                         VPOS="1848"
                         HPOS="257">
                  <String HEIGHT="46"
                          WIDTH="338"
                          VPOS="1848"
                          HPOS="205"
                          CONTENT="consulatur."/>
               </TextLine>
               <TextLine ID="r2l43"
                         BASELINE="1942"
                         HEIGHT="56"
                         WIDTH="808"
                         VPOS="1886"
                         HPOS="298">
                  <String HEIGHT="56"
                          WIDTH="125"
                          VPOS="1886"
                          HPOS="284"
                          CONTENT="Forte"/>
                  <SP HEIGHT="56" WIDTH="14" VPOS="1886" HPOS="409"/>
                  <String HEIGHT="56"
                          WIDTH="167"
                          VPOS="1886"
                          HPOS="368"
                          CONTENT="dicetur,"/>
                  <SP HEIGHT="56" WIDTH="14" VPOS="1886" HPOS="535"/>
                  <String HEIGHT="56"
                          WIDTH="111"
                          VPOS="1886"
                          HPOS="493"
                          CONTENT="quod"/>
                  <SP HEIGHT="56" WIDTH="14" VPOS="1886" HPOS="604"/>
                  <String HEIGHT="56" WIDTH="84" VPOS="1886" HPOS="563" CONTENT="si"/>
                  <SP HEIGHT="56" WIDTH="14" VPOS="1886" HPOS="646"/>
                  <String HEIGHT="56" WIDTH="84" VPOS="1886" HPOS="604" CONTENT="ly"/>
                  <SP HEIGHT="56" WIDTH="14" VPOS="1886" HPOS="688"/>
                  <String HEIGHT="56"
                          WIDTH="125"
                          VPOS="1886"
                          HPOS="646"
                          CONTENT="sicut"/>
                  <SP HEIGHT="56" WIDTH="14" VPOS="1886" HPOS="772"/>
                  <String HEIGHT="56"
                          WIDTH="125"
                          VPOS="1886"
                          HPOS="730"
                          CONTENT="esset"/>
                  <SP HEIGHT="56" WIDTH="14" VPOS="1886" HPOS="855"/>
                  <String HEIGHT="56"
                          WIDTH="111"
                          VPOS="1886"
                          HPOS="813"
                          CONTENT="nota"/>
                  <SP HEIGHT="56" WIDTH="14" VPOS="1886" HPOS="925"/>
                  <String HEIGHT="56"
                          WIDTH="251"
                          VPOS="1886"
                          HPOS="883"
                          CONTENT="similitudinis,"/>
                  <SP HEIGHT="56" WIDTH="14" VPOS="1886" HPOS="1134"/>
                  <String HEIGHT="56" WIDTH="28" VPOS="1886" HPOS="1078" CONTENT=""/>
               </TextLine>
               <TextLine ID="r2l44"
                         BASELINE="1972"
                         HEIGHT="45"
                         WIDTH="850"
                         VPOS="1927"
                         HPOS="253">
                  <String HEIGHT="45"
                          WIDTH="117"
                          VPOS="1927"
                          HPOS="238"
                          CONTENT="tunc"/>
                  <SP HEIGHT="45" WIDTH="15" VPOS="1927" HPOS="356"/>
                  <String HEIGHT="45"
                          WIDTH="103"
                          VPOS="1927"
                          HPOS="312"
                          CONTENT="ita"/>
                  <SP HEIGHT="45" WIDTH="15" VPOS="1927" HPOS="414"/>
                  <String HEIGHT="45"
                          WIDTH="117"
                          VPOS="1927"
                          HPOS="370"
                          CONTENT="bene"/>
                  <SP HEIGHT="45" WIDTH="15" VPOS="1927" HPOS="487"/>
                  <String HEIGHT="45"
                          WIDTH="205"
                          VPOS="1927"
                          HPOS="444"
                          CONTENT="diceretur,"/>
                  <SP HEIGHT="45" WIDTH="15" VPOS="1927" HPOS="649"/>
                  <String HEIGHT="45"
                          WIDTH="161"
                          VPOS="1927"
                          HPOS="605"
                          CONTENT="diliges"/>
                  <SP HEIGHT="45" WIDTH="15" VPOS="1927" HPOS="766"/>
                  <String HEIGHT="45"
                          WIDTH="176"
                          VPOS="1927"
                          HPOS="722"
                          CONTENT="proximum"/>
                  <SP HEIGHT="45" WIDTH="15" VPOS="1927" HPOS="898"/>
                  <String HEIGHT="45"
                          WIDTH="117"
                          VPOS="1927"
                          HPOS="854"
                          CONTENT="tuum"/>
                  <SP HEIGHT="45" WIDTH="15" VPOS="1927" HPOS="971"/>
                  <String HEIGHT="45"
                          WIDTH="132"
                          VPOS="1927"
                          HPOS="927"
                          CONTENT="sicut"/>
                  <SP HEIGHT="45" WIDTH="15" VPOS="1927" HPOS="1059"/>
                  <String HEIGHT="45"
                          WIDTH="103"
                          VPOS="1927"
                          HPOS="1000"
                          CONTENT="Deum,"/>
               </TextLine>
               <TextLine ID="r2l45"
                         BASELINE="2011"
                         HEIGHT="46"
                         WIDTH="776"
                         VPOS="1965"
                         HPOS="251">
                  <String HEIGHT="46"
                          WIDTH="143"
                          VPOS="1965"
                          HPOS="235"
                          CONTENT="sicut"/>
                  <SP HEIGHT="46" WIDTH="16" VPOS="1965" HPOS="378"/>
                  <String HEIGHT="46"
                          WIDTH="174"
                          VPOS="1965"
                          HPOS="330"
                          CONTENT="dicitur"/>
                  <SP HEIGHT="46" WIDTH="16" VPOS="1965" HPOS="504"/>
                  <String HEIGHT="46"
                          WIDTH="174"
                          VPOS="1965"
                          HPOS="457"
                          CONTENT="diliges"/>
                  <SP HEIGHT="46" WIDTH="16" VPOS="1965" HPOS="631"/>
                  <String HEIGHT="46"
                          WIDTH="190"
                          VPOS="1965"
                          HPOS="584"
                          CONTENT="proximum"/>
                  <SP HEIGHT="46" WIDTH="16" VPOS="1965" HPOS="774"/>
                  <String HEIGHT="46"
                          WIDTH="127"
                          VPOS="1965"
                          HPOS="726"
                          CONTENT="tuum"/>
                  <SP HEIGHT="46" WIDTH="16" VPOS="1965" HPOS="853"/>
                  <String HEIGHT="46"
                          WIDTH="143"
                          VPOS="1965"
                          HPOS="805"
                          CONTENT="sicut"/>
                  <SP HEIGHT="46" WIDTH="16" VPOS="1965" HPOS="948"/>
                  <String HEIGHT="46"
                          WIDTH="143"
                          VPOS="1965"
                          HPOS="884"
                          CONTENT="teipsum"/>
               </TextLine>
               <TextLine ID="r2l47"
                         BASELINE="2052"
                         HEIGHT="41"
                         WIDTH="827"
                         VPOS="2011"
                         HPOS="271">
                  <String HEIGHT="41" WIDTH="78" VPOS="2011" HPOS="255" CONTENT="2"/>
                  <SP HEIGHT="41" WIDTH="16" VPOS="2011" HPOS="333"/>
                  <String HEIGHT="41"
                          WIDTH="218"
                          VPOS="2011"
                          HPOS="287"
                          CONTENT="Praeterea."/>
                  <SP HEIGHT="41" WIDTH="16" VPOS="2011" HPOS="505"/>
                  <String HEIGHT="41" WIDTH="94" VPOS="2011" HPOS="458" CONTENT="1."/>
                  <SP HEIGHT="41" WIDTH="16" VPOS="2011" HPOS="552"/>
                  <String HEIGHT="41" WIDTH="94" VPOS="2011" HPOS="505" CONTENT="ad"/>
                  <SP HEIGHT="41" WIDTH="16" VPOS="2011" HPOS="599"/>
                  <String HEIGHT="41"
                          WIDTH="187"
                          VPOS="2011"
                          HPOS="552"
                          CONTENT="Corinth."/>
                  <SP HEIGHT="41" WIDTH="16" VPOS="2011" HPOS="739"/>
                  <String HEIGHT="41"
                          WIDTH="109"
                          VPOS="2011"
                          HPOS="692"
                          CONTENT="12."/>
                  <SP HEIGHT="41" WIDTH="16" VPOS="2011" HPOS="802"/>
                  <String HEIGHT="41"
                          WIDTH="187"
                          VPOS="2011"
                          HPOS="755"
                          CONTENT="dicitur."/>
                  <SP HEIGHT="41" WIDTH="16" VPOS="2011" HPOS="942"/>
                  <String HEIGHT="41"
                          WIDTH="172"
                          VPOS="2011"
                          HPOS="895"
                          CONTENT="Caritas"/>
                  <SP HEIGHT="41" WIDTH="16" VPOS="2011" HPOS="1067"/>
                  <String HEIGHT="41"
                          WIDTH="109"
                          VPOS="2011"
                          HPOS="1020"
                          CONTENT="non"/>
                  <SP HEIGHT="41" WIDTH="16" VPOS="2011" HPOS="1129"/>
                  <String HEIGHT="41" WIDTH="31" VPOS="2011" HPOS="1067" CONTENT=""/>
               </TextLine>
               <TextLine ID="r2l48"
                         BASELINE="2095"
                         HEIGHT="48"
                         WIDTH="842"
                         VPOS="2047"
                         HPOS="258">
                  <String HEIGHT="48"
                          WIDTH="180"
                          VPOS="2047"
                          HPOS="243"
                          CONTENT="quaerit,"/>
                  <SP HEIGHT="48" WIDTH="15" VPOS="2047" HPOS="423"/>
                  <String HEIGHT="48"
                          WIDTH="120"
                          VPOS="2047"
                          HPOS="378"
                          CONTENT="quae"/>
                  <SP HEIGHT="48" WIDTH="15" VPOS="2047" HPOS="499"/>
                  <String HEIGHT="48"
                          WIDTH="105"
                          VPOS="2047"
                          HPOS="453"
                          CONTENT="sua"/>
                  <SP HEIGHT="48" WIDTH="15" VPOS="2047" HPOS="559"/>
                  <String HEIGHT="48"
                          WIDTH="135"
                          VPOS="2047"
                          HPOS="514"
                          CONTENT="sunt:"/>
                  <SP HEIGHT="48" WIDTH="15" VPOS="2047" HPOS="649"/>
                  <String HEIGHT="48"
                          WIDTH="120"
                          VPOS="2047"
                          HPOS="604"
                          CONTENT="ergo"/>
                  <SP HEIGHT="48" WIDTH="15" VPOS="2047" HPOS="724"/>
                  <String HEIGHT="48"
                          WIDTH="135"
                          VPOS="2047"
                          HPOS="679"
                          CONTENT="etiam"/>
                  <SP HEIGHT="48" WIDTH="15" VPOS="2047" HPOS="814"/>
                  <String HEIGHT="48"
                          WIDTH="135"
                          VPOS="2047"
                          HPOS="769"
                          CONTENT="bonum"/>
                  <SP HEIGHT="48" WIDTH="15" VPOS="2047" HPOS="905"/>
                  <String HEIGHT="48"
                          WIDTH="211"
                          VPOS="2047"
                          HPOS="859"
                          CONTENT="interioris"/>
                  <SP HEIGHT="48" WIDTH="15" VPOS="2047" HPOS="1070"/>
                  <String HEIGHT="48"
                          WIDTH="90"
                          VPOS="2047"
                          HPOS="1010"
                          CONTENT="homi"/>
               </TextLine>
               <TextLine ID="r2l49"
                         BASELINE="2136"
                         HEIGHT="48"
                         WIDTH="848"
                         VPOS="2088"
                         HPOS="245">
                  <String HEIGHT="48"
                          WIDTH="114"
                          VPOS="2088"
                          HPOS="229"
                          CONTENT="nis"/>
                  <SP HEIGHT="48" WIDTH="16" VPOS="2088" HPOS="343"/>
                  <String HEIGHT="48"
                          WIDTH="114"
                          VPOS="2088"
                          HPOS="294"
                          CONTENT="non"/>
                  <SP HEIGHT="48" WIDTH="16" VPOS="2088" HPOS="408"/>
                  <String HEIGHT="48"
                          WIDTH="147"
                          VPOS="2088"
                          HPOS="359"
                          CONTENT="magis"/>
                  <SP HEIGHT="48" WIDTH="16" VPOS="2088" HPOS="506"/>
                  <String HEIGHT="48"
                          WIDTH="147"
                          VPOS="2088"
                          HPOS="457"
                          CONTENT="debet"/>
                  <SP HEIGHT="48" WIDTH="16" VPOS="2088" HPOS="604"/>
                  <String HEIGHT="48"
                          WIDTH="130"
                          VPOS="2088"
                          HPOS="555"
                          CONTENT="quis"/>
                  <SP HEIGHT="48" WIDTH="16" VPOS="2088" HPOS="685"/>
                  <String HEIGHT="48"
                          WIDTH="196"
                          VPOS="2088"
                          HPOS="636"
                          CONTENT="appetere"/>
                  <SP HEIGHT="48" WIDTH="16" VPOS="2088" HPOS="832"/>
                  <String HEIGHT="48"
                          WIDTH="147"
                          VPOS="2088"
                          HPOS="783"
                          CONTENT="sibi,"/>
                  <SP HEIGHT="48" WIDTH="16" VPOS="2088" HPOS="930"/>
                  <String HEIGHT="48"
                          WIDTH="130"
                          VPOS="2088"
                          HPOS="881"
                          CONTENT="quam"/>
                  <SP HEIGHT="48" WIDTH="16" VPOS="2088" HPOS="1011"/>
                  <String HEIGHT="48"
                          WIDTH="147"
                          VPOS="2088"
                          HPOS="946"
                          CONTENT="proximo"/>
               </TextLine>
               <TextLine ID="r2l50"
                         BASELINE="2176"
                         HEIGHT="49"
                         WIDTH="835"
                         VPOS="2127"
                         HPOS="261">
                  <String HEIGHT="49" WIDTH="76" VPOS="2127" HPOS="246" CONTENT="3"/>
                  <SP HEIGHT="49" WIDTH="15" VPOS="2127" HPOS="322"/>
                  <String HEIGHT="49"
                          WIDTH="213"
                          VPOS="2127"
                          HPOS="276"
                          CONTENT="Praeterea,"/>
                  <SP HEIGHT="49" WIDTH="15" VPOS="2127" HPOS="489"/>
                  <String HEIGHT="49"
                          WIDTH="167"
                          VPOS="2127"
                          HPOS="443"
                          CONTENT="caritas"/>
                  <SP HEIGHT="49" WIDTH="15" VPOS="2127" HPOS="610"/>
                  <String HEIGHT="49"
                          WIDTH="137"
                          VPOS="2127"
                          HPOS="565"
                          CONTENT="circa"/>
                  <SP HEIGHT="49" WIDTH="15" VPOS="2127" HPOS="701"/>
                  <String HEIGHT="49"
                          WIDTH="182"
                          VPOS="2127"
                          HPOS="656"
                          CONTENT="obiectum"/>
                  <SP HEIGHT="49" WIDTH="15" VPOS="2127" HPOS="838"/>
                  <String HEIGHT="49"
                          WIDTH="137"
                          VPOS="2127"
                          HPOS="792"
                          CONTENT="magis"/>
                  <SP HEIGHT="49" WIDTH="15" VPOS="2127" HPOS="929"/>
                  <String HEIGHT="49"
                          WIDTH="213"
                          VPOS="2127"
                          HPOS="883"
                          CONTENT="diligibile"/>
                  <SP HEIGHT="49" WIDTH="15" VPOS="2127" HPOS="1096"/>
                  <String HEIGHT="49"
                          WIDTH="61"
                          VPOS="2127"
                          HPOS="1035"
                          CONTENT="e"
                          SUBS_TYPE="HypPart1"
                          SUBS_CONTENT="eficit"/>
                  <HYP CONTENT="-"/>
               </TextLine>
               <TextLine ID="r2l51"
                         BASELINE="2217"
                         HEIGHT="54"
                         WIDTH="850"
                         VPOS="2163"
                         HPOS="250">
                  <String HEIGHT="54"
                          WIDTH="137"
                          VPOS="2163"
                          HPOS="235"
                          CONTENT="ficit"
                          SUBS_TYPE="HypPart2"
                          SUBS_CONTENT="eficit"/>
                  <SP HEIGHT="54" WIDTH="15" VPOS="2163" HPOS="371"/>
                  <String HEIGHT="54"
                          WIDTH="137"
                          VPOS="2163"
                          HPOS="326"
                          CONTENT="actum"/>
                  <SP HEIGHT="54" WIDTH="15" VPOS="2163" HPOS="463"/>
                  <String HEIGHT="54"
                          WIDTH="137"
                          VPOS="2163"
                          HPOS="417"
                          CONTENT="magis"/>
                  <SP HEIGHT="54" WIDTH="15" VPOS="2163" HPOS="554"/>
                  <String HEIGHT="54"
                          WIDTH="197"
                          VPOS="2163"
                          HPOS="508"
                          CONTENT="intensum."/>
                  <SP HEIGHT="54" WIDTH="15" VPOS="2163" HPOS="705"/>
                  <String HEIGHT="54"
                          WIDTH="121"
                          VPOS="2163"
                          HPOS="660"
                          CONTENT="lsta"/>
                  <SP HEIGHT="54" WIDTH="15" VPOS="2163" HPOS="781"/>
                  <String HEIGHT="54"
                          WIDTH="137"
                          VPOS="2163"
                          HPOS="736"
                          CONTENT="patet"/>
                  <SP HEIGHT="54" WIDTH="15" VPOS="2163" HPOS="872"/>
                  <String HEIGHT="54"
                          WIDTH="106"
                          VPOS="2163"
                          HPOS="827"
                          CONTENT="per"/>
                  <SP HEIGHT="54" WIDTH="15" VPOS="2163" HPOS="933"/>
                  <String HEIGHT="54"
                          WIDTH="106"
                          VPOS="2163"
                          HPOS="888"
                          CONTENT="ea,"/>
                  <SP HEIGHT="54" WIDTH="15" VPOS="2163" HPOS="994"/>
                  <String HEIGHT="54"
                          WIDTH="121"
                          VPOS="2163"
                          HPOS="948"
                          CONTENT="quae"/>
                  <SP HEIGHT="54" WIDTH="15" VPOS="2163" HPOS="1070"/>
                  <String HEIGHT="54"
                          WIDTH="91"
                          VPOS="2163"
                          HPOS="1009"
                          CONTENT="dixi"/>
               </TextLine>
               <TextLine ID="r2l52"
                         BASELINE="2251"
                         HEIGHT="45"
                         WIDTH="850"
                         VPOS="2206"
                         HPOS="253">
                  <String HEIGHT="45" WIDTH="96" VPOS="2206" HPOS="237" CONTENT="in"/>
                  <SP HEIGHT="45" WIDTH="16" VPOS="2206" HPOS="333"/>
                  <String HEIGHT="45"
                          WIDTH="225"
                          VPOS="2206"
                          HPOS="285"
                          CONTENT="probatione"/>
                  <SP HEIGHT="45" WIDTH="16" VPOS="2206" HPOS="510"/>
                  <String HEIGHT="45"
                          WIDTH="257"
                          VPOS="2206"
                          HPOS="461"
                          CONTENT="conclusionis"/>
                  <SP HEIGHT="45" WIDTH="16" VPOS="2206" HPOS="718"/>
                  <String HEIGHT="45"
                          WIDTH="273"
                          VPOS="2206"
                          HPOS="670"
                          CONTENT="praecedentis:"/>
                  <SP HEIGHT="45" WIDTH="16" VPOS="2206" HPOS="943"/>
                  <String HEIGHT="45"
                          WIDTH="112"
                          VPOS="2206"
                          HPOS="895"
                          CONTENT="sed"/>
                  <SP HEIGHT="45" WIDTH="16" VPOS="2206" HPOS="1007"/>
                  <String HEIGHT="45"
                          WIDTH="160"
                          VPOS="2206"
                          HPOS="943"
                          CONTENT="proximus"/>
               </TextLine>
               <TextLine ID="r2l53"
                         BASELINE="2299"
                         HEIGHT="53"
                         WIDTH="840"
                         VPOS="2246"
                         HPOS="252">
                  <String HEIGHT="53"
                          WIDTH="188"
                          VPOS="2246"
                          HPOS="238"
                          CONTENT="quandoque"/>
                  <SP HEIGHT="53" WIDTH="14" VPOS="2246" HPOS="426"/>
                  <String HEIGHT="53"
                          WIDTH="101"
                          VPOS="2246"
                          HPOS="382"
                          CONTENT="est"/>
                  <SP HEIGHT="53" WIDTH="14" VPOS="2246" HPOS="484"/>
                  <String HEIGHT="53"
                          WIDTH="145"
                          VPOS="2246"
                          HPOS="440"
                          CONTENT="melior"/>
                  <SP HEIGHT="53" WIDTH="14" VPOS="2246" HPOS="585"/>
                  <String HEIGHT="53"
                          WIDTH="116"
                          VPOS="2246"
                          HPOS="542"
                          CONTENT="ipso"/>
                  <SP HEIGHT="53" WIDTH="14" VPOS="2246" HPOS="658"/>
                  <String HEIGHT="53"
                          WIDTH="203"
                          VPOS="2246"
                          HPOS="614"
                          CONTENT="diligente:"/>
                  <SP HEIGHT="53" WIDTH="14" VPOS="2246" HPOS="817"/>
                  <String HEIGHT="53"
                          WIDTH="116"
                          VPOS="2246"
                          HPOS="773"
                          CONTENT="ergo"/>
                  <SP HEIGHT="53" WIDTH="14" VPOS="2246" HPOS="889"/>
                  <String HEIGHT="53"
                          WIDTH="116"
                          VPOS="2246"
                          HPOS="846"
                          CONTENT="tali"/>
                  <SP HEIGHT="53" WIDTH="14" VPOS="2246" HPOS="962"/>
                  <String HEIGHT="53"
                          WIDTH="116"
                          VPOS="2246"
                          HPOS="918"
                          CONTENT="casu"/>
                  <SP HEIGHT="53" WIDTH="14" VPOS="2246" HPOS="1034"/>
                  <String HEIGHT="53"
                          WIDTH="116"
                          VPOS="2246"
                          HPOS="976"
                          CONTENT="posito"/>
               </TextLine>
               <TextLine ID="r2l54"
                         BASELINE="2332"
                         HEIGHT="53"
                         WIDTH="772"
                         VPOS="2279"
                         HPOS="249">
                  <String HEIGHT="53"
                          WIDTH="131"
                          VPOS="2279"
                          HPOS="233"
                          CONTENT="plus"/>
                  <SP HEIGHT="53" WIDTH="16" VPOS="2279" HPOS="364"/>
                  <String HEIGHT="53"
                          WIDTH="148"
                          VPOS="2279"
                          HPOS="315"
                          CONTENT="debet"/>
                  <SP HEIGHT="53" WIDTH="16" VPOS="2279" HPOS="463"/>
                  <String HEIGHT="53"
                          WIDTH="131"
                          VPOS="2279"
                          HPOS="413"
                          CONTENT="quis"/>
                  <SP HEIGHT="53" WIDTH="16" VPOS="2279" HPOS="545"/>
                  <String HEIGHT="53"
                          WIDTH="197"
                          VPOS="2279"
                          HPOS="495"
                          CONTENT="diligere"/>
                  <SP HEIGHT="53" WIDTH="16" VPOS="2279" HPOS="692"/>
                  <String HEIGHT="53"
                          WIDTH="214"
                          VPOS="2279"
                          HPOS="643"
                          CONTENT="proximum,"/>
                  <SP HEIGHT="53" WIDTH="16" VPOS="2279" HPOS="857"/>
                  <String HEIGHT="53"
                          WIDTH="131"
                          VPOS="2279"
                          HPOS="807"
                          CONTENT="quam"/>
                  <SP HEIGHT="53" WIDTH="16" VPOS="2279" HPOS="939"/>
                  <String HEIGHT="53"
                          WIDTH="148"
                          VPOS="2279"
                          HPOS="873"
                          CONTENT="seipsum"/>
               </TextLine>
               <TextLine ID="r2l55"
                         BASELINE="2363"
                         HEIGHT="42"
                         WIDTH="815"
                         VPOS="2321"
                         HPOS="281">
                  <String HEIGHT="42" WIDTH="94" VPOS="2321" HPOS="265" CONTENT="Ad"/>
                  <SP HEIGHT="42" WIDTH="16" VPOS="2321" HPOS="359"/>
                  <String HEIGHT="42"
                          WIDTH="157"
                          VPOS="2321"
                          HPOS="312"
                          CONTENT="primum"/>
                  <SP HEIGHT="42" WIDTH="16" VPOS="2321" HPOS="469"/>
                  <String HEIGHT="42"
                          WIDTH="204"
                          VPOS="2321"
                          HPOS="422"
                          CONTENT="dicendum,"/>
                  <SP HEIGHT="42" WIDTH="16" VPOS="2321" HPOS="626"/>
                  <String HEIGHT="42"
                          WIDTH="125"
                          VPOS="2321"
                          HPOS="579"
                          CONTENT="quod"/>
                  <SP HEIGHT="42" WIDTH="16" VPOS="2321" HPOS="704"/>
                  <String HEIGHT="42"
                          WIDTH="141"
                          VPOS="2321"
                          HPOS="657"
                          CONTENT="licet"/>
                  <SP HEIGHT="42" WIDTH="16" VPOS="2321" HPOS="798"/>
                  <String HEIGHT="42"
                          WIDTH="204"
                          VPOS="2321"
                          HPOS="751"
                          CONTENT="aliqualis"/>
                  <SP HEIGHT="42" WIDTH="16" VPOS="2321" HPOS="955"/>
                  <String HEIGHT="42"
                          WIDTH="110"
                          VPOS="2321"
                          HPOS="908"
                          CONTENT="sit"/>
                  <SP HEIGHT="42" WIDTH="16" VPOS="2321" HPOS="1018"/>
                  <String HEIGHT="42"
                          WIDTH="141"
                          VPOS="2321"
                          HPOS="955"
                          CONTENT="simili"
                          SUBS_TYPE="HypPart1"
                          SUBS_CONTENT="similitudo,"/>
                  <HYP CONTENT="-"/>
               </TextLine>
               <TextLine ID="r2l56"
                         BASELINE="2403"
                         HEIGHT="46"
                         WIDTH="855"
                         VPOS="2357"
                         HPOS="240">
                  <String HEIGHT="46"
                          WIDTH="140"
                          VPOS="2357"
                          HPOS="224"
                          CONTENT="tudo,"
                          SUBS_TYPE="HypPart2"
                          SUBS_CONTENT="similitudo,"/>
                  <SP HEIGHT="46" WIDTH="16" VPOS="2357" HPOS="364"/>
                  <String HEIGHT="46"
                          WIDTH="171"
                          VPOS="2357"
                          HPOS="318"
                          CONTENT="quamuis"/>
                  <SP HEIGHT="46" WIDTH="16" VPOS="2357" HPOS="489"/>
                  <String HEIGHT="46"
                          WIDTH="140"
                          VPOS="2357"
                          HPOS="442"
                          CONTENT="valde"/>
                  <SP HEIGHT="46" WIDTH="16" VPOS="2357" HPOS="582"/>
                  <String HEIGHT="46"
                          WIDTH="155"
                          VPOS="2357"
                          HPOS="535"
                          CONTENT="remota"/>
                  <SP HEIGHT="46" WIDTH="16" VPOS="2357" HPOS="691"/>
                  <String HEIGHT="46"
                          WIDTH="140"
                          VPOS="2357"
                          HPOS="644"
                          CONTENT="inter"/>
                  <SP HEIGHT="46" WIDTH="16" VPOS="2357" HPOS="784"/>
                  <String HEIGHT="46"
                          WIDTH="249"
                          VPOS="2357"
                          HPOS="737"
                          CONTENT="dilectionem,"/>
                  <SP HEIGHT="46" WIDTH="16" VPOS="2357" HPOS="986"/>
                  <String HEIGHT="46"
                          WIDTH="109"
                          VPOS="2357"
                          HPOS="940"
                          CONTENT="qua"/>
                  <SP HEIGHT="46" WIDTH="16" VPOS="2357" HPOS="1048"/>
                  <String HEIGHT="46"
                          WIDTH="109"
                          VPOS="2357"
                          HPOS="986"
                          CONTENT="dili"
                          SUBS_TYPE="HypPart1"
                          SUBS_CONTENT="diligitur"/>
                  <HYP CONTENT="-"/>
               </TextLine>
               <TextLine ID="r2l57"
                         BASELINE="2451"
                         HEIGHT="51"
                         WIDTH="846"
                         VPOS="2400"
                         HPOS="246">
                  <String HEIGHT="51"
                          WIDTH="136"
                          VPOS="2400"
                          HPOS="231"
                          CONTENT="gitur"
                          SUBS_TYPE="HypPart2"
                          SUBS_CONTENT="diligitur"/>
                  <SP HEIGHT="51" WIDTH="15" VPOS="2400" HPOS="367"/>
                  <String HEIGHT="51"
                          WIDTH="136"
                          VPOS="2400"
                          HPOS="322"
                          CONTENT="Deus,"/>
                  <SP HEIGHT="51" WIDTH="15" VPOS="2400" HPOS="458"/>
                  <String HEIGHT="51" WIDTH="76" VPOS="2400" HPOS="412" CONTENT="&amp;"/>
                  <SP HEIGHT="51" WIDTH="15" VPOS="2400" HPOS="488"/>
                  <String HEIGHT="51"
                          WIDTH="106"
                          VPOS="2400"
                          HPOS="442"
                          CONTENT="qua"/>
                  <SP HEIGHT="51" WIDTH="15" VPOS="2400" HPOS="548"/>
                  <String HEIGHT="51"
                          WIDTH="196"
                          VPOS="2400"
                          HPOS="503"
                          CONTENT="diligitur"/>
                  <SP HEIGHT="51" WIDTH="15" VPOS="2400" HPOS="699"/>
                  <String HEIGHT="51"
                          WIDTH="196"
                          VPOS="2400"
                          HPOS="654"
                          CONTENT="proximus:"/>
                  <SP HEIGHT="51" WIDTH="15" VPOS="2400" HPOS="850"/>
                  <String HEIGHT="51"
                          WIDTH="136"
                          VPOS="2400"
                          HPOS="805"
                          CONTENT="tamen"/>
                  <SP HEIGHT="51" WIDTH="15" VPOS="2400" HPOS="941"/>
                  <String HEIGHT="51"
                          WIDTH="106"
                          VPOS="2400"
                          HPOS="896"
                          CONTENT="non"/>
                  <SP HEIGHT="51" WIDTH="15" VPOS="2400" HPOS="1001"/>
                  <String HEIGHT="51"
                          WIDTH="121"
                          VPOS="2400"
                          HPOS="956"
                          CONTENT="bene"/>
                  <SP HEIGHT="51" WIDTH="15" VPOS="2400" HPOS="1077"/>
                  <String HEIGHT="51"
                          WIDTH="76"
                          VPOS="2400"
                          HPOS="1016"
                          CONTENT="di"
                          SUBS_TYPE="HypPart1"
                          SUBS_CONTENT="dicetur,"/>
                  <HYP CONTENT="-"/>
               </TextLine>
               <TextLine ID="r2l58"
                         BASELINE="2482"
                         HEIGHT="45"
                         WIDTH="842"
                         VPOS="2437"
                         HPOS="243">
                  <String HEIGHT="45"
                          WIDTH="159"
                          VPOS="2437"
                          HPOS="227"
                          CONTENT="cetur,"
                          SUBS_TYPE="HypPart2"
                          SUBS_CONTENT="dicetur,"/>
                  <SP HEIGHT="45" WIDTH="16" VPOS="2437" HPOS="386"/>
                  <String HEIGHT="45"
                          WIDTH="175"
                          VPOS="2437"
                          HPOS="338"
                          CONTENT="diliges"/>
                  <SP HEIGHT="45" WIDTH="16" VPOS="2437" HPOS="513"/>
                  <String HEIGHT="45"
                          WIDTH="191"
                          VPOS="2437"
                          HPOS="465"
                          CONTENT="proximum"/>
                  <SP HEIGHT="45" WIDTH="16" VPOS="2437" HPOS="656"/>
                  <String HEIGHT="45"
                          WIDTH="127"
                          VPOS="2437"
                          HPOS="608"
                          CONTENT="tuum"/>
                  <SP HEIGHT="45" WIDTH="16" VPOS="2437" HPOS="735"/>
                  <String HEIGHT="45"
                          WIDTH="143"
                          VPOS="2437"
                          HPOS="688"
                          CONTENT="sicut"/>
                  <SP HEIGHT="45" WIDTH="16" VPOS="2437" HPOS="831"/>
                  <String HEIGHT="45"
                          WIDTH="143"
                          VPOS="2437"
                          HPOS="783"
                          CONTENT="Deum:"/>
                  <SP HEIGHT="45" WIDTH="16" VPOS="2437" HPOS="926"/>
                  <String HEIGHT="45"
                          WIDTH="127"
                          VPOS="2437"
                          HPOS="878"
                          CONTENT="quia"/>
                  <SP HEIGHT="45" WIDTH="16" VPOS="2437" HPOS="1006"/>
                  <String HEIGHT="45"
                          WIDTH="111"
                          VPOS="2437"
                          HPOS="958"
                          CONTENT="sic"/>
                  <SP HEIGHT="45" WIDTH="16" VPOS="2437" HPOS="1069"/>
                  <String HEIGHT="45"
                          WIDTH="79"
                          VPOS="2437"
                          HPOS="1006"
                          CONTENT="di"
                          SUBS_TYPE="HypPart1"
                          SUBS_CONTENT="diligimus"/>
                  <HYP CONTENT="-"/>
               </TextLine>
               <TextLine ID="r2l59"
                         BASELINE="2521"
                         HEIGHT="46"
                         WIDTH="856"
                         VPOS="2475"
                         HPOS="244">
                  <String HEIGHT="46"
                          WIDTH="171"
                          VPOS="2475"
                          HPOS="228"
                          CONTENT="ligimus"
                          SUBS_TYPE="HypPart2"
                          SUBS_CONTENT="diligimus"/>
                  <SP HEIGHT="46" WIDTH="16" VPOS="2475" HPOS="400"/>
                  <String HEIGHT="46"
                          WIDTH="140"
                          VPOS="2475"
                          HPOS="353"
                          CONTENT="bonum"/>
                  <SP HEIGHT="46" WIDTH="16" VPOS="2475" HPOS="493"/>
                  <String HEIGHT="46"
                          WIDTH="187"
                          VPOS="2475"
                          HPOS="446"
                          CONTENT="diuinum,"/>
                  <SP HEIGHT="46" WIDTH="16" VPOS="2475" HPOS="633"/>
                  <String HEIGHT="46"
                          WIDTH="125"
                          VPOS="2475"
                          HPOS="586"
                          CONTENT="quod"/>
                  <SP HEIGHT="46" WIDTH="16" VPOS="2475" HPOS="711"/>
                  <String HEIGHT="46"
                          WIDTH="125"
                          VPOS="2475"
                          HPOS="664"
                          CONTENT="ipso"/>
                  <SP HEIGHT="46" WIDTH="16" VPOS="2475" HPOS="789"/>
                  <String HEIGHT="46"
                          WIDTH="187"
                          VPOS="2475"
                          HPOS="742"
                          CONTENT="fruimur,"/>
                  <SP HEIGHT="46" WIDTH="16" VPOS="2475" HPOS="929"/>
                  <String HEIGHT="46" WIDTH="93" VPOS="2475" HPOS="882" CONTENT="eo"/>
                  <SP HEIGHT="46" WIDTH="16" VPOS="2475" HPOS="975"/>
                  <String HEIGHT="46"
                          WIDTH="125"
                          VPOS="2475"
                          HPOS="929"
                          CONTENT="quod"/>
                  <SP HEIGHT="46" WIDTH="16" VPOS="2475" HPOS="1053"/>
                  <String HEIGHT="46"
                          WIDTH="109"
                          VPOS="2475"
                          HPOS="991"
                          CONTENT="ipsum"/>
               </TextLine>
               <TextLine ID="r2l60"
                         BASELINE="2564"
                         HEIGHT="46"
                         WIDTH="858"
                         VPOS="2518"
                         HPOS="240">
                  <String HEIGHT="46" WIDTH="97" VPOS="2518" HPOS="224" CONTENT="in"/>
                  <SP HEIGHT="46" WIDTH="16" VPOS="2518" HPOS="321"/>
                  <String HEIGHT="46"
                          WIDTH="162"
                          VPOS="2518"
                          HPOS="272"
                          CONTENT="nullum"/>
                  <SP HEIGHT="46" WIDTH="16" VPOS="2518" HPOS="434"/>
                  <String HEIGHT="46"
                          WIDTH="146"
                          VPOS="2518"
                          HPOS="386"
                          CONTENT="aliud"/>
                  <SP HEIGHT="46" WIDTH="16" VPOS="2518" HPOS="531"/>
                  <String HEIGHT="46"
                          WIDTH="146"
                          VPOS="2518"
                          HPOS="483"
                          CONTENT="bonum"/>
                  <SP HEIGHT="46" WIDTH="16" VPOS="2518" HPOS="629"/>
                  <String HEIGHT="46"
                          WIDTH="227"
                          VPOS="2518"
                          HPOS="580"
                          CONTENT="referamus,"/>
                  <SP HEIGHT="46" WIDTH="16" VPOS="2518" HPOS="807"/>
                  <String HEIGHT="46"
                          WIDTH="130"
                          VPOS="2518"
                          HPOS="758"
                          CONTENT="quod"/>
                  <SP HEIGHT="46" WIDTH="16" VPOS="2518" HPOS="888"/>
                  <String HEIGHT="46" WIDTH="97" VPOS="2518" HPOS="839" CONTENT="si"/>
                  <SP HEIGHT="46" WIDTH="16" VPOS="2518" HPOS="936"/>
                  <String HEIGHT="46"
                          WIDTH="210"
                          VPOS="2518"
                          HPOS="888"
                          CONTENT="faceremus"/>
                  <SP HEIGHT="46" WIDTH="16" VPOS="2518" HPOS="1098"/>
                  <String HEIGHT="46" WIDTH="65" VPOS="2518" HPOS="1033" CONTENT="de"/>
               </TextLine>
               <TextLine ID="r2l61"
                         BASELINE="2610"
                         HEIGHT="49"
                         WIDTH="842"
                         VPOS="2561"
                         HPOS="246">
                  <String HEIGHT="49"
                          WIDTH="180"
                          VPOS="2561"
                          HPOS="231"
                          CONTENT="proximo,"/>
                  <SP HEIGHT="49" WIDTH="15" VPOS="2561" HPOS="411"/>
                  <String HEIGHT="49"
                          WIDTH="120"
                          VPOS="2561"
                          HPOS="366"
                          CONTENT="tunc"/>
                  <SP HEIGHT="49" WIDTH="15" VPOS="2561" HPOS="487"/>
                  <String HEIGHT="49"
                          WIDTH="195"
                          VPOS="2561"
                          HPOS="441"
                          CONTENT="frueremur"/>
                  <SP HEIGHT="49" WIDTH="15" VPOS="2561" HPOS="637"/>
                  <String HEIGHT="49"
                          WIDTH="180"
                          VPOS="2561"
                          HPOS="592"
                          CONTENT="vtendis,"/>
                  <SP HEIGHT="49" WIDTH="15" VPOS="2561" HPOS="772"/>
                  <String HEIGHT="49"
                          WIDTH="120"
                          VPOS="2561"
                          HPOS="727"
                          CONTENT="quod"/>
                  <SP HEIGHT="49" WIDTH="15" VPOS="2561" HPOS="847"/>
                  <String HEIGHT="49"
                          WIDTH="105"
                          VPOS="2561"
                          HPOS="802"
                          CONTENT="est"/>
                  <SP HEIGHT="49" WIDTH="15" VPOS="2561" HPOS="908"/>
                  <String HEIGHT="49"
                          WIDTH="120"
                          VPOS="2561"
                          HPOS="862"
                          CONTENT="tota"/>
                  <SP HEIGHT="49" WIDTH="15" VPOS="2561" HPOS="983"/>
                  <String HEIGHT="49"
                          WIDTH="165"
                          VPOS="2561"
                          HPOS="923"
                          CONTENT="peruersi"
                          SUBS_TYPE="HypPart1"
                          SUBS_CONTENT="peruersitas,"/>
                  <HYP CONTENT="-"/>
               </TextLine>
               <TextLine ID="r2l62"
                         BASELINE="2647"
                         HEIGHT="53"
                         WIDTH="842"
                         VPOS="2594"
                         HPOS="246">
                  <String HEIGHT="53"
                          WIDTH="110"
                          VPOS="2594"
                          HPOS="232"
                          CONTENT="tas,"
                          SUBS_TYPE="HypPart2"
                          SUBS_CONTENT="peruersitas,"/>
                  <SP HEIGHT="53" WIDTH="14" VPOS="2594" HPOS="343"/>
                  <String HEIGHT="53" WIDTH="83" VPOS="2594" HPOS="301" CONTENT="vt"/>
                  <SP HEIGHT="53" WIDTH="14" VPOS="2594" HPOS="384"/>
                  <String HEIGHT="53" WIDTH="97" VPOS="2594" HPOS="343" CONTENT="ait"/>
                  <SP HEIGHT="53" WIDTH="14" VPOS="2594" HPOS="439"/>
                  <String HEIGHT="53"
                          WIDTH="124"
                          VPOS="2594"
                          HPOS="398"
                          CONTENT="Augu."/>
                  <SP HEIGHT="53" WIDTH="14" VPOS="2594" HPOS="522"/>
                  <String HEIGHT="53"
                          WIDTH="138"
                          VPOS="2594"
                          HPOS="481"
                          CONTENT="Melius"/>
                  <SP HEIGHT="53" WIDTH="14" VPOS="2594" HPOS="619"/>
                  <String HEIGHT="53"
                          WIDTH="138"
                          VPOS="2594"
                          HPOS="577"
                          CONTENT="igitur"/>
                  <SP HEIGHT="53" WIDTH="14" VPOS="2594" HPOS="715"/>
                  <String HEIGHT="53"
                          WIDTH="166"
                          VPOS="2594"
                          HPOS="674"
                          CONTENT="dicitur,"/>
                  <SP HEIGHT="53" WIDTH="14" VPOS="2594" HPOS="840"/>
                  <String HEIGHT="53"
                          WIDTH="124"
                          VPOS="2594"
                          HPOS="798"
                          CONTENT="sicut"/>
                  <SP HEIGHT="53" WIDTH="14" VPOS="2594" HPOS="922"/>
                  <String HEIGHT="53" WIDTH="83" VPOS="2594" HPOS="881" CONTENT="te"/>
                  <SP HEIGHT="53" WIDTH="14" VPOS="2594" HPOS="964"/>
                  <String HEIGHT="53"
                          WIDTH="138"
                          VPOS="2594"
                          HPOS="922"
                          CONTENT="ipsum:"/>
                  <SP HEIGHT="53" WIDTH="14" VPOS="2594" HPOS="1060"/>
                  <String HEIGHT="53"
                          WIDTH="83"
                          VPOS="2594"
                          HPOS="1005"
                          CONTENT="qui"
                          SUBS_TYPE="HypPart1"
                          SUBS_CONTENT="quimaior"/>
                  <HYP CONTENT="-"/>
               </TextLine>
               <TextLine ID="r2l63"
                         BASELINE="2678"
                         HEIGHT="44"
                         WIDTH="836"
                         VPOS="2634"
                         HPOS="249">
                  <String HEIGHT="44"
                          WIDTH="137"
                          VPOS="2634"
                          HPOS="234"
                          CONTENT="maior"
                          SUBS_TYPE="HypPart2"
                          SUBS_CONTENT="quimaior"/>
                  <SP HEIGHT="44" WIDTH="15" VPOS="2634" HPOS="371"/>
                  <String HEIGHT="44"
                          WIDTH="106"
                          VPOS="2634"
                          HPOS="325"
                          CONTENT="est"/>
                  <SP HEIGHT="44" WIDTH="15" VPOS="2634" HPOS="431"/>
                  <String HEIGHT="44"
                          WIDTH="258"
                          VPOS="2634"
                          HPOS="386"
                          CONTENT="conuenientia,"/>
                  <SP HEIGHT="44" WIDTH="15" VPOS="2634" HPOS="644"/>
                  <String HEIGHT="44" WIDTH="76" VPOS="2634" HPOS="599" CONTENT="&amp;"/>
                  <SP HEIGHT="44" WIDTH="15" VPOS="2634" HPOS="675"/>
                  <String HEIGHT="44"
                          WIDTH="106"
                          VPOS="2634"
                          HPOS="629"
                          CONTENT="per"/>
                  <SP HEIGHT="44" WIDTH="15" VPOS="2634" HPOS="735"/>
                  <String HEIGHT="44"
                          WIDTH="213"
                          VPOS="2634"
                          HPOS="690"
                          CONTENT="consequens"/>
                  <SP HEIGHT="44" WIDTH="15" VPOS="2634" HPOS="903"/>
                  <String HEIGHT="44"
                          WIDTH="213"
                          VPOS="2634"
                          HPOS="857"
                          CONTENT="similitudo"/>
                  <SP HEIGHT="44" WIDTH="15" VPOS="2634" HPOS="1070"/>
                  <String HEIGHT="44"
                          WIDTH="76"
                          VPOS="2634"
                          HPOS="1009"
                          CONTENT="in"
                          SUBS_TYPE="HypPart1"
                          SUBS_CONTENT="inter"/>
                  <HYP CONTENT="-"/>
               </TextLine>
               <TextLine ID="r2l64"
                         BASELINE="2720"
                         HEIGHT="48"
                         WIDTH="836"
                         VPOS="2672"
                         HPOS="243">
                  <String HEIGHT="48"
                          WIDTH="125"
                          VPOS="2672"
                          HPOS="225"
                          CONTENT="ter"
                          SUBS_TYPE="HypPart2"
                          SUBS_CONTENT="inter"/>
                  <SP HEIGHT="48" WIDTH="18" VPOS="2672" HPOS="350"/>
                  <String HEIGHT="48"
                          WIDTH="213"
                          VPOS="2672"
                          HPOS="296"
                          CONTENT="hominem,"/>
                  <SP HEIGHT="48" WIDTH="18" VPOS="2672" HPOS="510"/>
                  <String HEIGHT="48" WIDTH="89" VPOS="2672" HPOS="456" CONTENT="&amp;"/>
                  <SP HEIGHT="48" WIDTH="18" VPOS="2672" HPOS="545"/>
                  <String HEIGHT="48"
                          WIDTH="213"
                          VPOS="2672"
                          HPOS="492"
                          CONTENT="hominem,"/>
                  <SP HEIGHT="48" WIDTH="18" VPOS="2672" HPOS="705"/>
                  <String HEIGHT="48"
                          WIDTH="142"
                          VPOS="2672"
                          HPOS="652"
                          CONTENT="quam"/>
                  <SP HEIGHT="48" WIDTH="18" VPOS="2672" HPOS="794"/>
                  <String HEIGHT="48"
                          WIDTH="160"
                          VPOS="2672"
                          HPOS="741"
                          CONTENT="inter"/>
                  <SP HEIGHT="48" WIDTH="18" VPOS="2672" HPOS="901"/>
                  <String HEIGHT="48"
                          WIDTH="160"
                          VPOS="2672"
                          HPOS="848"
                          CONTENT="Deum,"/>
                  <SP HEIGHT="48" WIDTH="18" VPOS="2672" HPOS="1008"/>
                  <String HEIGHT="48" WIDTH="89" VPOS="2672" HPOS="954" CONTENT="&amp;"/>
                  <SP HEIGHT="48" WIDTH="18" VPOS="2672" HPOS="1043"/>
                  <String HEIGHT="48"
                          WIDTH="107"
                          VPOS="2672"
                          HPOS="972"
                          CONTENT="homi"/>
               </TextLine>
               <TextLine ID="r2l65"
                         BASELINE="2756"
                         HEIGHT="44"
                         WIDTH="842"
                         VPOS="2712"
                         HPOS="243">
                  <String HEIGHT="44"
                          WIDTH="120"
                          VPOS="2712"
                          HPOS="228"
                          CONTENT="nem,"/>
                  <SP HEIGHT="44" WIDTH="15" VPOS="2712" HPOS="348"/>
                  <String HEIGHT="44"
                          WIDTH="135"
                          VPOS="2712"
                          HPOS="303"
                          CONTENT="sicut"/>
                  <SP HEIGHT="44" WIDTH="15" VPOS="2712" HPOS="438"/>
                  <String HEIGHT="44"
                          WIDTH="135"
                          VPOS="2712"
                          HPOS="393"
                          CONTENT="maior"/>
                  <SP HEIGHT="44" WIDTH="15" VPOS="2712" HPOS="529"/>
                  <String HEIGHT="44"
                          WIDTH="105"
                          VPOS="2712"
                          HPOS="484"
                          CONTENT="est"/>
                  <SP HEIGHT="44" WIDTH="15" VPOS="2712" HPOS="589"/>
                  <String HEIGHT="44"
                          WIDTH="211"
                          VPOS="2712"
                          HPOS="544"
                          CONTENT="similitudo"/>
                  <SP HEIGHT="44" WIDTH="15" VPOS="2712" HPOS="754"/>
                  <String HEIGHT="44"
                          WIDTH="135"
                          VPOS="2712"
                          HPOS="709"
                          CONTENT="inter"/>
                  <SP HEIGHT="44" WIDTH="15" VPOS="2712" HPOS="844"/>
                  <String HEIGHT="44"
                          WIDTH="105"
                          VPOS="2712"
                          HPOS="799"
                          CONTENT="duo"/>
                  <SP HEIGHT="44" WIDTH="15" VPOS="2712" HPOS="905"/>
                  <String HEIGHT="44"
                          WIDTH="120"
                          VPOS="2712"
                          HPOS="859"
                          CONTENT="bona"/>
                  <SP HEIGHT="44" WIDTH="15" VPOS="2712" HPOS="980"/>
                  <String HEIGHT="44"
                          WIDTH="165"
                          VPOS="2712"
                          HPOS="920"
                          CONTENT="particip;"/>
               </TextLine>
               <TextLine ID="r2l66"
                         BASELINE="2797"
                         HEIGHT="44"
                         WIDTH="849"
                         VPOS="2753"
                         HPOS="245">
                  <String HEIGHT="44"
                          WIDTH="108"
                          VPOS="2753"
                          HPOS="230"
                          CONTENT="ti,"/>
                  <SP HEIGHT="44" WIDTH="15" VPOS="2753" HPOS="338"/>
                  <String HEIGHT="44"
                          WIDTH="123"
                          VPOS="2753"
                          HPOS="291"
                          CONTENT="quae"/>
                  <SP HEIGHT="44" WIDTH="15" VPOS="2753" HPOS="415"/>
                  <String HEIGHT="44"
                          WIDTH="123"
                          VPOS="2753"
                          HPOS="368"
                          CONTENT="ambo"/>
                  <SP HEIGHT="44" WIDTH="15" VPOS="2753" HPOS="492"/>
                  <String HEIGHT="44"
                          WIDTH="123"
                          VPOS="2753"
                          HPOS="446"
                          CONTENT="sunt"/>
                  <SP HEIGHT="44" WIDTH="15" VPOS="2753" HPOS="569"/>
                  <String HEIGHT="44" WIDTH="93" VPOS="2753" HPOS="523" CONTENT="ad"/>
                  <SP HEIGHT="44" WIDTH="15" VPOS="2753" HPOS="615"/>
                  <String HEIGHT="44"
                          WIDTH="154"
                          VPOS="2753"
                          HPOS="569"
                          CONTENT="sinem,"/>
                  <SP HEIGHT="44" WIDTH="15" VPOS="2753" HPOS="724"/>
                  <String HEIGHT="44"
                          WIDTH="123"
                          VPOS="2753"
                          HPOS="677"
                          CONTENT="quam"/>
                  <SP HEIGHT="44" WIDTH="15" VPOS="2753" HPOS="801"/>
                  <String HEIGHT="44"
                          WIDTH="139"
                          VPOS="2753"
                          HPOS="754"
                          CONTENT="inter"/>
                  <SP HEIGHT="44" WIDTH="15" VPOS="2753" HPOS="893"/>
                  <String HEIGHT="44"
                          WIDTH="139"
                          VPOS="2753"
                          HPOS="847"
                          CONTENT="bonum"/>
                  <SP HEIGHT="44" WIDTH="15" VPOS="2753" HPOS="986"/>
                  <String HEIGHT="44"
                          WIDTH="108"
                          VPOS="2753"
                          HPOS="940"
                          CONTENT="per"/>
                  <SP HEIGHT="44" WIDTH="15" VPOS="2753" HPOS="1048"/>
                  <String HEIGHT="44"
                          WIDTH="108"
                          VPOS="2753"
                          HPOS="986"
                          CONTENT="essen"/>
               </TextLine>
               <TextLine ID="r2l67"
                         BASELINE="2843"
                         HEIGHT="52"
                         WIDTH="851"
                         VPOS="2791"
                         HPOS="243">
                  <String HEIGHT="52"
                          WIDTH="142"
                          VPOS="2791"
                          HPOS="227"
                          CONTENT="tiam,"/>
                  <SP HEIGHT="52" WIDTH="16" VPOS="2791" HPOS="369"/>
                  <String HEIGHT="52" WIDTH="79" VPOS="2791" HPOS="322" CONTENT="&amp;"/>
                  <SP HEIGHT="52" WIDTH="16" VPOS="2791" HPOS="401"/>
                  <String HEIGHT="52"
                          WIDTH="142"
                          VPOS="2791"
                          HPOS="353"
                          CONTENT="bonum"/>
                  <SP HEIGHT="52" WIDTH="16" VPOS="2791" HPOS="495"/>
                  <String HEIGHT="52"
                          WIDTH="268"
                          VPOS="2791"
                          HPOS="448"
                          CONTENT="participatum,"/>
                  <SP HEIGHT="52" WIDTH="16" VPOS="2791" HPOS="716"/>
                  <String HEIGHT="52"
                          WIDTH="158"
                          VPOS="2791"
                          HPOS="669"
                          CONTENT="quorum"/>
                  <SP HEIGHT="52" WIDTH="16" VPOS="2791" HPOS="826"/>
                  <String HEIGHT="52"
                          WIDTH="158"
                          VPOS="2791"
                          HPOS="779"
                          CONTENT="primum"/>
                  <SP HEIGHT="52" WIDTH="16" VPOS="2791" HPOS="936"/>
                  <String HEIGHT="52"
                          WIDTH="110"
                          VPOS="2791"
                          HPOS="889"
                          CONTENT="est"/>
                  <SP HEIGHT="52" WIDTH="16" VPOS="2791" HPOS="999"/>
                  <String HEIGHT="52"
                          WIDTH="126"
                          VPOS="2791"
                          HPOS="952"
                          CONTENT="ipse"/>
                  <SP HEIGHT="52" WIDTH="16" VPOS="2791" HPOS="1078"/>
                  <String HEIGHT="52"
                          WIDTH="79"
                          VPOS="2791"
                          HPOS="1015"
                          CONTENT="fi"
                          SUBS_TYPE="HypPart1"
                          SUBS_CONTENT="finis,"/>
                  <HYP CONTENT="-"/>
               </TextLine>
               <TextLine ID="r2l68"
                         BASELINE="2880"
                         HEIGHT="51"
                         WIDTH="427"
                         VPOS="2829"
                         HPOS="244">
                  <String HEIGHT="51"
                          WIDTH="122"
                          VPOS="2829"
                          HPOS="229"
                          CONTENT="nis,"
                          SUBS_TYPE="HypPart2"
                          SUBS_CONTENT="finis,"/>
                  <SP HEIGHT="51" WIDTH="15" VPOS="2829" HPOS="351"/>
                  <String HEIGHT="51"
                          WIDTH="168"
                          VPOS="2829"
                          HPOS="305"
                          CONTENT="alterum"/>
                  <SP HEIGHT="51" WIDTH="15" VPOS="2829" HPOS="473"/>
                  <String HEIGHT="51"
                          WIDTH="137"
                          VPOS="2829"
                          HPOS="427"
                          CONTENT="autem"/>
                  <SP HEIGHT="51" WIDTH="15" VPOS="2829" HPOS="564"/>
                  <String HEIGHT="51" WIDTH="92" VPOS="2829" HPOS="519" CONTENT="ad"/>
                  <SP HEIGHT="51" WIDTH="15" VPOS="2829" HPOS="610"/>
                  <String HEIGHT="51"
                          WIDTH="137"
                          VPOS="2829"
                          HPOS="564"
                          CONTENT="finem"/>
                  <SP HEIGHT="51" WIDTH="15" VPOS="2829" HPOS="702"/>
                  <String HEIGHT="51" WIDTH="31" VPOS="2829" HPOS="641" CONTENT=""/>
               </TextLine>
               <TextLine ID="r2l69"
                         BASELINE="2918"
                         HEIGHT="46"
                         WIDTH="807"
                         VPOS="2872"
                         HPOS="280">
                  <String HEIGHT="46" WIDTH="103" VPOS="2872" HPOS="263" CONTENT="Ad"/>
                  <SP HEIGHT="46" WIDTH="17" VPOS="2872" HPOS="366"/>
                  <String HEIGHT="46"
                          WIDTH="206"
                          VPOS="2872"
                          HPOS="314"
                          CONTENT="secundum"/>
                  <SP HEIGHT="46" WIDTH="17" VPOS="2872" HPOS="520"/>
                  <String HEIGHT="46"
                          WIDTH="223"
                          VPOS="2872"
                          HPOS="469"
                          CONTENT="dicendum,"/>
                  <SP HEIGHT="46" WIDTH="17" VPOS="2872" HPOS="692"/>
                  <String HEIGHT="46"
                          WIDTH="137"
                          VPOS="2872"
                          HPOS="641"
                          CONTENT="quod"/>
                  <SP HEIGHT="46" WIDTH="17" VPOS="2872" HPOS="778"/>
                  <String HEIGHT="46"
                          WIDTH="189"
                          VPOS="2872"
                          HPOS="726"
                          CONTENT="quamuis"/>
                  <SP HEIGHT="46" WIDTH="17" VPOS="2872" HPOS="915"/>
                  <String HEIGHT="46"
                          WIDTH="189"
                          VPOS="2872"
                          HPOS="864"
                          CONTENT="caritas"/>
                  <SP HEIGHT="46" WIDTH="17" VPOS="2872" HPOS="1053"/>
                  <String HEIGHT="46"
                          WIDTH="120"
                          VPOS="2872"
                          HPOS="1001"
                          CONTENT="non"/>
                  <SP HEIGHT="46" WIDTH="17" VPOS="2872" HPOS="1121"/>
                  <String HEIGHT="46" WIDTH="34" VPOS="2872" HPOS="1053" CONTENT=""/>
               </TextLine>
               <TextLine ID="r2l70"
                         BASELINE="2962"
                         HEIGHT="45"
                         WIDTH="850"
                         VPOS="2917"
                         HPOS="238">
                  <String HEIGHT="45"
                          WIDTH="153"
                          VPOS="2917"
                          HPOS="224"
                          CONTENT="quaerit"/>
                  <SP HEIGHT="45" WIDTH="14" VPOS="2917" HPOS="377"/>
                  <String HEIGHT="45"
                          WIDTH="111"
                          VPOS="2917"
                          HPOS="336"
                          CONTENT="quae"/>
                  <SP HEIGHT="45" WIDTH="14" VPOS="2917" HPOS="447"/>
                  <String HEIGHT="45" WIDTH="98" VPOS="2917" HPOS="405" CONTENT="sua"/>
                  <SP HEIGHT="45" WIDTH="14" VPOS="2917" HPOS="503"/>
                  <String HEIGHT="45"
                          WIDTH="125"
                          VPOS="2917"
                          HPOS="461"
                          CONTENT="sunt,"/>
                  <SP HEIGHT="45" WIDTH="14" VPOS="2917" HPOS="586"/>
                  <String HEIGHT="45" WIDTH="98" VPOS="2917" HPOS="545" CONTENT="ita"/>
                  <SP HEIGHT="45" WIDTH="14" VPOS="2917" HPOS="642"/>
                  <String HEIGHT="45"
                          WIDTH="111"
                          VPOS="2917"
                          HPOS="600"
                          CONTENT="quod"/>
                  <SP HEIGHT="45" WIDTH="14" VPOS="2917" HPOS="712"/>
                  <String HEIGHT="45"
                          WIDTH="167"
                          VPOS="2917"
                          HPOS="670"
                          CONTENT="negligat"/>
                  <SP HEIGHT="45" WIDTH="14" VPOS="2917" HPOS="837"/>
                  <String HEIGHT="45" WIDTH="98" VPOS="2917" HPOS="795" CONTENT="ea,"/>
                  <SP HEIGHT="45" WIDTH="14" VPOS="2917" HPOS="893"/>
                  <String HEIGHT="45"
                          WIDTH="111"
                          VPOS="2917"
                          HPOS="851"
                          CONTENT="quae"/>
                  <SP HEIGHT="45" WIDTH="14" VPOS="2917" HPOS="963"/>
                  <String HEIGHT="45"
                          WIDTH="111"
                          VPOS="2917"
                          HPOS="921"
                          CONTENT="Dei,"/>
                  <SP HEIGHT="45" WIDTH="14" VPOS="2917" HPOS="1032"/>
                  <String HEIGHT="45" WIDTH="70" VPOS="2917" HPOS="990" CONTENT="&amp;"/>
                  <SP HEIGHT="45" WIDTH="14" VPOS="2917" HPOS="1060"/>
                  <String HEIGHT="45"
                          WIDTH="84"
                          VPOS="2917"
                          HPOS="1004"
                          CONTENT="pro"
                          SUBS_TYPE="HypPart1"
                          SUBS_CONTENT="provimi"/>
                  <HYP CONTENT="-"/>
               </TextLine>
               <TextLine ID="r2l71"
                         BASELINE="2996"
                         HEIGHT="44"
                         WIDTH="860"
                         VPOS="2952"
                         HPOS="231">
                  <String HEIGHT="44"
                          WIDTH="123"
                          VPOS="2952"
                          HPOS="216"
                          CONTENT="vimi"
                          SUBS_TYPE="HypPart2"
                          SUBS_CONTENT="provimi"/>
                  <SP HEIGHT="44" WIDTH="15" VPOS="2952" HPOS="339"/>
                  <String HEIGHT="44"
                          WIDTH="138"
                          VPOS="2952"
                          HPOS="292"
                          CONTENT="sunt,"/>
                  <SP HEIGHT="44" WIDTH="15" VPOS="2952" HPOS="431"/>
                  <String HEIGHT="44"
                          WIDTH="138"
                          VPOS="2952"
                          HPOS="385"
                          CONTENT="tamen"/>
                  <SP HEIGHT="44" WIDTH="15" VPOS="2952" HPOS="523"/>
                  <String HEIGHT="44"
                          WIDTH="123"
                          VPOS="2952"
                          HPOS="477"
                          CONTENT="sine"/>
                  <SP HEIGHT="44" WIDTH="15" VPOS="2952" HPOS="600"/>
                  <String HEIGHT="44"
                          WIDTH="230"
                          VPOS="2952"
                          HPOS="554"
                          CONTENT="negligentia"/>
                  <SP HEIGHT="44" WIDTH="15" VPOS="2952" HPOS="784"/>
                  <String HEIGHT="44"
                          WIDTH="169"
                          VPOS="2952"
                          HPOS="738"
                          CONTENT="istorum"/>
                  <SP HEIGHT="44" WIDTH="15" VPOS="2952" HPOS="907"/>
                  <String HEIGHT="44"
                          WIDTH="123"
                          VPOS="2952"
                          HPOS="861"
                          CONTENT="bene"/>
                  <SP HEIGHT="44" WIDTH="15" VPOS="2952" HPOS="984"/>
                  <String HEIGHT="44"
                          WIDTH="184"
                          VPOS="2952"
                          HPOS="937"
                          CONTENT="quaerit,"/>
                  <SP HEIGHT="44" WIDTH="15" VPOS="2952" HPOS="1122"/>
                  <String HEIGHT="44" WIDTH="31" VPOS="2952" HPOS="1060" CONTENT=""/>
               </TextLine>
               <TextLine ID="r2l72"
                         BASELINE="3039"
                         HEIGHT="46"
                         WIDTH="848"
                         VPOS="2993"
                         HPOS="238">
                  <String HEIGHT="46"
                          WIDTH="123"
                          VPOS="2993"
                          HPOS="223"
                          CONTENT="quae"/>
                  <SP HEIGHT="46" WIDTH="15" VPOS="2993" HPOS="346"/>
                  <String HEIGHT="46"
                          WIDTH="108"
                          VPOS="2993"
                          HPOS="300"
                          CONTENT="sua"/>
                  <SP HEIGHT="46" WIDTH="15" VPOS="2993" HPOS="408"/>
                  <String HEIGHT="46"
                          WIDTH="139"
                          VPOS="2993"
                          HPOS="361"
                          CONTENT="sunt,"/>
                  <SP HEIGHT="46" WIDTH="15" VPOS="2993" HPOS="500"/>
                  <String HEIGHT="46"
                          WIDTH="154"
                          VPOS="2993"
                          HPOS="454"
                          CONTENT="maxime"/>
                  <SP HEIGHT="46" WIDTH="15" VPOS="2993" HPOS="608"/>
                  <String HEIGHT="46" WIDTH="93" VPOS="2993" HPOS="562" CONTENT="ad"/>
                  <SP HEIGHT="46" WIDTH="15" VPOS="2993" HPOS="654"/>
                  <String HEIGHT="46"
                          WIDTH="170"
                          VPOS="2993"
                          HPOS="608"
                          CONTENT="salutem"/>
                  <SP HEIGHT="46" WIDTH="15" VPOS="2993" HPOS="778"/>
                  <String HEIGHT="46"
                          WIDTH="185"
                          VPOS="2993"
                          HPOS="731"
                          CONTENT="aeternam"/>
                  <SP HEIGHT="46" WIDTH="15" VPOS="2993" HPOS="916"/>
                  <String HEIGHT="46"
                          WIDTH="231"
                          VPOS="2993"
                          HPOS="870"
                          CONTENT="spectantia,"/>
                  <SP HEIGHT="46" WIDTH="15" VPOS="2993" HPOS="1101"/>
                  <String HEIGHT="46" WIDTH="46" VPOS="2993" HPOS="1040" CONTENT="&amp;"/>
               </TextLine>
               <TextLine ID="r2l73"
                         BASELINE="3074"
                         HEIGHT="40"
                         WIDTH="533"
                         VPOS="3034"
                         HPOS="242">
                  <String HEIGHT="40" WIDTH="94" VPOS="3034" HPOS="226" CONTENT="ad"/>
                  <SP HEIGHT="40" WIDTH="16" VPOS="3034" HPOS="320"/>
                  <String HEIGHT="40"
                          WIDTH="219"
                          VPOS="3034"
                          HPOS="273"
                          CONTENT="interioris"/>
                  <SP HEIGHT="40" WIDTH="16" VPOS="3034" HPOS="493"/>
                  <String HEIGHT="40"
                          WIDTH="172"
                          VPOS="3034"
                          HPOS="446"
                          CONTENT="hominis"/>
                  <SP HEIGHT="40" WIDTH="16" VPOS="3034" HPOS="618"/>
                  <String HEIGHT="40"
                          WIDTH="219"
                          VPOS="3034"
                          HPOS="556"
                          CONTENT="perfectionem"/>
               </TextLine>
               <TextLine ID="r2l74"
                         BASELINE="3114"
                         HEIGHT="50"
                         WIDTH="800"
                         VPOS="3064"
                         HPOS="279">
                  <String HEIGHT="50" WIDTH="98" VPOS="3064" HPOS="263" CONTENT="Ad"/>
                  <SP HEIGHT="50" WIDTH="16" VPOS="3064" HPOS="361"/>
                  <String HEIGHT="50"
                          WIDTH="180"
                          VPOS="3064"
                          HPOS="312"
                          CONTENT="tertium"/>
                  <SP HEIGHT="50" WIDTH="16" VPOS="3064" HPOS="491"/>
                  <String HEIGHT="50"
                          WIDTH="212"
                          VPOS="3064"
                          HPOS="442"
                          CONTENT="dicendum,"/>
                  <SP HEIGHT="50" WIDTH="16" VPOS="3064" HPOS="655"/>
                  <String HEIGHT="50"
                          WIDTH="131"
                          VPOS="3064"
                          HPOS="606"
                          CONTENT="quod"/>
                  <SP HEIGHT="50" WIDTH="16" VPOS="3064" HPOS="736"/>
                  <String HEIGHT="50"
                          WIDTH="114"
                          VPOS="3064"
                          HPOS="687"
                          CONTENT="ego"/>
                  <SP HEIGHT="50" WIDTH="16" VPOS="3064" HPOS="801"/>
                  <String HEIGHT="50"
                          WIDTH="131"
                          VPOS="3064"
                          HPOS="752"
                          CONTENT="tunc"/>
                  <SP HEIGHT="50" WIDTH="16" VPOS="3064" HPOS="883"/>
                  <String HEIGHT="50"
                          WIDTH="163"
                          VPOS="3064"
                          HPOS="834"
                          CONTENT="addidi"/>
                  <SP HEIGHT="50" WIDTH="16" VPOS="3064" HPOS="997"/>
                  <String HEIGHT="50"
                          WIDTH="147"
                          VPOS="3064"
                          HPOS="932"
                          CONTENT="ceteri"
                          SUBS_TYPE="HypPart1"
                          SUBS_CONTENT="ceteriparibus:"/>
                  <HYP CONTENT="-"/>
               </TextLine>
               <TextLine ID="r2l75"
                         BASELINE="3159"
                         HEIGHT="54"
                         WIDTH="846"
                         VPOS="3105"
                         HPOS="239">
                  <String HEIGHT="54"
                          WIDTH="188"
                          VPOS="3105"
                          HPOS="223"
                          CONTENT="paribus:"
                          SUBS_TYPE="HypPart2"
                          SUBS_CONTENT="ceteriparibus:"/>
                  <SP HEIGHT="54" WIDTH="16" VPOS="3105" HPOS="411"/>
                  <String HEIGHT="54"
                          WIDTH="110"
                          VPOS="3105"
                          HPOS="364"
                          CONTENT="hid"/>
                  <SP HEIGHT="54" WIDTH="16" VPOS="3105" HPOS="474"/>
                  <String HEIGHT="54"
                          WIDTH="141"
                          VPOS="3105"
                          HPOS="427"
                          CONTENT="autem"/>
                  <SP HEIGHT="54" WIDTH="16" VPOS="3105" HPOS="568"/>
                  <String HEIGHT="54"
                          WIDTH="157"
                          VPOS="3105"
                          HPOS="521"
                          CONTENT="cetera"/>
                  <SP HEIGHT="54" WIDTH="16" VPOS="3105" HPOS="678"/>
                  <String HEIGHT="54"
                          WIDTH="110"
                          VPOS="3105"
                          HPOS="631"
                          CONTENT="non"/>
                  <SP HEIGHT="54" WIDTH="16" VPOS="3105" HPOS="740"/>
                  <String HEIGHT="54"
                          WIDTH="125"
                          VPOS="3105"
                          HPOS="693"
                          CONTENT="sunt"/>
                  <SP HEIGHT="54" WIDTH="16" VPOS="3105" HPOS="819"/>
                  <String HEIGHT="54"
                          WIDTH="157"
                          VPOS="3105"
                          HPOS="772"
                          CONTENT="paria:"/>
                  <SP HEIGHT="54" WIDTH="16" VPOS="3105" HPOS="928"/>
                  <String HEIGHT="54"
                          WIDTH="125"
                          VPOS="3105"
                          HPOS="881"
                          CONTENT="quia"/>
                  <SP HEIGHT="54" WIDTH="16" VPOS="3105" HPOS="1007"/>
                  <String HEIGHT="54"
                          WIDTH="141"
                          VPOS="3105"
                          HPOS="944"
                          CONTENT="propin"
                          SUBS_TYPE="HypPart1"
                          SUBS_CONTENT="propinquius"/>
                  <HYP CONTENT="-"/>
               </TextLine>
               <TextLine ID="r2l76"
                         BASELINE="3210"
                         HEIGHT="63"
                         WIDTH="846"
                         VPOS="3147"
                         HPOS="242">
                  <String HEIGHT="63"
                          WIDTH="146"
                          VPOS="3147"
                          HPOS="226"
                          CONTENT="quius"
                          SUBS_TYPE="HypPart2"
                          SUBS_CONTENT="propinquius"/>
                  <SP HEIGHT="63" WIDTH="16" VPOS="3147" HPOS="372"/>
                  <String HEIGHT="63"
                          WIDTH="114"
                          VPOS="3147"
                          HPOS="323"
                          CONTENT="est"/>
                  <SP HEIGHT="63" WIDTH="16" VPOS="3147" HPOS="437"/>
                  <String HEIGHT="63"
                          WIDTH="163"
                          VPOS="3147"
                          HPOS="388"
                          CONTENT="alicui"/>
                  <SP HEIGHT="63" WIDTH="16" VPOS="3147" HPOS="551"/>
                  <String HEIGHT="63"
                          WIDTH="146"
                          VPOS="3147"
                          HPOS="502"
                          CONTENT="bonum"/>
                  <SP HEIGHT="63" WIDTH="16" VPOS="3147" HPOS="649"/>
                  <String HEIGHT="63"
                          WIDTH="130"
                          VPOS="3147"
                          HPOS="600"
                          CONTENT="suum"/>
                  <SP HEIGHT="63" WIDTH="16" VPOS="3147" HPOS="730"/>
                  <String HEIGHT="63"
                          WIDTH="212"
                          VPOS="3147"
                          HPOS="681"
                          CONTENT="proprium,"/>
                  <SP HEIGHT="63" WIDTH="16" VPOS="3147" HPOS="893"/>
                  <String HEIGHT="63"
                          WIDTH="130"
                          VPOS="3147"
                          HPOS="844"
                          CONTENT="quam"/>
                  <SP HEIGHT="63" WIDTH="16" VPOS="3147" HPOS="974"/>
                  <String HEIGHT="63"
                          WIDTH="146"
                          VPOS="3147"
                          HPOS="925"
                          CONTENT="bonum"/>
                  <SP HEIGHT="63" WIDTH="16" VPOS="3147" HPOS="1072"/>
                  <String HEIGHT="63" WIDTH="81" VPOS="3147" HPOS="1007" CONTENT="cu"/>
               </TextLine>
            </TextBlock>
            <TextBlock ID="TextRegion_1603043925486_4452"
                       HEIGHT="2982"
                       WIDTH="894"
                       VPOS="264"
                       HPOS="1134">
               <Shape>
                  <Polygon POINTS="1134,264 2028,264 1996,2982 1992,3246 1134,3246"/>
               </Shape>
               <TextLine ID="r3l3"
                         BASELINE="382"
                         HEIGHT="75"
                         WIDTH="864"
                         VPOS="307"
                         HPOS="1160">
                  <String HEIGHT="75"
                          WIDTH="197"
                          VPOS="307"
                          HPOS="1145"
                          CONTENT="iuscunque"/>
                  <SP HEIGHT="75" WIDTH="15" VPOS="307" HPOS="1342"/>
                  <String HEIGHT="75"
                          WIDTH="182"
                          VPOS="307"
                          HPOS="1296"
                          CONTENT="alterius"/>
                  <SP HEIGHT="75" WIDTH="15" VPOS="307" HPOS="1478"/>
                  <String HEIGHT="75"
                          WIDTH="212"
                          VPOS="307"
                          HPOS="1433"
                          CONTENT="creaturae,"/>
                  <SP HEIGHT="75" WIDTH="15" VPOS="307" HPOS="1645"/>
                  <String HEIGHT="75" WIDTH="76" VPOS="307" HPOS="1600" CONTENT="&amp;"/>
                  <SP HEIGHT="75" WIDTH="15" VPOS="307" HPOS="1675"/>
                  <String HEIGHT="75"
                          WIDTH="106"
                          VPOS="307"
                          HPOS="1630"
                          CONTENT="per"/>
                  <SP HEIGHT="75" WIDTH="15" VPOS="307" HPOS="1736"/>
                  <String HEIGHT="75"
                          WIDTH="212"
                          VPOS="307"
                          HPOS="1691"
                          CONTENT="consequens"/>
                  <SP HEIGHT="75" WIDTH="15" VPOS="307" HPOS="1903"/>
                  <String HEIGHT="75"
                          WIDTH="167"
                          VPOS="307"
                          HPOS="1857"
                          CONTENT="fortius"/>
                  <SP HEIGHT="75" WIDTH="15" VPOS="307" HPOS="2024"/>
                  <String HEIGHT="75" WIDTH="61" VPOS="307" HPOS="1963" CONTENT="mo"/>
               </TextLine>
               <TextLine ID="r3l5"
                         BASELINE="415"
                         HEIGHT="40"
                         WIDTH="839"
                         VPOS="375"
                         HPOS="1173">
                  <String HEIGHT="40"
                          WIDTH="113"
                          VPOS="375"
                          HPOS="1157"
                          CONTENT="net"/>
                  <SP HEIGHT="40" WIDTH="16" VPOS="375" HPOS="1270"/>
                  <String HEIGHT="40"
                          WIDTH="129"
                          VPOS="375"
                          HPOS="1221"
                          CONTENT="suam"/>
                  <SP HEIGHT="40" WIDTH="16" VPOS="375" HPOS="1350"/>
                  <String HEIGHT="40"
                          WIDTH="242"
                          VPOS="375"
                          HPOS="1302"
                          CONTENT="voluntatem:"/>
                  <SP HEIGHT="40" WIDTH="16" VPOS="375" HPOS="1544"/>
                  <String HEIGHT="40"
                          WIDTH="129"
                          VPOS="375"
                          HPOS="1496"
                          CONTENT="quia"/>
                  <SP HEIGHT="40" WIDTH="16" VPOS="375" HPOS="1625"/>
                  <String HEIGHT="40"
                          WIDTH="194"
                          VPOS="375"
                          HPOS="1576"
                          CONTENT="obiectum"/>
                  <SP HEIGHT="40" WIDTH="16" VPOS="375" HPOS="1770"/>
                  <String HEIGHT="40"
                          WIDTH="161"
                          VPOS="375"
                          HPOS="1722"
                          CONTENT="quanto"/>
                  <SP HEIGHT="40" WIDTH="16" VPOS="375" HPOS="1883"/>
                  <String HEIGHT="40"
                          WIDTH="113"
                          VPOS="375"
                          HPOS="1835"
                          CONTENT="est"/>
                  <SP HEIGHT="40" WIDTH="16" VPOS="375" HPOS="1947"/>
                  <String HEIGHT="40"
                          WIDTH="129"
                          VPOS="375"
                          HPOS="1883"
                          CONTENT="propin"/>
               </TextLine>
               <TextLine ID="r3l6"
                         BASELINE="459"
                         HEIGHT="47"
                         WIDTH="635"
                         VPOS="412"
                         HPOS="1168">
                  <String HEIGHT="47"
                          WIDTH="139"
                          VPOS="412"
                          HPOS="1153"
                          CONTENT="quius"/>
                  <SP HEIGHT="47" WIDTH="15" VPOS="412" HPOS="1292"/>
                  <String HEIGHT="47"
                          WIDTH="217"
                          VPOS="412"
                          HPOS="1245"
                          CONTENT="potentiae,"/>
                  <SP HEIGHT="47" WIDTH="15" VPOS="412" HPOS="1462"/>
                  <String HEIGHT="47"
                          WIDTH="139"
                          VPOS="412"
                          HPOS="1416"
                          CONTENT="tanto"/>
                  <SP HEIGHT="47" WIDTH="15" VPOS="412" HPOS="1555"/>
                  <String HEIGHT="47"
                          WIDTH="170"
                          VPOS="412"
                          HPOS="1509"
                          CONTENT="fortius"/>
                  <SP HEIGHT="47" WIDTH="15" VPOS="412" HPOS="1679"/>
                  <String HEIGHT="47"
                          WIDTH="139"
                          VPOS="412"
                          HPOS="1633"
                          CONTENT="mouet"/>
                  <SP HEIGHT="47" WIDTH="15" VPOS="412" HPOS="1772"/>
                  <String HEIGHT="47"
                          WIDTH="108"
                          VPOS="412"
                          HPOS="1726"
                          CONTENT="eam"/>
                  <SP HEIGHT="47" WIDTH="15" VPOS="412" HPOS="1834"/>
                  <String HEIGHT="47" WIDTH="31" VPOS="412" HPOS="1772" CONTENT=""/>
               </TextLine>
               <TextLine ID="r3l7"
                         BASELINE="500"
                         HEIGHT="52"
                         WIDTH="843"
                         VPOS="448"
                         HPOS="1175">
                  <String HEIGHT="52"
                          WIDTH="187"
                          VPOS="448"
                          HPOS="1159"
                          CONTENT="Secundus"/>
                  <SP HEIGHT="52" WIDTH="16" VPOS="448" HPOS="1347"/>
                  <String HEIGHT="52"
                          WIDTH="141"
                          VPOS="448"
                          HPOS="1300"
                          CONTENT="casus"/>
                  <SP HEIGHT="52" WIDTH="16" VPOS="448" HPOS="1440"/>
                  <String HEIGHT="52"
                          WIDTH="125"
                          VPOS="448"
                          HPOS="1394"
                          CONTENT="est,"/>
                  <SP HEIGHT="52" WIDTH="16" VPOS="448" HPOS="1518"/>
                  <String HEIGHT="52"
                          WIDTH="141"
                          VPOS="448"
                          HPOS="1472"
                          CONTENT="dato,"/>
                  <SP HEIGHT="52" WIDTH="16" VPOS="448" HPOS="1612"/>
                  <String HEIGHT="52"
                          WIDTH="125"
                          VPOS="448"
                          HPOS="1565"
                          CONTENT="quod"/>
                  <SP HEIGHT="52" WIDTH="16" VPOS="448" HPOS="1690"/>
                  <String HEIGHT="52"
                          WIDTH="156"
                          VPOS="448"
                          HPOS="1643"
                          CONTENT="aliqui"/>
                  <SP HEIGHT="52" WIDTH="16" VPOS="448" HPOS="1799"/>
                  <String HEIGHT="52"
                          WIDTH="187"
                          VPOS="448"
                          HPOS="1753"
                          CONTENT="extranei"/>
                  <SP HEIGHT="52" WIDTH="16" VPOS="448" HPOS="1940"/>
                  <String HEIGHT="52"
                          WIDTH="125"
                          VPOS="448"
                          HPOS="1893"
                          CONTENT="sint"/>
                  <SP HEIGHT="52" WIDTH="16" VPOS="448" HPOS="2018"/>
                  <String HEIGHT="52" WIDTH="62" VPOS="448" HPOS="1956" CONTENT="me"/>
               </TextLine>
               <TextLine ID="r3l9"
                         BASELINE="545"
                         HEIGHT="66"
                         WIDTH="857"
                         VPOS="479"
                         HPOS="1161">
                  <String HEIGHT="66"
                          WIDTH="178"
                          VPOS="479"
                          HPOS="1145"
                          CONTENT="liores,"/>
                  <SP HEIGHT="66" WIDTH="16" VPOS="479" HPOS="1323"/>
                  <String HEIGHT="66"
                          WIDTH="129"
                          VPOS="479"
                          HPOS="1274"
                          CONTENT="quam"/>
                  <SP HEIGHT="66" WIDTH="16" VPOS="479" HPOS="1404"/>
                  <String HEIGHT="66"
                          WIDTH="162"
                          VPOS="479"
                          HPOS="1355"
                          CONTENT="nostri"/>
                  <SP HEIGHT="66" WIDTH="16" VPOS="479" HPOS="1517"/>
                  <String HEIGHT="66"
                          WIDTH="194"
                          VPOS="479"
                          HPOS="1468"
                          CONTENT="proximi,"/>
                  <SP HEIGHT="66" WIDTH="16" VPOS="479" HPOS="1662"/>
                  <String HEIGHT="66"
                          WIDTH="113"
                          VPOS="479"
                          HPOS="1614"
                          CONTENT="seu"/>
                  <SP HEIGHT="66" WIDTH="16" VPOS="479" HPOS="1727"/>
                  <String HEIGHT="66"
                          WIDTH="275"
                          VPOS="479"
                          HPOS="1678"
                          CONTENT="consanguinei:"/>
                  <SP HEIGHT="66" WIDTH="16" VPOS="479" HPOS="1953"/>
                  <String HEIGHT="66"
                          WIDTH="146"
                          VPOS="479"
                          HPOS="1905"
                          CONTENT="vtrum"/>
                  <SP HEIGHT="66" WIDTH="16" VPOS="479" HPOS="2050"/>
                  <String HEIGHT="66" WIDTH="32" VPOS="479" HPOS="1986" CONTENT=""/>
               </TextLine>
               <TextLine ID="r3l10"
                         BASELINE="583"
                         HEIGHT="55"
                         WIDTH="849"
                         VPOS="528"
                         HPOS="1158">
                  <String HEIGHT="55"
                          WIDTH="134"
                          VPOS="528"
                          HPOS="1143"
                          CONTENT="tales"/>
                  <SP HEIGHT="55" WIDTH="15" VPOS="528" HPOS="1277"/>
                  <String HEIGHT="55"
                          WIDTH="194"
                          VPOS="528"
                          HPOS="1232"
                          CONTENT="extraneos"/>
                  <SP HEIGHT="55" WIDTH="15" VPOS="528" HPOS="1426"/>
                  <String HEIGHT="55"
                          WIDTH="134"
                          VPOS="528"
                          HPOS="1381"
                          CONTENT="magis"/>
                  <SP HEIGHT="55" WIDTH="15" VPOS="528" HPOS="1515"/>
                  <String HEIGHT="55"
                          WIDTH="179"
                          VPOS="528"
                          HPOS="1471"
                          CONTENT="debeamus"/>
                  <SP HEIGHT="55" WIDTH="15" VPOS="528" HPOS="1650"/>
                  <String HEIGHT="55" WIDTH="89" VPOS="528" HPOS="1605" CONTENT="ex"/>
                  <SP HEIGHT="55" WIDTH="15" VPOS="528" HPOS="1694"/>
                  <String HEIGHT="55"
                          WIDTH="179"
                          VPOS="528"
                          HPOS="1650"
                          CONTENT="caritate"/>
                  <SP HEIGHT="55" WIDTH="15" VPOS="528" HPOS="1828"/>
                  <String HEIGHT="55"
                          WIDTH="194"
                          VPOS="528"
                          HPOS="1784"
                          CONTENT="diligere,"/>
                  <SP HEIGHT="55" WIDTH="15" VPOS="528" HPOS="1977"/>
                  <String HEIGHT="55"
                          WIDTH="89"
                          VPOS="528"
                          HPOS="1918"
                          CONTENT="quam"/>
               </TextLine>
               <TextLine ID="r3l11"
                         BASELINE="618"
                         HEIGHT="53"
                         WIDTH="846"
                         VPOS="565"
                         HPOS="1166">
                  <String HEIGHT="53"
                          WIDTH="204"
                          VPOS="565"
                          HPOS="1150"
                          CONTENT="proximos."/>
                  <SP HEIGHT="53" WIDTH="16" VPOS="565" HPOS="1354"/>
                  <String HEIGHT="53"
                          WIDTH="219"
                          VPOS="565"
                          HPOS="1307"
                          CONTENT="Respondeo,"/>
                  <SP HEIGHT="53" WIDTH="16" VPOS="565" HPOS="1526"/>
                  <String HEIGHT="53"
                          WIDTH="125"
                          VPOS="565"
                          HPOS="1479"
                          CONTENT="quod"/>
                  <SP HEIGHT="53" WIDTH="16" VPOS="565" HPOS="1605"/>
                  <String HEIGHT="53"
                          WIDTH="141"
                          VPOS="565"
                          HPOS="1558"
                          CONTENT="magis"/>
                  <SP HEIGHT="53" WIDTH="16" VPOS="565" HPOS="1699"/>
                  <String HEIGHT="53"
                          WIDTH="188"
                          VPOS="565"
                          HPOS="1652"
                          CONTENT="diligere"/>
                  <SP HEIGHT="53" WIDTH="16" VPOS="565" HPOS="1840"/>
                  <String HEIGHT="53"
                          WIDTH="157"
                          VPOS="565"
                          HPOS="1793"
                          CONTENT="potest"/>
                  <SP HEIGHT="53" WIDTH="16" VPOS="565" HPOS="1949"/>
                  <String HEIGHT="53"
                          WIDTH="125"
                          VPOS="565"
                          HPOS="1887"
                          CONTENT="intel"
                          SUBS_TYPE="HypPart1"
                          SUBS_CONTENT="intelligi"/>
                  <HYP CONTENT="-"/>
               </TextLine>
               <TextLine ID="r3l12"
                         BASELINE="658"
                         HEIGHT="59"
                         WIDTH="861"
                         VPOS="599"
                         HPOS="1157">
                  <String HEIGHT="59"
                          WIDTH="125"
                          VPOS="599"
                          HPOS="1141"
                          CONTENT="ligi"
                          SUBS_TYPE="HypPart2"
                          SUBS_CONTENT="intelligi"/>
                  <SP HEIGHT="59" WIDTH="16" VPOS="599" HPOS="1267"/>
                  <String HEIGHT="59"
                          WIDTH="235"
                          VPOS="599"
                          HPOS="1220"
                          CONTENT="dupliciter."/>
                  <SP HEIGHT="59" WIDTH="16" VPOS="599" HPOS="1454"/>
                  <String HEIGHT="59"
                          WIDTH="110"
                          VPOS="599"
                          HPOS="1407"
                          CONTENT="Vno"/>
                  <SP HEIGHT="59" WIDTH="16" VPOS="599" HPOS="1517"/>
                  <String HEIGHT="59"
                          WIDTH="125"
                          VPOS="599"
                          HPOS="1470"
                          CONTENT="modo"/>
                  <SP HEIGHT="59" WIDTH="16" VPOS="599" HPOS="1595"/>
                  <String HEIGHT="59"
                          WIDTH="172"
                          VPOS="599"
                          HPOS="1548"
                          CONTENT="ratione"/>
                  <SP HEIGHT="59" WIDTH="16" VPOS="599" HPOS="1721"/>
                  <String HEIGHT="59"
                          WIDTH="141"
                          VPOS="599"
                          HPOS="1674"
                          CONTENT="boni,"/>
                  <SP HEIGHT="59" WIDTH="16" VPOS="599" HPOS="1814"/>
                  <String HEIGHT="59"
                          WIDTH="125"
                          VPOS="599"
                          HPOS="1768"
                          CONTENT="quod"/>
                  <SP HEIGHT="59" WIDTH="16" VPOS="599" HPOS="1893"/>
                  <String HEIGHT="59"
                          WIDTH="125"
                          VPOS="599"
                          HPOS="1846"
                          CONTENT="ipsi"/>
                  <SP HEIGHT="59" WIDTH="16" VPOS="599" HPOS="1971"/>
                  <String HEIGHT="59"
                          WIDTH="110"
                          VPOS="599"
                          HPOS="1908"
                          CONTENT="dile"
                          SUBS_TYPE="HypPart1"
                          SUBS_CONTENT="dilecto"/>
                  <HYP CONTENT="-"/>
               </TextLine>
               <TextLine ID="r3l14"
                         BASELINE="691"
                         HEIGHT="53"
                         WIDTH="862"
                         VPOS="638"
                         HPOS="1155">
                  <String HEIGHT="53"
                          WIDTH="110"
                          VPOS="638"
                          HPOS="1139"
                          CONTENT="cto"
                          SUBS_TYPE="HypPart2"
                          SUBS_CONTENT="dilecto"/>
                  <SP HEIGHT="53" WIDTH="16" VPOS="638" HPOS="1249"/>
                  <String HEIGHT="53"
                          WIDTH="141"
                          VPOS="638"
                          HPOS="1202"
                          CONTENT="volo,"/>
                  <SP HEIGHT="53" WIDTH="16" VPOS="638" HPOS="1343"/>
                  <String HEIGHT="53"
                          WIDTH="110"
                          VPOS="638"
                          HPOS="1296"
                          CONTENT="seu"/>
                  <SP HEIGHT="53" WIDTH="16" VPOS="638" HPOS="1406"/>
                  <String HEIGHT="53"
                          WIDTH="204"
                          VPOS="638"
                          HPOS="1359"
                          CONTENT="desidero,"/>
                  <SP HEIGHT="53" WIDTH="16" VPOS="638" HPOS="1562"/>
                  <String HEIGHT="53"
                          WIDTH="141"
                          VPOS="638"
                          HPOS="1515"
                          CONTENT="puta:"/>
                  <SP HEIGHT="53" WIDTH="16" VPOS="638" HPOS="1657"/>
                  <String HEIGHT="53"
                          WIDTH="125"
                          VPOS="638"
                          HPOS="1610"
                          CONTENT="quia"/>
                  <SP HEIGHT="53" WIDTH="16" VPOS="638" HPOS="1735"/>
                  <String HEIGHT="53"
                          WIDTH="141"
                          VPOS="638"
                          HPOS="1688"
                          CONTENT="magis"/>
                  <SP HEIGHT="53" WIDTH="16" VPOS="638" HPOS="1829"/>
                  <String HEIGHT="53"
                          WIDTH="141"
                          VPOS="638"
                          HPOS="1782"
                          CONTENT="bonum"/>
                  <SP HEIGHT="53" WIDTH="16" VPOS="638" HPOS="1923"/>
                  <String HEIGHT="53"
                          WIDTH="125"
                          VPOS="638"
                          HPOS="1876"
                          CONTENT="illi"/>
                  <SP HEIGHT="53" WIDTH="16" VPOS="638" HPOS="2001"/>
                  <String HEIGHT="53"
                          WIDTH="78"
                          VPOS="638"
                          HPOS="1939"
                          CONTENT="cu"
                          SUBS_TYPE="HypPart1"
                          SUBS_CONTENT="cupio,"/>
                  <HYP CONTENT="-"/>
               </TextLine>
               <TextLine ID="r3l15"
                         BASELINE="726"
                         HEIGHT="40"
                         WIDTH="845"
                         VPOS="686"
                         HPOS="1164">
                  <String HEIGHT="40"
                          WIDTH="123"
                          VPOS="686"
                          HPOS="1149"
                          CONTENT="pio,"
                          SUBS_TYPE="HypPart2"
                          SUBS_CONTENT="cupio,"/>
                  <SP HEIGHT="40" WIDTH="15" VPOS="686" HPOS="1272"/>
                  <String HEIGHT="40"
                          WIDTH="123"
                          VPOS="686"
                          HPOS="1225"
                          CONTENT="quam"/>
                  <SP HEIGHT="40" WIDTH="15" VPOS="686" HPOS="1348"/>
                  <String HEIGHT="40"
                          WIDTH="169"
                          VPOS="686"
                          HPOS="1302"
                          CONTENT="alteri."/>
                  <SP HEIGHT="40" WIDTH="15" VPOS="686" HPOS="1471"/>
                  <String HEIGHT="40"
                          WIDTH="108"
                          VPOS="686"
                          HPOS="1425"
                          CONTENT="vel"/>
                  <SP HEIGHT="40" WIDTH="15" VPOS="686" HPOS="1533"/>
                  <String HEIGHT="40"
                          WIDTH="108"
                          VPOS="686"
                          HPOS="1487"
                          CONTENT="quo"/>
                  <SP HEIGHT="40" WIDTH="15" VPOS="686" HPOS="1594"/>
                  <String HEIGHT="40" WIDTH="92" VPOS="686" HPOS="1548" CONTENT="ad"/>
                  <SP HEIGHT="40" WIDTH="15" VPOS="686" HPOS="1640"/>
                  <String HEIGHT="40"
                          WIDTH="138"
                          VPOS="686"
                          HPOS="1594"
                          CONTENT="actum"/>
                  <SP HEIGHT="40" WIDTH="15" VPOS="686" HPOS="1732"/>
                  <String HEIGHT="40"
                          WIDTH="215"
                          VPOS="686"
                          HPOS="1686"
                          CONTENT="diligendi,"/>
                  <SP HEIGHT="40" WIDTH="15" VPOS="686" HPOS="1901"/>
                  <String HEIGHT="40"
                          WIDTH="108"
                          VPOS="686"
                          HPOS="1855"
                          CONTENT="seu"/>
                  <SP HEIGHT="40" WIDTH="15" VPOS="686" HPOS="1963"/>
                  <String HEIGHT="40"
                          WIDTH="108"
                          VPOS="686"
                          HPOS="1901"
                          CONTENT="desi"
                          SUBS_TYPE="HypPart1"
                          SUBS_CONTENT="desiderandi,"/>
                  <HYP CONTENT="-"/>
               </TextLine>
               <TextLine ID="r3l16"
                         BASELINE="777"
                         HEIGHT="50"
                         WIDTH="859"
                         VPOS="727"
                         HPOS="1157">
                  <String HEIGHT="50"
                          WIDTH="191"
                          VPOS="727"
                          HPOS="1141"
                          CONTENT="derandi,"
                          SUBS_TYPE="HypPart2"
                          SUBS_CONTENT="desiderandi,"/>
                  <SP HEIGHT="50" WIDTH="16" VPOS="727" HPOS="1332"/>
                  <String HEIGHT="50"
                          WIDTH="143"
                          VPOS="727"
                          HPOS="1284"
                          CONTENT="puta:"/>
                  <SP HEIGHT="50" WIDTH="16" VPOS="727" HPOS="1427"/>
                  <String HEIGHT="50"
                          WIDTH="127"
                          VPOS="727"
                          HPOS="1380"
                          CONTENT="quia"/>
                  <SP HEIGHT="50" WIDTH="16" VPOS="727" HPOS="1507"/>
                  <String HEIGHT="50"
                          WIDTH="127"
                          VPOS="727"
                          HPOS="1459"
                          CONTENT="idem"/>
                  <SP HEIGHT="50" WIDTH="16" VPOS="727" HPOS="1587"/>
                  <String HEIGHT="50"
                          WIDTH="143"
                          VPOS="727"
                          HPOS="1539"
                          CONTENT="bonum"/>
                  <SP HEIGHT="50" WIDTH="16" VPOS="727" HPOS="1682"/>
                  <String HEIGHT="50"
                          WIDTH="111"
                          VPOS="727"
                          HPOS="1634"
                          CONTENT="cum"/>
                  <SP HEIGHT="50" WIDTH="16" VPOS="727" HPOS="1746"/>
                  <String HEIGHT="50"
                          WIDTH="159"
                          VPOS="727"
                          HPOS="1698"
                          CONTENT="maiori"/>
                  <SP HEIGHT="50" WIDTH="16" VPOS="727" HPOS="1857"/>
                  <String HEIGHT="50"
                          WIDTH="175"
                          VPOS="727"
                          HPOS="1809"
                          CONTENT="feruore"/>
                  <SP HEIGHT="50" WIDTH="16" VPOS="727" HPOS="1984"/>
                  <String HEIGHT="50"
                          WIDTH="95"
                          VPOS="727"
                          HPOS="1921"
                          CONTENT="illi"/>
               </TextLine>
               <TextLine ID="r3l17"
                         BASELINE="811"
                         HEIGHT="55"
                         WIDTH="420"
                         VPOS="756"
                         HPOS="1164">
                  <String HEIGHT="55"
                          WIDTH="145"
                          VPOS="756"
                          HPOS="1150"
                          CONTENT="inesse"/>
                  <SP HEIGHT="55" WIDTH="14" VPOS="756" HPOS="1294"/>
                  <String HEIGHT="55"
                          WIDTH="188"
                          VPOS="756"
                          HPOS="1251"
                          CONTENT="desidero,"/>
                  <SP HEIGHT="55" WIDTH="14" VPOS="756" HPOS="1439"/>
                  <String HEIGHT="55"
                          WIDTH="116"
                          VPOS="756"
                          HPOS="1396"
                          CONTENT="quam"/>
                  <SP HEIGHT="55" WIDTH="14" VPOS="756" HPOS="1512"/>
                  <String HEIGHT="55"
                          WIDTH="130"
                          VPOS="756"
                          HPOS="1454"
                          CONTENT="alteri."/>
               </TextLine>
               <TextLine ID="line_1603043925673_4455"
                         BASELINE="857"
                         HEIGHT="61"
                         WIDTH="831"
                         VPOS="796"
                         HPOS="1196">
                  <String HEIGHT="61"
                          WIDTH="136"
                          VPOS="796"
                          HPOS="1181"
                          CONTENT="Primo"/>
                  <SP HEIGHT="61" WIDTH="15" VPOS="796" HPOS="1317"/>
                  <String HEIGHT="61"
                          WIDTH="136"
                          VPOS="796"
                          HPOS="1272"
                          CONTENT="modo,"/>
                  <SP HEIGHT="61" WIDTH="15" VPOS="796" HPOS="1408"/>
                  <String HEIGHT="61" WIDTH="91" VPOS="796" HPOS="1362" CONTENT="si"/>
                  <SP HEIGHT="61" WIDTH="15" VPOS="796" HPOS="1453"/>
                  <String HEIGHT="61"
                          WIDTH="136"
                          VPOS="796"
                          HPOS="1408"
                          CONTENT="talia"/>
                  <SP HEIGHT="61" WIDTH="15" VPOS="796" HPOS="1544"/>
                  <String HEIGHT="61"
                          WIDTH="121"
                          VPOS="796"
                          HPOS="1498"
                          CONTENT="bona"/>
                  <SP HEIGHT="61" WIDTH="15" VPOS="796" HPOS="1619"/>
                  <String HEIGHT="61"
                          WIDTH="121"
                          VPOS="796"
                          HPOS="1574"
                          CONTENT="sunt"/>
                  <SP HEIGHT="61" WIDTH="15" VPOS="796" HPOS="1695"/>
                  <String HEIGHT="61"
                          WIDTH="166"
                          VPOS="796"
                          HPOS="1649"
                          CONTENT="gratia,"/>
                  <SP HEIGHT="61" WIDTH="15" VPOS="796" HPOS="1815"/>
                  <String HEIGHT="61"
                          WIDTH="106"
                          VPOS="796"
                          HPOS="1770"
                          CONTENT="vel"/>
                  <SP HEIGHT="61" WIDTH="15" VPOS="796" HPOS="1876"/>
                  <String HEIGHT="61"
                          WIDTH="166"
                          VPOS="796"
                          HPOS="1831"
                          CONTENT="gloria,"/>
                  <SP HEIGHT="61" WIDTH="15" VPOS="796" HPOS="1997"/>
                  <String HEIGHT="61"
                          WIDTH="91"
                          VPOS="796"
                          HPOS="1936"
                          CONTENT="tunc"/>
               </TextLine>
               <TextLine ID="line_1603043925674_4457"
                         BASELINE="896"
                         HEIGHT="64"
                         WIDTH="866"
                         VPOS="832"
                         HPOS="1161">
                  <String HEIGHT="64"
                          WIDTH="225"
                          VPOS="832"
                          HPOS="1145"
                          CONTENT="aequaliter"/>
                  <SP HEIGHT="64" WIDTH="16" VPOS="832" HPOS="1369"/>
                  <String HEIGHT="64"
                          WIDTH="176"
                          VPOS="832"
                          HPOS="1321"
                          CONTENT="debemus"/>
                  <SP HEIGHT="64" WIDTH="16" VPOS="832" HPOS="1498"/>
                  <String HEIGHT="64"
                          WIDTH="144"
                          VPOS="832"
                          HPOS="1450"
                          CONTENT="omnes"/>
                  <SP HEIGHT="64" WIDTH="16" VPOS="832" HPOS="1594"/>
                  <String HEIGHT="64"
                          WIDTH="176"
                          VPOS="832"
                          HPOS="1546"
                          CONTENT="homines"/>
                  <SP HEIGHT="64" WIDTH="16" VPOS="832" HPOS="1722"/>
                  <String HEIGHT="64" WIDTH="96" VPOS="832" HPOS="1674" CONTENT="ex"/>
                  <SP HEIGHT="64" WIDTH="16" VPOS="832" HPOS="1770"/>
                  <String HEIGHT="64"
                          WIDTH="192"
                          VPOS="832"
                          HPOS="1722"
                          CONTENT="caritate"/>
                  <SP HEIGHT="64" WIDTH="16" VPOS="832" HPOS="1915"/>
                  <String HEIGHT="64"
                          WIDTH="176"
                          VPOS="832"
                          HPOS="1851"
                          CONTENT="diligere:"/>
               </TextLine>
               <TextLine ID="r3l21"
                         BASELINE="920"
                         HEIGHT="43"
                         WIDTH="849"
                         VPOS="877"
                         HPOS="1157">
                  <String HEIGHT="43"
                          WIDTH="272"
                          VPOS="877"
                          HPOS="1141"
                          CONTENT="praesupposita"/>
                  <SP HEIGHT="43" WIDTH="16" VPOS="877" HPOS="1413"/>
                  <String HEIGHT="43"
                          WIDTH="144"
                          VPOS="877"
                          HPOS="1365"
                          CONTENT="tamen"/>
                  <SP HEIGHT="43" WIDTH="16" VPOS="877" HPOS="1509"/>
                  <String HEIGHT="43"
                          WIDTH="160"
                          VPOS="877"
                          HPOS="1461"
                          CONTENT="semper"/>
                  <SP HEIGHT="43" WIDTH="16" VPOS="877" HPOS="1622"/>
                  <String HEIGHT="43"
                          WIDTH="160"
                          VPOS="877"
                          HPOS="1573"
                          CONTENT="diuina"/>
                  <SP HEIGHT="43" WIDTH="16" VPOS="877" HPOS="1734"/>
                  <String HEIGHT="43"
                          WIDTH="272"
                          VPOS="877"
                          HPOS="1686"
                          CONTENT="complacentia,"/>
                  <SP HEIGHT="43" WIDTH="16" VPOS="877" HPOS="1958"/>
                  <String HEIGHT="43" WIDTH="80" VPOS="877" HPOS="1910" CONTENT="&amp;"/>
                  <SP HEIGHT="43" WIDTH="16" VPOS="877" HPOS="1990"/>
                  <String HEIGHT="43"
                          WIDTH="80"
                          VPOS="877"
                          HPOS="1926"
                          CONTENT="or"
                          SUBS_TYPE="HypPart1"
                          SUBS_CONTENT="ordinatione,"/>
                  <HYP CONTENT="-"/>
               </TextLine>
               <TextLine ID="r3l22"
                         BASELINE="972"
                         HEIGHT="52"
                         WIDTH="851"
                         VPOS="920"
                         HPOS="1152">
                  <String HEIGHT="52"
                          WIDTH="217"
                          VPOS="920"
                          HPOS="1137"
                          CONTENT="dinatione,"
                          SUBS_TYPE="HypPart2"
                          SUBS_CONTENT="ordinatione,"/>
                  <SP HEIGHT="52" WIDTH="15" VPOS="920" HPOS="1353"/>
                  <String HEIGHT="52"
                          WIDTH="186"
                          VPOS="920"
                          HPOS="1307"
                          CONTENT="scilicet"/>
                  <SP HEIGHT="52" WIDTH="15" VPOS="920" HPOS="1492"/>
                  <String HEIGHT="52"
                          WIDTH="124"
                          VPOS="920"
                          HPOS="1446"
                          CONTENT="quod"/>
                  <SP HEIGHT="52" WIDTH="15" VPOS="920" HPOS="1570"/>
                  <String HEIGHT="52"
                          WIDTH="124"
                          VPOS="920"
                          HPOS="1523"
                          CONTENT="sint"/>
                  <SP HEIGHT="52" WIDTH="15" VPOS="920" HPOS="1647"/>
                  <String HEIGHT="52" WIDTH="93" VPOS="920" HPOS="1601" CONTENT="ad"/>
                  <SP HEIGHT="52" WIDTH="15" VPOS="920" HPOS="1694"/>
                  <String HEIGHT="52"
                          WIDTH="139"
                          VPOS="920"
                          HPOS="1647"
                          CONTENT="vitam"/>
                  <SP HEIGHT="52" WIDTH="15" VPOS="920" HPOS="1786"/>
                  <String HEIGHT="52"
                          WIDTH="186"
                          VPOS="920"
                          HPOS="1740"
                          CONTENT="aeternam"/>
                  <SP HEIGHT="52" WIDTH="15" VPOS="920" HPOS="1926"/>
                  <String HEIGHT="52"
                          WIDTH="139"
                          VPOS="920"
                          HPOS="1864"
                          CONTENT="ordina"
                          SUBS_TYPE="HypPart1"
                          SUBS_CONTENT="ordinati:"/>
                  <HYP CONTENT="-"/>
               </TextLine>
               <TextLine ID="r3l23"
                         BASELINE="1012"
                         HEIGHT="58"
                         WIDTH="846"
                         VPOS="954"
                         HPOS="1155">
                  <String HEIGHT="58"
                          WIDTH="104"
                          VPOS="954"
                          HPOS="1140"
                          CONTENT="ti:"
                          SUBS_TYPE="HypPart2"
                          SUBS_CONTENT="ordinati:"/>
                  <SP HEIGHT="58" WIDTH="15" VPOS="954" HPOS="1244"/>
                  <String HEIGHT="58"
                          WIDTH="119"
                          VPOS="954"
                          HPOS="1200"
                          CONTENT="quia"/>
                  <SP HEIGHT="58" WIDTH="15" VPOS="954" HPOS="1318"/>
                  <String HEIGHT="58"
                          WIDTH="163"
                          VPOS="954"
                          HPOS="1274"
                          CONTENT="caritas"/>
                  <SP HEIGHT="58" WIDTH="15" VPOS="954" HPOS="1437"/>
                  <String HEIGHT="58"
                          WIDTH="104"
                          VPOS="954"
                          HPOS="1392"
                          CONTENT="non"/>
                  <SP HEIGHT="58" WIDTH="15" VPOS="954" HPOS="1496"/>
                  <String HEIGHT="58"
                          WIDTH="208"
                          VPOS="954"
                          HPOS="1452"
                          CONTENT="aemulatur,"/>
                  <SP HEIGHT="58" WIDTH="15" VPOS="954" HPOS="1660"/>
                  <String HEIGHT="58" WIDTH="89" VPOS="954" HPOS="1615" CONTENT="vt"/>
                  <SP HEIGHT="58" WIDTH="15" VPOS="954" HPOS="1704"/>
                  <String HEIGHT="58"
                          WIDTH="163"
                          VPOS="954"
                          HPOS="1660"
                          CONTENT="dicitur"/>
                  <SP HEIGHT="58" WIDTH="15" VPOS="954" HPOS="1823"/>
                  <String HEIGHT="58" WIDTH="89" VPOS="954" HPOS="1778" CONTENT="t."/>
                  <SP HEIGHT="58" WIDTH="15" VPOS="954" HPOS="1867"/>
                  <String HEIGHT="58" WIDTH="89" VPOS="954" HPOS="1823" CONTENT="ad"/>
                  <SP HEIGHT="58" WIDTH="15" VPOS="954" HPOS="1912"/>
                  <String HEIGHT="58"
                          WIDTH="148"
                          VPOS="954"
                          HPOS="1853"
                          CONTENT="Corinth."/>
               </TextLine>
               <TextLine ID="r3l24"
                         BASELINE="1036"
                         HEIGHT="40"
                         WIDTH="837"
                         VPOS="996"
                         HPOS="1162">
                  <String HEIGHT="40" WIDTH="93" VPOS="996" HPOS="1147" CONTENT="13"/>
                  <SP HEIGHT="40" WIDTH="16" VPOS="996" HPOS="1240"/>
                  <String HEIGHT="40"
                          WIDTH="109"
                          VPOS="996"
                          HPOS="1193"
                          CONTENT="sed"/>
                  <SP HEIGHT="40" WIDTH="16" VPOS="996" HPOS="1302"/>
                  <String HEIGHT="40"
                          WIDTH="248"
                          VPOS="996"
                          HPOS="1255"
                          CONTENT="inaequaliter"/>
                  <SP HEIGHT="40" WIDTH="16" VPOS="996" HPOS="1503"/>
                  <String HEIGHT="40"
                          WIDTH="202"
                          VPOS="996"
                          HPOS="1457"
                          CONTENT="aliquibus"/>
                  <SP HEIGHT="40" WIDTH="16" VPOS="996" HPOS="1658"/>
                  <String HEIGHT="40"
                          WIDTH="155"
                          VPOS="996"
                          HPOS="1612"
                          CONTENT="optare"/>
                  <SP HEIGHT="40" WIDTH="16" VPOS="996" HPOS="1767"/>
                  <String HEIGHT="40"
                          WIDTH="109"
                          VPOS="996"
                          HPOS="1720"
                          CONTENT="ea,"/>
                  <SP HEIGHT="40" WIDTH="16" VPOS="996" HPOS="1829"/>
                  <String HEIGHT="40"
                          WIDTH="155"
                          VPOS="996"
                          HPOS="1782"
                          CONTENT="quorum"/>
                  <SP HEIGHT="40" WIDTH="16" VPOS="996" HPOS="1937"/>
                  <String HEIGHT="40"
                          WIDTH="124"
                          VPOS="996"
                          HPOS="1875"
                          CONTENT="aequa"
                          SUBS_TYPE="HypPart1"
                          SUBS_CONTENT="aequaliter"/>
                  <HYP CONTENT="-"/>
               </TextLine>
               <TextLine ID="r3l25"
                         BASELINE="1080"
                         HEIGHT="51"
                         WIDTH="850"
                         VPOS="1029"
                         HPOS="1158">
                  <String HEIGHT="51"
                          WIDTH="139"
                          VPOS="1029"
                          HPOS="1143"
                          CONTENT="liter"
                          SUBS_TYPE="HypPart2"
                          SUBS_CONTENT="aequaliter"/>
                  <SP HEIGHT="51" WIDTH="15" VPOS="1029" HPOS="1282"/>
                  <String HEIGHT="51"
                          WIDTH="124"
                          VPOS="1029"
                          HPOS="1235"
                          CONTENT="sunt"/>
                  <SP HEIGHT="51" WIDTH="15" VPOS="1029" HPOS="1359"/>
                  <String HEIGHT="51"
                          WIDTH="185"
                          VPOS="1029"
                          HPOS="1313"
                          CONTENT="capaces,"/>
                  <SP HEIGHT="51" WIDTH="15" VPOS="1029" HPOS="1498"/>
                  <String HEIGHT="51"
                          WIDTH="108"
                          VPOS="1029"
                          HPOS="1452"
                          CONTENT="non"/>
                  <SP HEIGHT="51" WIDTH="15" VPOS="1029" HPOS="1560"/>
                  <String HEIGHT="51"
                          WIDTH="170"
                          VPOS="1029"
                          HPOS="1513"
                          CONTENT="careret"/>
                  <SP HEIGHT="51" WIDTH="15" VPOS="1029" HPOS="1683"/>
                  <String HEIGHT="51"
                          WIDTH="247"
                          VPOS="1029"
                          HPOS="1637"
                          CONTENT="aemulatione:"/>
                  <SP HEIGHT="51" WIDTH="15" VPOS="1029" HPOS="1884"/>
                  <String HEIGHT="51"
                          WIDTH="124"
                          VPOS="1029"
                          HPOS="1838"
                          CONTENT="nunc"/>
                  <SP HEIGHT="51" WIDTH="15" VPOS="1029" HPOS="1962"/>
                  <String HEIGHT="51"
                          WIDTH="108"
                          VPOS="1029"
                          HPOS="1900"
                          CONTENT="autem"/>
               </TextLine>
               <TextLine ID="r3l26"
                         BASELINE="1126"
                         HEIGHT="57"
                         WIDTH="854"
                         VPOS="1069"
                         HPOS="1155">
                  <String HEIGHT="57"
                          WIDTH="113"
                          VPOS="1069"
                          HPOS="1139"
                          CONTENT="ita"/>
                  <SP HEIGHT="57" WIDTH="16" VPOS="1069" HPOS="1252"/>
                  <String HEIGHT="57"
                          WIDTH="129"
                          VPOS="1069"
                          HPOS="1203"
                          CONTENT="est,"/>
                  <SP HEIGHT="57" WIDTH="16" VPOS="1069" HPOS="1332"/>
                  <String HEIGHT="57"
                          WIDTH="129"
                          VPOS="1069"
                          HPOS="1284"
                          CONTENT="quod"/>
                  <SP HEIGHT="57" WIDTH="16" VPOS="1069" HPOS="1413"/>
                  <String HEIGHT="57"
                          WIDTH="145"
                          VPOS="1069"
                          HPOS="1364"
                          CONTENT="omnes"/>
                  <SP HEIGHT="57" WIDTH="16" VPOS="1069" HPOS="1509"/>
                  <String HEIGHT="57"
                          WIDTH="193"
                          VPOS="1069"
                          HPOS="1461"
                          CONTENT="homines,"/>
                  <SP HEIGHT="57" WIDTH="16" VPOS="1069" HPOS="1655"/>
                  <String HEIGHT="57" WIDTH="97" VPOS="1069" HPOS="1606" CONTENT="vt"/>
                  <SP HEIGHT="57" WIDTH="16" VPOS="1069" HPOS="1703"/>
                  <String HEIGHT="57" WIDTH="81" VPOS="1069" HPOS="1655" CONTENT="a"/>
                  <SP HEIGHT="57" WIDTH="16" VPOS="1069" HPOS="1735"/>
                  <String HEIGHT="57"
                          WIDTH="113"
                          VPOS="1069"
                          HPOS="1687"
                          CONTENT="Deo"/>
                  <SP HEIGHT="57" WIDTH="16" VPOS="1069" HPOS="1800"/>
                  <String HEIGHT="57" WIDTH="97" VPOS="1069" HPOS="1751" CONTENT="ad"/>
                  <SP HEIGHT="57" WIDTH="16" VPOS="1069" HPOS="1848"/>
                  <String HEIGHT="57"
                          WIDTH="193"
                          VPOS="1069"
                          HPOS="1800"
                          CONTENT="imaginem"/>
                  <SP HEIGHT="57" WIDTH="16" VPOS="1069" HPOS="1993"/>
                  <String HEIGHT="57"
                          WIDTH="81"
                          VPOS="1069"
                          HPOS="1928"
                          CONTENT="Dei"/>
               </TextLine>
               <TextLine ID="r3l27"
                         BASELINE="1153"
                         HEIGHT="42"
                         WIDTH="839"
                         VPOS="1111"
                         HPOS="1161">
                  <String HEIGHT="42"
                          WIDTH="183"
                          VPOS="1111"
                          HPOS="1146"
                          CONTENT="producti"/>
                  <SP HEIGHT="42" WIDTH="15" VPOS="1111" HPOS="1329"/>
                  <String HEIGHT="42"
                          WIDTH="137"
                          VPOS="1111"
                          HPOS="1283"
                          CONTENT="sunt,"/>
                  <SP HEIGHT="42" WIDTH="15" VPOS="1111" HPOS="1420"/>
                  <String HEIGHT="42"
                          WIDTH="244"
                          VPOS="1111"
                          HPOS="1375"
                          CONTENT="praedictorum"/>
                  <SP HEIGHT="42" WIDTH="15" VPOS="1111" HPOS="1619"/>
                  <String HEIGHT="42"
                          WIDTH="168"
                          VPOS="1111"
                          HPOS="1573"
                          CONTENT="bonorum"/>
                  <SP HEIGHT="42" WIDTH="15" VPOS="1111" HPOS="1741"/>
                  <String HEIGHT="42"
                          WIDTH="214"
                          VPOS="1111"
                          HPOS="1695"
                          CONTENT="aequaliter"/>
                  <SP HEIGHT="42" WIDTH="15" VPOS="1111" HPOS="1908"/>
                  <String HEIGHT="42"
                          WIDTH="122"
                          VPOS="1111"
                          HPOS="1863"
                          CONTENT="sunt"/>
                  <SP HEIGHT="42" WIDTH="15" VPOS="1111" HPOS="1985"/>
                  <String HEIGHT="42"
                          WIDTH="76"
                          VPOS="1111"
                          HPOS="1924"
                          CONTENT="ca"
                          SUBS_TYPE="HypPart1"
                          SUBS_CONTENT="capaces:"/>
                  <HYP CONTENT="-"/>
               </TextLine>
               <TextLine ID="r3l28"
                         BASELINE="1201"
                         HEIGHT="52"
                         WIDTH="228"
                         VPOS="1149"
                         HPOS="1158">
                  <String HEIGHT="52"
                          WIDTH="152"
                          VPOS="1149"
                          HPOS="1143"
                          CONTENT="paces:"
                          SUBS_TYPE="HypPart2"
                          SUBS_CONTENT="capaces:"/>
                  <SP HEIGHT="52" WIDTH="15" VPOS="1149" HPOS="1295"/>
                  <String HEIGHT="52"
                          WIDTH="122"
                          VPOS="1149"
                          HPOS="1249"
                          CONTENT="ergo"/>
                  <SP HEIGHT="52" WIDTH="15" VPOS="1149" HPOS="1371"/>
                  <String HEIGHT="52"
                          WIDTH="76"
                          VPOS="1149"
                          HPOS="1310"
                          CONTENT="&amp;c."/>
               </TextLine>
               <TextLine ID="r3l30"
                         BASELINE="1238"
                         HEIGHT="49"
                         WIDTH="822"
                         VPOS="1189"
                         HPOS="1179">
                  <String HEIGHT="49"
                          WIDTH="101"
                          VPOS="1189"
                          HPOS="1162"
                          CONTENT="De"/>
                  <SP HEIGHT="49" WIDTH="17" VPOS="1189" HPOS="1263"/>
                  <String HEIGHT="49"
                          WIDTH="268"
                          VPOS="1189"
                          HPOS="1213"
                          CONTENT="temporalibus"/>
                  <SP HEIGHT="49" WIDTH="17" VPOS="1189" HPOS="1481"/>
                  <String HEIGHT="49"
                          WIDTH="151"
                          VPOS="1189"
                          HPOS="1431"
                          CONTENT="tamen"/>
                  <SP HEIGHT="49" WIDTH="17" VPOS="1189" HPOS="1582"/>
                  <String HEIGHT="49"
                          WIDTH="151"
                          VPOS="1189"
                          HPOS="1531"
                          CONTENT="bonis"/>
                  <SP HEIGHT="49" WIDTH="17" VPOS="1189" HPOS="1682"/>
                  <String HEIGHT="49"
                          WIDTH="168"
                          VPOS="1189"
                          HPOS="1632"
                          CONTENT="maiora"/>
                  <SP HEIGHT="49" WIDTH="17" VPOS="1189" HPOS="1800"/>
                  <String HEIGHT="49"
                          WIDTH="201"
                          VPOS="1189"
                          HPOS="1749"
                          CONTENT="possumus"/>
                  <SP HEIGHT="49" WIDTH="17" VPOS="1189" HPOS="1951"/>
                  <String HEIGHT="49"
                          WIDTH="117"
                          VPOS="1189"
                          HPOS="1884"
                          CONTENT="velle"/>
               </TextLine>
               <TextLine ID="r3l31"
                         BASELINE="1289"
                         HEIGHT="54"
                         WIDTH="838"
                         VPOS="1235"
                         HPOS="1160">
                  <String HEIGHT="54"
                          WIDTH="210"
                          VPOS="1235"
                          HPOS="1146"
                          CONTENT="propinquis,"/>
                  <SP HEIGHT="54" WIDTH="14" VPOS="1235" HPOS="1356"/>
                  <String HEIGHT="54"
                          WIDTH="112"
                          VPOS="1235"
                          HPOS="1314"
                          CONTENT="quam"/>
                  <SP HEIGHT="54" WIDTH="14" VPOS="1235" HPOS="1425"/>
                  <String HEIGHT="54"
                          WIDTH="196"
                          VPOS="1235"
                          HPOS="1383"
                          CONTENT="extraneis,"/>
                  <SP HEIGHT="54" WIDTH="14" VPOS="1235" HPOS="1579"/>
                  <String HEIGHT="54"
                          WIDTH="126"
                          VPOS="1235"
                          HPOS="1537"
                          CONTENT="saluo"/>
                  <SP HEIGHT="54" WIDTH="14" VPOS="1235" HPOS="1663"/>
                  <String HEIGHT="54"
                          WIDTH="140"
                          VPOS="1235"
                          HPOS="1621"
                          CONTENT="ordine"/>
                  <SP HEIGHT="54" WIDTH="14" VPOS="1235" HPOS="1761"/>
                  <String HEIGHT="54"
                          WIDTH="196"
                          VPOS="1235"
                          HPOS="1719"
                          CONTENT="caritatis:"/>
                  <SP HEIGHT="54" WIDTH="14" VPOS="1235" HPOS="1914"/>
                  <String HEIGHT="54"
                          WIDTH="140"
                          VPOS="1235"
                          HPOS="1858"
                          CONTENT="praesup"
                          SUBS_TYPE="HypPart1"
                          SUBS_CONTENT="praesupposito"/>
                  <HYP CONTENT="-"/>
               </TextLine>
               <TextLine ID="r3l32"
                         BASELINE="1319"
                         HEIGHT="46"
                         WIDTH="841"
                         VPOS="1273"
                         HPOS="1158">
                  <String HEIGHT="46"
                          WIDTH="165"
                          VPOS="1273"
                          HPOS="1142"
                          CONTENT="posito"
                          SUBS_TYPE="HypPart2"
                          SUBS_CONTENT="praesupposito"/>
                  <SP HEIGHT="46" WIDTH="16" VPOS="1273" HPOS="1306"/>
                  <String HEIGHT="46"
                          WIDTH="165"
                          VPOS="1273"
                          HPOS="1257"
                          CONTENT="tamen,"/>
                  <SP HEIGHT="46" WIDTH="16" VPOS="1273" HPOS="1422"/>
                  <String HEIGHT="46"
                          WIDTH="132"
                          VPOS="1273"
                          HPOS="1372"
                          CONTENT="quod"/>
                  <SP HEIGHT="46" WIDTH="16" VPOS="1273" HPOS="1504"/>
                  <String HEIGHT="46"
                          WIDTH="165"
                          VPOS="1273"
                          HPOS="1455"
                          CONTENT="idonei"/>
                  <SP HEIGHT="46" WIDTH="16" VPOS="1273" HPOS="1620"/>
                  <String HEIGHT="46"
                          WIDTH="132"
                          VPOS="1273"
                          HPOS="1570"
                          CONTENT="sint"/>
                  <SP HEIGHT="46" WIDTH="16" VPOS="1273" HPOS="1702"/>
                  <String HEIGHT="46" WIDTH="99" VPOS="1273" HPOS="1653" CONTENT="ad"/>
                  <SP HEIGHT="46" WIDTH="16" VPOS="1273" HPOS="1752"/>
                  <String HEIGHT="46"
                          WIDTH="148"
                          VPOS="1273"
                          HPOS="1702"
                          CONTENT="eorum"/>
                  <SP HEIGHT="46" WIDTH="16" VPOS="1273" HPOS="1851"/>
                  <String HEIGHT="46"
                          WIDTH="214"
                          VPOS="1273"
                          HPOS="1785"
                          CONTENT="receptionem"/>
               </TextLine>
               <TextLine ID="r3l34"
                         BASELINE="1355"
                         HEIGHT="53"
                         WIDTH="834"
                         VPOS="1302"
                         HPOS="1158">
                  <String HEIGHT="53" WIDTH="71" VPOS="1302" HPOS="1140" CONTENT=""/>
                  <SP HEIGHT="53" WIDTH="18" VPOS="1302" HPOS="1211"/>
                  <String HEIGHT="53"
                          WIDTH="124"
                          VPOS="1302"
                          HPOS="1158"
                          CONTENT="Sed"/>
                  <SP HEIGHT="53" WIDTH="18" VPOS="1302" HPOS="1282"/>
                  <String HEIGHT="53"
                          WIDTH="195"
                          VPOS="1302"
                          HPOS="1229"
                          CONTENT="secundo"/>
                  <SP HEIGHT="53" WIDTH="18" VPOS="1302" HPOS="1424"/>
                  <String HEIGHT="53"
                          WIDTH="160"
                          VPOS="1302"
                          HPOS="1371"
                          CONTENT="modo,"/>
                  <SP HEIGHT="53" WIDTH="18" VPOS="1302" HPOS="1531"/>
                  <String HEIGHT="53"
                          WIDTH="160"
                          VPOS="1302"
                          HPOS="1477"
                          CONTENT="puta,"/>
                  <SP HEIGHT="53" WIDTH="18" VPOS="1302" HPOS="1637"/>
                  <String HEIGHT="53"
                          WIDTH="195"
                          VPOS="1302"
                          HPOS="1584"
                          CONTENT="quantum"/>
                  <SP HEIGHT="53" WIDTH="18" VPOS="1302" HPOS="1779"/>
                  <String HEIGHT="53"
                          WIDTH="106"
                          VPOS="1302"
                          HPOS="1726"
                          CONTENT="ad"/>
                  <SP HEIGHT="53" WIDTH="18" VPOS="1302" HPOS="1832"/>
                  <String HEIGHT="53"
                          WIDTH="231"
                          VPOS="1302"
                          HPOS="1761"
                          CONTENT="intentionem"/>
               </TextLine>
               <TextLine ID="r3l35"
                         BASELINE="1403"
                         HEIGHT="58"
                         WIDTH="857"
                         VPOS="1345"
                         HPOS="1148">
                  <String HEIGHT="58"
                          WIDTH="153"
                          VPOS="1345"
                          HPOS="1133"
                          CONTENT="actus,"/>
                  <SP HEIGHT="58" WIDTH="15" VPOS="1345" HPOS="1286"/>
                  <String HEIGHT="58"
                          WIDTH="122"
                          VPOS="1345"
                          HPOS="1240"
                          CONTENT="tunc"/>
                  <SP HEIGHT="58" WIDTH="15" VPOS="1345" HPOS="1362"/>
                  <String HEIGHT="58"
                          WIDTH="138"
                          VPOS="1345"
                          HPOS="1316"
                          CONTENT="etiam"/>
                  <SP HEIGHT="58" WIDTH="15" VPOS="1345" HPOS="1454"/>
                  <String HEIGHT="58"
                          WIDTH="184"
                          VPOS="1345"
                          HPOS="1408"
                          CONTENT="ordinata"/>
                  <SP HEIGHT="58" WIDTH="15" VPOS="1345" HPOS="1592"/>
                  <String HEIGHT="58"
                          WIDTH="184"
                          VPOS="1345"
                          HPOS="1546"
                          CONTENT="caritate"/>
                  <SP HEIGHT="58" WIDTH="15" VPOS="1345" HPOS="1730"/>
                  <String HEIGHT="58"
                          WIDTH="184"
                          VPOS="1345"
                          HPOS="1684"
                          CONTENT="possumus"/>
                  <SP HEIGHT="58" WIDTH="15" VPOS="1345" HPOS="1867"/>
                  <String HEIGHT="58"
                          WIDTH="138"
                          VPOS="1345"
                          HPOS="1821"
                          CONTENT="magis"/>
                  <SP HEIGHT="58" WIDTH="15" VPOS="1345" HPOS="1959"/>
                  <String HEIGHT="58"
                          WIDTH="107"
                          VPOS="1345"
                          HPOS="1898"
                          CONTENT="dili"
                          SUBS_TYPE="HypPart1"
                          SUBS_CONTENT="diligere"/>
                  <HYP CONTENT="-"/>
               </TextLine>
               <TextLine ID="r3l36"
                         BASELINE="1444"
                         HEIGHT="52"
                         WIDTH="832"
                         VPOS="1392"
                         HPOS="1158">
                  <String HEIGHT="52"
                          WIDTH="128"
                          VPOS="1392"
                          HPOS="1142"
                          CONTENT="gere"
                          SUBS_TYPE="HypPart2"
                          SUBS_CONTENT="diligere"/>
                  <SP HEIGHT="52" WIDTH="16" VPOS="1392" HPOS="1270"/>
                  <String HEIGHT="52"
                          WIDTH="240"
                          VPOS="1392"
                          HPOS="1222"
                          CONTENT="propinquos,"/>
                  <SP HEIGHT="52" WIDTH="16" VPOS="1392" HPOS="1462"/>
                  <String HEIGHT="52"
                          WIDTH="128"
                          VPOS="1392"
                          HPOS="1414"
                          CONTENT="quam"/>
                  <SP HEIGHT="52" WIDTH="16" VPOS="1392" HPOS="1542"/>
                  <String HEIGHT="52"
                          WIDTH="224"
                          VPOS="1392"
                          HPOS="1494"
                          CONTENT="extraneos,"/>
                  <SP HEIGHT="52" WIDTH="16" VPOS="1392" HPOS="1718"/>
                  <String HEIGHT="52"
                          WIDTH="176"
                          VPOS="1392"
                          HPOS="1670"
                          CONTENT="quamuis"/>
                  <SP HEIGHT="52" WIDTH="16" VPOS="1392" HPOS="1846"/>
                  <String HEIGHT="52"
                          WIDTH="144"
                          VPOS="1392"
                          HPOS="1798"
                          CONTENT="etiam"/>
                  <SP HEIGHT="52" WIDTH="16" VPOS="1392" HPOS="1942"/>
                  <String HEIGHT="52"
                          WIDTH="112"
                          VPOS="1392"
                          HPOS="1878"
                          CONTENT="magi"
                          SUBS_TYPE="HypPart1"
                          SUBS_CONTENT="magiboni"/>
                  <HYP CONTENT="-"/>
               </TextLine>
               <TextLine ID="r3l37"
                         BASELINE="1476"
                         HEIGHT="58"
                         WIDTH="330"
                         VPOS="1418"
                         HPOS="1148">
                  <String HEIGHT="58"
                          WIDTH="115"
                          VPOS="1418"
                          HPOS="1134"
                          CONTENT="boni"
                          SUBS_TYPE="HypPart2"
                          SUBS_CONTENT="magiboni"/>
                  <SP HEIGHT="58" WIDTH="14" VPOS="1418" HPOS="1248"/>
                  <String HEIGHT="58"
                          WIDTH="115"
                          VPOS="1418"
                          HPOS="1205"
                          CONTENT="sint"/>
                  <SP HEIGHT="58" WIDTH="14" VPOS="1418" HPOS="1320"/>
                  <String HEIGHT="58"
                          WIDTH="115"
                          VPOS="1418"
                          HPOS="1277"
                          CONTENT="ipsi"/>
                  <SP HEIGHT="58" WIDTH="14" VPOS="1418" HPOS="1392"/>
                  <String HEIGHT="58"
                          WIDTH="143"
                          VPOS="1418"
                          HPOS="1335"
                          CONTENT="extranei"/>
               </TextLine>
               <TextLine ID="r3l38"
                         BASELINE="1524"
                         HEIGHT="62"
                         WIDTH="844"
                         VPOS="1462"
                         HPOS="1162">
                  <String HEIGHT="62" WIDTH="86" VPOS="1462" HPOS="1145" CONTENT="1"/>
                  <SP HEIGHT="62" WIDTH="17" VPOS="1462" HPOS="1231"/>
                  <String HEIGHT="62"
                          WIDTH="138"
                          VPOS="1462"
                          HPOS="1179"
                          CONTENT="Quia"/>
                  <SP HEIGHT="62" WIDTH="17" VPOS="1462" HPOS="1317"/>
                  <String HEIGHT="62"
                          WIDTH="121"
                          VPOS="1462"
                          HPOS="1265"
                          CONTENT="vbi"/>
                  <SP HEIGHT="62" WIDTH="17" VPOS="1462" HPOS="1386"/>
                  <String HEIGHT="62"
                          WIDTH="172"
                          VPOS="1462"
                          HPOS="1334"
                          CONTENT="plures"/>
                  <SP HEIGHT="62" WIDTH="17" VPOS="1462" HPOS="1506"/>
                  <String HEIGHT="62"
                          WIDTH="241"
                          VPOS="1462"
                          HPOS="1455"
                          CONTENT="concurrunt"/>
                  <SP HEIGHT="62" WIDTH="17" VPOS="1462" HPOS="1696"/>
                  <String HEIGHT="62"
                          WIDTH="138"
                          VPOS="1462"
                          HPOS="1644"
                          CONTENT="modi"/>
                  <SP HEIGHT="62" WIDTH="17" VPOS="1462" HPOS="1782"/>
                  <String HEIGHT="62"
                          WIDTH="207"
                          VPOS="1462"
                          HPOS="1730"
                          CONTENT="mouentes"/>
                  <SP HEIGHT="62" WIDTH="17" VPOS="1462" HPOS="1937"/>
                  <String HEIGHT="62"
                          WIDTH="103"
                          VPOS="1462"
                          HPOS="1885"
                          CONTENT="ad"/>
                  <SP HEIGHT="62" WIDTH="17" VPOS="1462" HPOS="1989"/>
                  <String HEIGHT="62"
                          WIDTH="86"
                          VPOS="1462"
                          HPOS="1920"
                          CONTENT="di"
                          SUBS_TYPE="HypPart1"
                          SUBS_CONTENT="dilectionem,"/>
                  <HYP CONTENT="-"/>
               </TextLine>
               <TextLine ID="r3l39"
                         BASELINE="1554"
                         HEIGHT="58"
                         WIDTH="846"
                         VPOS="1496"
                         HPOS="1149">
                  <String HEIGHT="58"
                          WIDTH="204"
                          VPOS="1496"
                          HPOS="1134"
                          CONTENT="lectionem,"
                          SUBS_TYPE="HypPart2"
                          SUBS_CONTENT="dilectionem,"/>
                  <SP HEIGHT="58" WIDTH="15" VPOS="1496" HPOS="1339"/>
                  <String HEIGHT="58"
                          WIDTH="102"
                          VPOS="1496"
                          HPOS="1295"
                          CONTENT="ibi"/>
                  <SP HEIGHT="58" WIDTH="15" VPOS="1496" HPOS="1397"/>
                  <String HEIGHT="58"
                          WIDTH="190"
                          VPOS="1496"
                          HPOS="1353"
                          CONTENT="intensior"/>
                  <SP HEIGHT="58" WIDTH="15" VPOS="1496" HPOS="1543"/>
                  <String HEIGHT="58"
                          WIDTH="102"
                          VPOS="1496"
                          HPOS="1499"
                          CONTENT="est"/>
                  <SP HEIGHT="58" WIDTH="15" VPOS="1496" HPOS="1601"/>
                  <String HEIGHT="58"
                          WIDTH="131"
                          VPOS="1496"
                          HPOS="1557"
                          CONTENT="actus"/>
                  <SP HEIGHT="58" WIDTH="15" VPOS="1496" HPOS="1689"/>
                  <String HEIGHT="58"
                          WIDTH="233"
                          VPOS="1496"
                          HPOS="1645"
                          CONTENT="dilectionis:"/>
                  <SP HEIGHT="58" WIDTH="15" VPOS="1496" HPOS="1878"/>
                  <String HEIGHT="58"
                          WIDTH="102"
                          VPOS="1496"
                          HPOS="1835"
                          CONTENT="sed"/>
                  <SP HEIGHT="58" WIDTH="15" VPOS="1496" HPOS="1937"/>
                  <String HEIGHT="58"
                          WIDTH="117"
                          VPOS="1496"
                          HPOS="1878"
                          CONTENT="plures"/>
               </TextLine>
               <TextLine ID="r3l40"
                         BASELINE="1603"
                         HEIGHT="64"
                         WIDTH="852"
                         VPOS="1539"
                         HPOS="1145">
                  <String HEIGHT="64"
                          WIDTH="145"
                          VPOS="1539"
                          HPOS="1129"
                          CONTENT="tales"/>
                  <SP HEIGHT="64" WIDTH="16" VPOS="1539" HPOS="1274"/>
                  <String HEIGHT="64"
                          WIDTH="129"
                          VPOS="1539"
                          HPOS="1225"
                          CONTENT="modi"/>
                  <SP HEIGHT="64" WIDTH="16" VPOS="1539" HPOS="1354"/>
                  <String HEIGHT="64"
                          WIDTH="225"
                          VPOS="1539"
                          HPOS="1306"
                          CONTENT="concurrunt"/>
                  <SP HEIGHT="64" WIDTH="16" VPOS="1539" HPOS="1531"/>
                  <String HEIGHT="64"
                          WIDTH="193"
                          VPOS="1539"
                          HPOS="1483"
                          CONTENT="respectu"/>
                  <SP HEIGHT="64" WIDTH="16" VPOS="1539" HPOS="1675"/>
                  <String HEIGHT="64"
                          WIDTH="273"
                          VPOS="1539"
                          HPOS="1627"
                          CONTENT="propinquorum:"/>
                  <SP HEIGHT="64" WIDTH="16" VPOS="1539" HPOS="1901"/>
                  <String HEIGHT="64"
                          WIDTH="129"
                          VPOS="1539"
                          HPOS="1852"
                          CONTENT="quia"/>
                  <SP HEIGHT="64" WIDTH="16" VPOS="1539" HPOS="1981"/>
                  <String HEIGHT="64"
                          WIDTH="80"
                          VPOS="1539"
                          HPOS="1917"
                          CONTENT="ibi"/>
               </TextLine>
               <TextLine ID="r3l41"
                         BASELINE="1629"
                         HEIGHT="51"
                         WIDTH="845"
                         VPOS="1578"
                         HPOS="1145">
                  <String HEIGHT="51"
                          WIDTH="196"
                          VPOS="1578"
                          HPOS="1130"
                          CONTENT="concurrit"/>
                  <SP HEIGHT="51" WIDTH="15" VPOS="1578" HPOS="1326"/>
                  <String HEIGHT="51"
                          WIDTH="136"
                          VPOS="1578"
                          HPOS="1281"
                          CONTENT="modus"/>
                  <SP HEIGHT="51" WIDTH="15" VPOS="1578" HPOS="1417"/>
                  <String HEIGHT="51"
                          WIDTH="196"
                          VPOS="1578"
                          HPOS="1371"
                          CONTENT="naturalis"/>
                  <SP HEIGHT="51" WIDTH="15" VPOS="1578" HPOS="1568"/>
                  <String HEIGHT="51"
                          WIDTH="211"
                          VPOS="1578"
                          HPOS="1522"
                          CONTENT="amicitiae,"/>
                  <SP HEIGHT="51" WIDTH="15" VPOS="1578" HPOS="1733"/>
                  <String HEIGHT="51"
                          WIDTH="121"
                          VPOS="1578"
                          HPOS="1688"
                          CONTENT="quae"/>
                  <SP HEIGHT="51" WIDTH="15" VPOS="1578" HPOS="1809"/>
                  <String HEIGHT="51"
                          WIDTH="181"
                          VPOS="1578"
                          HPOS="1764"
                          CONTENT="fundatur"/>
                  <SP HEIGHT="51" WIDTH="15" VPOS="1578" HPOS="1945"/>
                  <String HEIGHT="51"
                          WIDTH="106"
                          VPOS="1578"
                          HPOS="1884"
                          CONTENT="super"/>
               </TextLine>
               <TextLine ID="r3l42"
                         BASELINE="1673"
                         HEIGHT="46"
                         WIDTH="853"
                         VPOS="1627"
                         HPOS="1143">
                  <String HEIGHT="46"
                          WIDTH="307"
                          VPOS="1627"
                          HPOS="1126"
                          CONTENT="communicatione"/>
                  <SP HEIGHT="46" WIDTH="17" VPOS="1627" HPOS="1433"/>
                  <String HEIGHT="46"
                          WIDTH="154"
                          VPOS="1627"
                          HPOS="1382"
                          CONTENT="ortus"/>
                  <SP HEIGHT="46" WIDTH="17" VPOS="1627" HPOS="1535"/>
                  <String HEIGHT="46"
                          WIDTH="102"
                          VPOS="1627"
                          HPOS="1484"
                          CONTENT="ab"/>
                  <SP HEIGHT="46" WIDTH="17" VPOS="1627" HPOS="1587"/>
                  <String HEIGHT="46"
                          WIDTH="154"
                          VPOS="1627"
                          HPOS="1535"
                          CONTENT="eadem"/>
                  <SP HEIGHT="46" WIDTH="17" VPOS="1627" HPOS="1689"/>
                  <String HEIGHT="46"
                          WIDTH="222"
                          VPOS="1627"
                          HPOS="1638"
                          CONTENT="propinqua"/>
                  <SP HEIGHT="46" WIDTH="17" VPOS="1627" HPOS="1860"/>
                  <String HEIGHT="46"
                          WIDTH="188"
                          VPOS="1627"
                          HPOS="1808"
                          CONTENT="radice,"/>
                  <SP HEIGHT="46" WIDTH="17" VPOS="1627" HPOS="1996"/>
                  <String HEIGHT="46" WIDTH="85" VPOS="1627" HPOS="1945" CONTENT="&amp;"/>
                  <SP HEIGHT="46" WIDTH="17" VPOS="1627" HPOS="2030"/>
                  <String HEIGHT="46" WIDTH="34" VPOS="1627" HPOS="1962" CONTENT=""/>
               </TextLine>
               <TextLine ID="r3l43"
                         BASELINE="1707"
                         HEIGHT="43"
                         WIDTH="848"
                         VPOS="1664"
                         HPOS="1143">
                  <String HEIGHT="43"
                          WIDTH="141"
                          VPOS="1664"
                          HPOS="1127"
                          CONTENT="modus"/>
                  <SP HEIGHT="43" WIDTH="16" VPOS="1664" HPOS="1269"/>
                  <String HEIGHT="43"
                          WIDTH="204"
                          VPOS="1664"
                          HPOS="1222"
                          CONTENT="politicae"/>
                  <SP HEIGHT="43" WIDTH="16" VPOS="1664" HPOS="1426"/>
                  <String HEIGHT="43"
                          WIDTH="220"
                          VPOS="1664"
                          HPOS="1379"
                          CONTENT="amicitiae,"/>
                  <SP HEIGHT="43" WIDTH="16" VPOS="1664" HPOS="1598"/>
                  <String HEIGHT="43"
                          WIDTH="126"
                          VPOS="1664"
                          HPOS="1551"
                          CONTENT="quae"/>
                  <SP HEIGHT="43" WIDTH="16" VPOS="1664" HPOS="1677"/>
                  <String HEIGHT="43"
                          WIDTH="188"
                          VPOS="1664"
                          HPOS="1630"
                          CONTENT="fundatur"/>
                  <SP HEIGHT="43" WIDTH="16" VPOS="1664" HPOS="1818"/>
                  <String HEIGHT="43"
                          WIDTH="141"
                          VPOS="1664"
                          HPOS="1771"
                          CONTENT="super"/>
                  <SP HEIGHT="43" WIDTH="16" VPOS="1664" HPOS="1912"/>
                  <String HEIGHT="43"
                          WIDTH="141"
                          VPOS="1664"
                          HPOS="1850"
                          CONTENT="cominu"
                          SUBS_TYPE="HypPart1"
                          SUBS_CONTENT="cominunicatione"/>
                  <HYP CONTENT="-"/>
               </TextLine>
               <TextLine ID="r3l44"
                         BASELINE="1757"
                         HEIGHT="50"
                         WIDTH="830"
                         VPOS="1707"
                         HPOS="1155">
                  <String HEIGHT="50"
                          WIDTH="193"
                          VPOS="1707"
                          HPOS="1140"
                          CONTENT="nicatione"
                          SUBS_TYPE="HypPart2"
                          SUBS_CONTENT="cominunicatione"/>
                  <SP HEIGHT="50" WIDTH="15" VPOS="1707" HPOS="1333"/>
                  <String HEIGHT="50"
                          WIDTH="163"
                          VPOS="1707"
                          HPOS="1288"
                          CONTENT="eiusdem"/>
                  <SP HEIGHT="50" WIDTH="15" VPOS="1707" HPOS="1451"/>
                  <String HEIGHT="50"
                          WIDTH="148"
                          VPOS="1707"
                          HPOS="1407"
                          CONTENT="regni,"/>
                  <SP HEIGHT="50" WIDTH="15" VPOS="1707" HPOS="1555"/>
                  <String HEIGHT="50"
                          WIDTH="104"
                          VPOS="1707"
                          HPOS="1511"
                          CONTENT="vel"/>
                  <SP HEIGHT="50" WIDTH="15" VPOS="1707" HPOS="1614"/>
                  <String HEIGHT="50"
                          WIDTH="208"
                          VPOS="1707"
                          HPOS="1570"
                          CONTENT="ciuitatis:"/>
                  <SP HEIGHT="50" WIDTH="15" VPOS="1707" HPOS="1777"/>
                  <String HEIGHT="50"
                          WIDTH="133"
                          VPOS="1707"
                          HPOS="1733"
                          CONTENT="quia,"/>
                  <SP HEIGHT="50" WIDTH="15" VPOS="1707" HPOS="1866"/>
                  <String HEIGHT="50" WIDTH="89" VPOS="1707" HPOS="1822" CONTENT="vt"/>
                  <SP HEIGHT="50" WIDTH="15" VPOS="1707" HPOS="1911"/>
                  <String HEIGHT="50"
                          WIDTH="133"
                          VPOS="1707"
                          HPOS="1852"
                          CONTENT="plurim;"/>
               </TextLine>
               <TextLine ID="r3l45"
                         BASELINE="1788"
                         HEIGHT="45"
                         WIDTH="844"
                         VPOS="1743"
                         HPOS="1149">
                  <String HEIGHT="45"
                          WIDTH="223"
                          VPOS="1743"
                          HPOS="1133"
                          CONTENT="propinqui,"/>
                  <SP HEIGHT="45" WIDTH="16" VPOS="1743" HPOS="1356"/>
                  <String HEIGHT="45"
                          WIDTH="111"
                          VPOS="1743"
                          HPOS="1308"
                          CONTENT="seu"/>
                  <SP HEIGHT="45" WIDTH="16" VPOS="1743" HPOS="1420"/>
                  <String HEIGHT="45"
                          WIDTH="255"
                          VPOS="1743"
                          HPOS="1372"
                          CONTENT="consanguinei"/>
                  <SP HEIGHT="45" WIDTH="16" VPOS="1743" HPOS="1627"/>
                  <String HEIGHT="45"
                          WIDTH="223"
                          VPOS="1743"
                          HPOS="1579"
                          CONTENT="cohabitant"/>
                  <SP HEIGHT="45" WIDTH="16" VPOS="1743" HPOS="1802"/>
                  <String HEIGHT="45" WIDTH="96" VPOS="1743" HPOS="1754" CONTENT="in"/>
                  <SP HEIGHT="45" WIDTH="16" VPOS="1743" HPOS="1850"/>
                  <String HEIGHT="45"
                          WIDTH="143"
                          VPOS="1743"
                          HPOS="1802"
                          CONTENT="eadem"/>
                  <SP HEIGHT="45" WIDTH="16" VPOS="1743" HPOS="1945"/>
                  <String HEIGHT="45"
                          WIDTH="111"
                          VPOS="1743"
                          HPOS="1882"
                          CONTENT="ciui"
                          SUBS_TYPE="HypPart1"
                          SUBS_CONTENT="ciuitate,"/>
                  <HYP CONTENT="-"/>
               </TextLine>
               <TextLine ID="r3l46"
                         BASELINE="1829"
                         HEIGHT="54"
                         WIDTH="829"
                         VPOS="1775"
                         HPOS="1152">
                  <String HEIGHT="54"
                          WIDTH="138"
                          VPOS="1775"
                          HPOS="1137"
                          CONTENT="tate,"
                          SUBS_TYPE="HypPart2"
                          SUBS_CONTENT="ciuitate,"/>
                  <SP HEIGHT="54" WIDTH="15" VPOS="1775" HPOS="1275"/>
                  <String HEIGHT="54" WIDTH="77" VPOS="1775" HPOS="1229" CONTENT="&amp;"/>
                  <SP HEIGHT="54" WIDTH="15" VPOS="1775" HPOS="1306"/>
                  <String HEIGHT="54"
                          WIDTH="230"
                          VPOS="1775"
                          HPOS="1259"
                          CONTENT="oeconomicae"/>
                  <SP HEIGHT="54" WIDTH="15" VPOS="1775" HPOS="1490"/>
                  <String HEIGHT="54"
                          WIDTH="215"
                          VPOS="1775"
                          HPOS="1444"
                          CONTENT="amicitiae,"/>
                  <SP HEIGHT="54" WIDTH="15" VPOS="1775" HPOS="1659"/>
                  <String HEIGHT="54"
                          WIDTH="123"
                          VPOS="1775"
                          HPOS="1613"
                          CONTENT="quae"/>
                  <SP HEIGHT="54" WIDTH="15" VPOS="1775" HPOS="1735"/>
                  <String HEIGHT="54"
                          WIDTH="184"
                          VPOS="1775"
                          HPOS="1689"
                          CONTENT="fundatur"/>
                  <SP HEIGHT="54" WIDTH="15" VPOS="1775" HPOS="1874"/>
                  <String HEIGHT="54"
                          WIDTH="138"
                          VPOS="1775"
                          HPOS="1827"
                          CONTENT="super"/>
                  <SP HEIGHT="54" WIDTH="15" VPOS="1775" HPOS="1966"/>
                  <String HEIGHT="54"
                          WIDTH="77"
                          VPOS="1775"
                          HPOS="1904"
                          CONTENT="com"/>
               </TextLine>
               <TextLine ID="r3l48"
                         BASELINE="1870"
                         HEIGHT="59"
                         WIDTH="833"
                         VPOS="1811"
                         HPOS="1153">
                  <String HEIGHT="59"
                          WIDTH="219"
                          VPOS="1811"
                          HPOS="1138"
                          CONTENT="municatione"/>
                  <SP HEIGHT="59" WIDTH="15" VPOS="1811" HPOS="1358"/>
                  <String HEIGHT="59"
                          WIDTH="161"
                          VPOS="1811"
                          HPOS="1314"
                          CONTENT="eiusdem"/>
                  <SP HEIGHT="59" WIDTH="15" VPOS="1811" HPOS="1475"/>
                  <String HEIGHT="59"
                          WIDTH="190"
                          VPOS="1811"
                          HPOS="1431"
                          CONTENT="familiae:"/>
                  <SP HEIGHT="59" WIDTH="15" VPOS="1811" HPOS="1621"/>
                  <String HEIGHT="59"
                          WIDTH="117"
                          VPOS="1811"
                          HPOS="1577"
                          CONTENT="quia"/>
                  <SP HEIGHT="59" WIDTH="15" VPOS="1811" HPOS="1694"/>
                  <String HEIGHT="59"
                          WIDTH="117"
                          VPOS="1811"
                          HPOS="1650"
                          CONTENT="ipsi"/>
                  <SP HEIGHT="59" WIDTH="15" VPOS="1811" HPOS="1767"/>
                  <String HEIGHT="59"
                          WIDTH="132"
                          VPOS="1811"
                          HPOS="1723"
                          CONTENT="sunt,"/>
                  <SP HEIGHT="59" WIDTH="15" VPOS="1811" HPOS="1854"/>
                  <String HEIGHT="59" WIDTH="88" VPOS="1811" HPOS="1811" CONTENT="vt"/>
                  <SP HEIGHT="59" WIDTH="15" VPOS="1811" HPOS="1898"/>
                  <String HEIGHT="59"
                          WIDTH="146"
                          VPOS="1811"
                          HPOS="1840"
                          CONTENT="plurimum"/>
               </TextLine>
               <TextLine ID="r3l50"
                         BASELINE="1914"
                         HEIGHT="61"
                         WIDTH="837"
                         VPOS="1853"
                         HPOS="1149">
                  <String HEIGHT="61"
                          WIDTH="177"
                          VPOS="1853"
                          HPOS="1133"
                          CONTENT="eiusdem"/>
                  <SP HEIGHT="61" WIDTH="16" VPOS="1853" HPOS="1310"/>
                  <String HEIGHT="61"
                          WIDTH="193"
                          VPOS="1853"
                          HPOS="1262"
                          CONTENT="familiae"/>
                  <SP HEIGHT="61" WIDTH="16" VPOS="1853" HPOS="1455"/>
                  <String HEIGHT="61" WIDTH="97" VPOS="1853" HPOS="1407" CONTENT="in"/>
                  <SP HEIGHT="61" WIDTH="16" VPOS="1853" HPOS="1503"/>
                  <String HEIGHT="61"
                          WIDTH="145"
                          VPOS="1853"
                          HPOS="1455"
                          CONTENT="eadem"/>
                  <SP HEIGHT="61" WIDTH="16" VPOS="1853" HPOS="1600"/>
                  <String HEIGHT="61"
                          WIDTH="145"
                          VPOS="1853"
                          HPOS="1551"
                          CONTENT="domo,"/>
                  <SP HEIGHT="61" WIDTH="16" VPOS="1853" HPOS="1696"/>
                  <String HEIGHT="61"
                          WIDTH="113"
                          VPOS="1853"
                          HPOS="1648"
                          CONTENT="vel"/>
                  <SP HEIGHT="61" WIDTH="16" VPOS="1853" HPOS="1761"/>
                  <String HEIGHT="61" WIDTH="97" VPOS="1853" HPOS="1712" CONTENT="de"/>
                  <SP HEIGHT="61" WIDTH="16" VPOS="1853" HPOS="1809"/>
                  <String HEIGHT="61"
                          WIDTH="145"
                          VPOS="1853"
                          HPOS="1761"
                          CONTENT="prope"/>
                  <SP HEIGHT="61" WIDTH="16" VPOS="1853" HPOS="1906"/>
                  <String HEIGHT="61"
                          WIDTH="145"
                          VPOS="1853"
                          HPOS="1841"
                          CONTENT="fuerunt"/>
               </TextLine>
               <TextLine ID="r3l51"
                         BASELINE="1956"
                         HEIGHT="65"
                         WIDTH="855"
                         VPOS="1891"
                         HPOS="1140">
                  <String HEIGHT="65"
                          WIDTH="168"
                          VPOS="1891"
                          HPOS="1125"
                          CONTENT="Insuper"/>
                  <SP HEIGHT="65" WIDTH="15" VPOS="1891" HPOS="1293"/>
                  <String HEIGHT="65"
                          WIDTH="198"
                          VPOS="1891"
                          HPOS="1247"
                          CONTENT="concurrit"/>
                  <SP HEIGHT="65" WIDTH="15" VPOS="1891" HPOS="1445"/>
                  <String HEIGHT="65"
                          WIDTH="107"
                          VPOS="1891"
                          HPOS="1400"
                          CONTENT="ibi"/>
                  <SP HEIGHT="65" WIDTH="15" VPOS="1891" HPOS="1506"/>
                  <String HEIGHT="65"
                          WIDTH="137"
                          VPOS="1891"
                          HPOS="1461"
                          CONTENT="modus"/>
                  <SP HEIGHT="65" WIDTH="15" VPOS="1891" HPOS="1598"/>
                  <String HEIGHT="65"
                          WIDTH="168"
                          VPOS="1891"
                          HPOS="1552"
                          CONTENT="diuinae"/>
                  <SP HEIGHT="65" WIDTH="15" VPOS="1891" HPOS="1720"/>
                  <String HEIGHT="65"
                          WIDTH="214"
                          VPOS="1891"
                          HPOS="1674"
                          CONTENT="amicitiae,"/>
                  <SP HEIGHT="65" WIDTH="15" VPOS="1891" HPOS="1888"/>
                  <String HEIGHT="65"
                          WIDTH="122"
                          VPOS="1891"
                          HPOS="1842"
                          CONTENT="quae"/>
                  <SP HEIGHT="65" WIDTH="15" VPOS="1891" HPOS="1964"/>
                  <String HEIGHT="65"
                          WIDTH="92"
                          VPOS="1891"
                          HPOS="1903"
                          CONTENT="fun"
                          SUBS_TYPE="HypPart1"
                          SUBS_CONTENT="fundatur"/>
                  <HYP CONTENT="-"/>
               </TextLine>
               <TextLine ID="r3l52"
                         BASELINE="1993"
                         HEIGHT="60"
                         WIDTH="851"
                         VPOS="1933"
                         HPOS="1149">
                  <String HEIGHT="60"
                          WIDTH="145"
                          VPOS="1933"
                          HPOS="1133"
                          CONTENT="datur"
                          SUBS_TYPE="HypPart2"
                          SUBS_CONTENT="fundatur"/>
                  <SP HEIGHT="60" WIDTH="16" VPOS="1933" HPOS="1277"/>
                  <String HEIGHT="60"
                          WIDTH="145"
                          VPOS="1933"
                          HPOS="1229"
                          CONTENT="super"/>
                  <SP HEIGHT="60" WIDTH="16" VPOS="1933" HPOS="1374"/>
                  <String HEIGHT="60"
                          WIDTH="289"
                          VPOS="1933"
                          HPOS="1326"
                          CONTENT="communicatione"/>
                  <SP HEIGHT="60" WIDTH="16" VPOS="1933" HPOS="1615"/>
                  <String HEIGHT="60"
                          WIDTH="225"
                          VPOS="1933"
                          HPOS="1566"
                          CONTENT="caritatis,"/>
                  <SP HEIGHT="60" WIDTH="16" VPOS="1933" HPOS="1791"/>
                  <String HEIGHT="60" WIDTH="80" VPOS="1933" HPOS="1743" CONTENT="&amp;"/>
                  <SP HEIGHT="60" WIDTH="16" VPOS="1933" HPOS="1823"/>
                  <String HEIGHT="60"
                          WIDTH="193"
                          VPOS="1933"
                          HPOS="1775"
                          CONTENT="gratiae:"/>
                  <SP HEIGHT="60" WIDTH="16" VPOS="1933" HPOS="1968"/>
                  <String HEIGHT="60"
                          WIDTH="96"
                          VPOS="1933"
                          HPOS="1904"
                          CONTENT="quia"/>
               </TextLine>
               <TextLine ID="r3l53"
                         BASELINE="2034"
                         HEIGHT="61"
                         WIDTH="848"
                         VPOS="1973"
                         HPOS="1143">
                  <String HEIGHT="61"
                          WIDTH="104"
                          VPOS="1973"
                          HPOS="1128"
                          CONTENT="vel"/>
                  <SP HEIGHT="61" WIDTH="15" VPOS="1973" HPOS="1232"/>
                  <String HEIGHT="61"
                          WIDTH="119"
                          VPOS="1973"
                          HPOS="1188"
                          CONTENT="ipsi"/>
                  <SP HEIGHT="61" WIDTH="15" VPOS="1973" HPOS="1307"/>
                  <String HEIGHT="61"
                          WIDTH="119"
                          VPOS="1973"
                          HPOS="1262"
                          CONTENT="sunt"/>
                  <SP HEIGHT="61" WIDTH="15" VPOS="1973" HPOS="1381"/>
                  <String HEIGHT="61" WIDTH="89" VPOS="1973" HPOS="1336" CONTENT="in"/>
                  <SP HEIGHT="61" WIDTH="15" VPOS="1973" HPOS="1426"/>
                  <String HEIGHT="61"
                          WIDTH="164"
                          VPOS="1973"
                          HPOS="1381"
                          CONTENT="gratia,"/>
                  <SP HEIGHT="61" WIDTH="15" VPOS="1973" HPOS="1545"/>
                  <String HEIGHT="61"
                          WIDTH="104"
                          VPOS="1973"
                          HPOS="1500"
                          CONTENT="vel"/>
                  <SP HEIGHT="61" WIDTH="15" VPOS="1973" HPOS="1604"/>
                  <String HEIGHT="61"
                          WIDTH="149"
                          VPOS="1973"
                          HPOS="1560"
                          CONTENT="saltem"/>
                  <SP HEIGHT="61" WIDTH="15" VPOS="1973" HPOS="1708"/>
                  <String HEIGHT="61"
                          WIDTH="119"
                          VPOS="1973"
                          HPOS="1664"
                          CONTENT="esse"/>
                  <SP HEIGHT="61" WIDTH="15" VPOS="1973" HPOS="1783"/>
                  <String HEIGHT="61"
                          WIDTH="179"
                          VPOS="1973"
                          HPOS="1738"
                          CONTENT="possunt,"/>
                  <SP HEIGHT="61" WIDTH="15" VPOS="1973" HPOS="1917"/>
                  <String HEIGHT="61"
                          WIDTH="134"
                          VPOS="1973"
                          HPOS="1857"
                          CONTENT="quamdiu"/>
               </TextLine>
               <TextLine ID="r3l54"
                         BASELINE="2058"
                         HEIGHT="50"
                         WIDTH="168"
                         VPOS="2008"
                         HPOS="1143">
                  <String HEIGHT="50"
                          WIDTH="112"
                          VPOS="2008"
                          HPOS="1129"
                          CONTENT="sunt"/>
                  <SP HEIGHT="50" WIDTH="14" VPOS="2008" HPOS="1241"/>
                  <String HEIGHT="50" WIDTH="84" VPOS="2008" HPOS="1199" CONTENT="in"/>
                  <SP HEIGHT="50" WIDTH="14" VPOS="2008" HPOS="1283"/>
                  <String HEIGHT="50"
                          WIDTH="84"
                          VPOS="2008"
                          HPOS="1227"
                          CONTENT="via."/>
               </TextLine>
               <TextLine ID="r3l58"
                         BASELINE="2108"
                         HEIGHT="52"
                         WIDTH="844"
                         VPOS="2056"
                         HPOS="1150">
                  <String HEIGHT="52" WIDTH="77" VPOS="2056" HPOS="1135" CONTENT="2"/>
                  <SP HEIGHT="52" WIDTH="15" VPOS="2056" HPOS="1211"/>
                  <String HEIGHT="52"
                          WIDTH="215"
                          VPOS="2056"
                          HPOS="1165"
                          CONTENT="Praeterea,"/>
                  <SP HEIGHT="52" WIDTH="15" VPOS="2056" HPOS="1380"/>
                  <String HEIGHT="52"
                          WIDTH="138"
                          VPOS="2056"
                          HPOS="1334"
                          CONTENT="sicut"/>
                  <SP HEIGHT="52" WIDTH="15" VPOS="2056" HPOS="1472"/>
                  <String HEIGHT="52"
                          WIDTH="138"
                          VPOS="2056"
                          HPOS="1426"
                          CONTENT="calor"/>
                  <SP HEIGHT="52" WIDTH="15" VPOS="2056" HPOS="1564"/>
                  <String HEIGHT="52"
                          WIDTH="199"
                          VPOS="2056"
                          HPOS="1518"
                          CONTENT="naturalis"/>
                  <SP HEIGHT="52" WIDTH="15" VPOS="2056" HPOS="1718"/>
                  <String HEIGHT="52"
                          WIDTH="169"
                          VPOS="2056"
                          HPOS="1672"
                          CONTENT="citius,"/>
                  <SP HEIGHT="52" WIDTH="15" VPOS="2056" HPOS="1841"/>
                  <String HEIGHT="52" WIDTH="77" VPOS="2056" HPOS="1795" CONTENT="&amp;"/>
                  <SP HEIGHT="52" WIDTH="15" VPOS="2056" HPOS="1871"/>
                  <String HEIGHT="52"
                          WIDTH="184"
                          VPOS="2056"
                          HPOS="1810"
                          CONTENT="feruentius"/>
               </TextLine>
               <TextLine ID="r3l59"
                         BASELINE="2144"
                         HEIGHT="56"
                         WIDTH="829"
                         VPOS="2088"
                         HPOS="1149">
                  <String HEIGHT="56" WIDTH="75" VPOS="2088" HPOS="1134" CONTENT="e"/>
                  <SP HEIGHT="56" WIDTH="15" VPOS="2088" HPOS="1209"/>
                  <String HEIGHT="56"
                          WIDTH="196"
                          VPOS="2088"
                          HPOS="1164"
                          CONTENT="diffundit"/>
                  <SP HEIGHT="56" WIDTH="15" VPOS="2088" HPOS="1360"/>
                  <String HEIGHT="56" WIDTH="90" VPOS="2088" HPOS="1315" CONTENT="in"/>
                  <SP HEIGHT="56" WIDTH="15" VPOS="2088" HPOS="1405"/>
                  <String HEIGHT="56"
                          WIDTH="151"
                          VPOS="2088"
                          HPOS="1360"
                          CONTENT="medium"/>
                  <SP HEIGHT="56" WIDTH="15" VPOS="2088" HPOS="1511"/>
                  <String HEIGHT="56"
                          WIDTH="121"
                          VPOS="2088"
                          HPOS="1466"
                          CONTENT="sibi"/>
                  <SP HEIGHT="56" WIDTH="15" VPOS="2088" HPOS="1586"/>
                  <String HEIGHT="56"
                          WIDTH="241"
                          VPOS="2088"
                          HPOS="1541"
                          CONTENT="propinquius,"/>
                  <SP HEIGHT="56" WIDTH="15" VPOS="2088" HPOS="1782"/>
                  <String HEIGHT="56"
                          WIDTH="181"
                          VPOS="2088"
                          HPOS="1737"
                          CONTENT="deinceps"/>
                  <SP HEIGHT="56" WIDTH="15" VPOS="2088" HPOS="1918"/>
                  <String HEIGHT="56" WIDTH="90" VPOS="2088" HPOS="1872" CONTENT="ad"/>
                  <SP HEIGHT="56" WIDTH="15" VPOS="2088" HPOS="1963"/>
                  <String HEIGHT="56"
                          WIDTH="75"
                          VPOS="2088"
                          HPOS="1903"
                          CONTENT="ex"
                          SUBS_TYPE="HypPart1"
                          SUBS_CONTENT="extremum,"/>
                  <HYP CONTENT="-"/>
               </TextLine>
               <TextLine ID="r3l60"
                         BASELINE="2179"
                         HEIGHT="51"
                         WIDTH="852"
                         VPOS="2128"
                         HPOS="1144">
                  <String HEIGHT="51"
                          WIDTH="170"
                          VPOS="2128"
                          HPOS="1129"
                          CONTENT="tremum,"
                          SUBS_TYPE="HypPart2"
                          SUBS_CONTENT="extremum,"/>
                  <SP HEIGHT="51" WIDTH="15" VPOS="2128" HPOS="1299"/>
                  <String HEIGHT="51"
                          WIDTH="108"
                          VPOS="2128"
                          HPOS="1252"
                          CONTENT="sic"/>
                  <SP HEIGHT="51" WIDTH="15" VPOS="2128" HPOS="1361"/>
                  <String HEIGHT="51" WIDTH="77" VPOS="2128" HPOS="1314" CONTENT="&amp;"/>
                  <SP HEIGHT="51" WIDTH="15" VPOS="2128" HPOS="1392"/>
                  <String HEIGHT="51"
                          WIDTH="155"
                          VPOS="2128"
                          HPOS="1345"
                          CONTENT="calor,"/>
                  <SP HEIGHT="51" WIDTH="15" VPOS="2128" HPOS="1500"/>
                  <String HEIGHT="51"
                          WIDTH="108"
                          VPOS="2128"
                          HPOS="1454"
                          CONTENT="seu"/>
                  <SP HEIGHT="51" WIDTH="15" VPOS="2128" HPOS="1562"/>
                  <String HEIGHT="51"
                          WIDTH="124"
                          VPOS="2128"
                          HPOS="1516"
                          CONTENT="amor"/>
                  <SP HEIGHT="51" WIDTH="15" VPOS="2128" HPOS="1640"/>
                  <String HEIGHT="51"
                          WIDTH="248"
                          VPOS="2128"
                          HPOS="1593"
                          CONTENT="spiritualis."/>
                  <SP HEIGHT="51" WIDTH="15" VPOS="2128" HPOS="1841"/>
                  <String HEIGHT="51"
                          WIDTH="124"
                          VPOS="2128"
                          HPOS="1795"
                          CONTENT="Vnde"/>
                  <SP HEIGHT="51" WIDTH="15" VPOS="2128" HPOS="1919"/>
                  <String HEIGHT="51"
                          WIDTH="108"
                          VPOS="2128"
                          HPOS="1872"
                          CONTENT="ait"/>
                  <SP HEIGHT="51" WIDTH="15" VPOS="2128" HPOS="1981"/>
                  <String HEIGHT="51"
                          WIDTH="77"
                          VPOS="2128"
                          HPOS="1919"
                          CONTENT="Am"
                          SUBS_TYPE="HypPart1"
                          SUBS_CONTENT="Ambrosius,"/>
                  <HYP CONTENT="-"/>
               </TextLine>
               <TextLine ID="r3l61"
                         BASELINE="2225"
                         HEIGHT="55"
                         WIDTH="851"
                         VPOS="2170"
                         HPOS="1143">
                  <String HEIGHT="55"
                          WIDTH="196"
                          VPOS="2170"
                          HPOS="1127"
                          CONTENT="brosius,"
                          SUBS_TYPE="HypPart2"
                          SUBS_CONTENT="Ambrosius,"/>
                  <SP HEIGHT="55" WIDTH="16" VPOS="2170" HPOS="1323"/>
                  <String HEIGHT="55"
                          WIDTH="131"
                          VPOS="2170"
                          HPOS="1274"
                          CONTENT="quod"/>
                  <SP HEIGHT="55" WIDTH="16" VPOS="2170" HPOS="1405"/>
                  <String HEIGHT="55"
                          WIDTH="164"
                          VPOS="2170"
                          HPOS="1356"
                          CONTENT="primum"/>
                  <SP HEIGHT="55" WIDTH="16" VPOS="2170" HPOS="1519"/>
                  <String HEIGHT="55"
                          WIDTH="213"
                          VPOS="2170"
                          HPOS="1470"
                          CONTENT="diligendi"/>
                  <SP HEIGHT="55" WIDTH="16" VPOS="2170" HPOS="1683"/>
                  <String HEIGHT="55"
                          WIDTH="131"
                          VPOS="2170"
                          HPOS="1634"
                          CONTENT="sunt"/>
                  <SP HEIGHT="55" WIDTH="16" VPOS="2170" HPOS="1765"/>
                  <String HEIGHT="55"
                          WIDTH="213"
                          VPOS="2170"
                          HPOS="1716"
                          CONTENT="parentes,"/>
                  <SP HEIGHT="55" WIDTH="16" VPOS="2170" HPOS="1929"/>
                  <String HEIGHT="55"
                          WIDTH="131"
                          VPOS="2170"
                          HPOS="1863"
                          CONTENT="deinde"/>
               </TextLine>
               <TextLine ID="r3l62"
                         BASELINE="2259"
                         HEIGHT="48"
                         WIDTH="585"
                         VPOS="2211"
                         HPOS="1137">
                  <String HEIGHT="48"
                          WIDTH="150"
                          VPOS="2211"
                          HPOS="1122"
                          CONTENT="filij,"/>
                  <SP HEIGHT="48" WIDTH="15" VPOS="2211" HPOS="1272"/>
                  <String HEIGHT="48"
                          WIDTH="150"
                          VPOS="2211"
                          HPOS="1227"
                          CONTENT="deinde"/>
                  <SP HEIGHT="48" WIDTH="15" VPOS="2211" HPOS="1377"/>
                  <String HEIGHT="48"
                          WIDTH="195"
                          VPOS="2211"
                          HPOS="1332"
                          CONTENT="domestici"/>
                  <SP HEIGHT="48" WIDTH="15" VPOS="2211" HPOS="1527"/>
                  <String HEIGHT="48"
                          WIDTH="150"
                          VPOS="2211"
                          HPOS="1482"
                          CONTENT="deinde"/>
                  <SP HEIGHT="48" WIDTH="15" VPOS="2211" HPOS="1632"/>
                  <String HEIGHT="48"
                          WIDTH="150"
                          VPOS="2211"
                          HPOS="1572"
                          CONTENT="extranei"/>
               </TextLine>
               <TextLine ID="line_1603043925679_4459"
                         BASELINE="2304"
                         HEIGHT="52"
                         WIDTH="831"
                         VPOS="2252"
                         HPOS="1179">
                  <String HEIGHT="52"
                          WIDTH="147"
                          VPOS="2252"
                          HPOS="1163"
                          CONTENT="Forte"/>
                  <SP HEIGHT="52" WIDTH="16" VPOS="2252" HPOS="1309"/>
                  <String HEIGHT="52"
                          WIDTH="196"
                          VPOS="2252"
                          HPOS="1260"
                          CONTENT="dicetur,"/>
                  <SP HEIGHT="52" WIDTH="16" VPOS="2252" HPOS="1456"/>
                  <String HEIGHT="52"
                          WIDTH="130"
                          VPOS="2252"
                          HPOS="1407"
                          CONTENT="quod"/>
                  <SP HEIGHT="52" WIDTH="16" VPOS="2252" HPOS="1537"/>
                  <String HEIGHT="52"
                          WIDTH="196"
                          VPOS="2252"
                          HPOS="1489"
                          CONTENT="Augustin"/>
                  <SP HEIGHT="52" WIDTH="16" VPOS="2252" HPOS="1684"/>
                  <String HEIGHT="52"
                          WIDTH="212"
                          VPOS="2252"
                          HPOS="1635"
                          CONTENT="oopositum"/>
                  <SP HEIGHT="52" WIDTH="16" VPOS="2252" HPOS="1847"/>
                  <String HEIGHT="52"
                          WIDTH="163"
                          VPOS="2252"
                          HPOS="1798"
                          CONTENT="istius"/>
                  <SP HEIGHT="52" WIDTH="16" VPOS="2252" HPOS="1961"/>
                  <String HEIGHT="52"
                          WIDTH="114"
                          VPOS="2252"
                          HPOS="1896"
                          CONTENT="vide"
                          SUBS_TYPE="HypPart1"
                          SUBS_CONTENT="videtur"/>
                  <HYP CONTENT="-"/>
               </TextLine>
               <TextLine ID="line_1603043925680_4461"
                         BASELINE="2335"
                         HEIGHT="51"
                         WIDTH="871"
                         VPOS="2284"
                         HPOS="1138">
                  <String HEIGHT="51"
                          WIDTH="102"
                          VPOS="2284"
                          HPOS="1123"
                          CONTENT="tur"
                          SUBS_TYPE="HypPart2"
                          SUBS_CONTENT="videtur"/>
                  <SP HEIGHT="51" WIDTH="15" VPOS="2284" HPOS="1225"/>
                  <String HEIGHT="51"
                          WIDTH="189"
                          VPOS="2284"
                          HPOS="1182"
                          CONTENT="asserere:"/>
                  <SP HEIGHT="51" WIDTH="15" VPOS="2284" HPOS="1370"/>
                  <String HEIGHT="51"
                          WIDTH="116"
                          VPOS="2284"
                          HPOS="1327"
                          CONTENT="quia"/>
                  <SP HEIGHT="51" WIDTH="15" VPOS="2284" HPOS="1443"/>
                  <String HEIGHT="51" WIDTH="87" VPOS="2284" HPOS="1399" CONTENT="in"/>
                  <SP HEIGHT="51" WIDTH="15" VPOS="2284" HPOS="1486"/>
                  <String HEIGHT="51" WIDTH="87" VPOS="2284" HPOS="1443" CONTENT="de"/>
                  <SP HEIGHT="51" WIDTH="15" VPOS="2284" HPOS="1530"/>
                  <String HEIGHT="51"
                          WIDTH="116"
                          VPOS="2284"
                          HPOS="1486"
                          CONTENT="vera"/>
                  <SP HEIGHT="51" WIDTH="15" VPOS="2284" HPOS="1603"/>
                  <String HEIGHT="51"
                          WIDTH="189"
                          VPOS="2284"
                          HPOS="1559"
                          CONTENT="religione"/>
                  <SP HEIGHT="51" WIDTH="15" VPOS="2284" HPOS="1748"/>
                  <String HEIGHT="51"
                          WIDTH="116"
                          VPOS="2284"
                          HPOS="1704"
                          CONTENT="ait,"/>
                  <SP HEIGHT="51" WIDTH="15" VPOS="2284" HPOS="1820"/>
                  <String HEIGHT="51"
                          WIDTH="116"
                          VPOS="2284"
                          HPOS="1777"
                          CONTENT="quod"/>
                  <SP HEIGHT="51" WIDTH="15" VPOS="2284" HPOS="1893"/>
                  <String HEIGHT="51"
                          WIDTH="116"
                          VPOS="2284"
                          HPOS="1849"
                          CONTENT="ipsa"/>
                  <SP HEIGHT="51" WIDTH="15" VPOS="2284" HPOS="1965"/>
                  <String HEIGHT="51"
                          WIDTH="102"
                          VPOS="2284"
                          HPOS="1907"
                          CONTENT="natu"
                          SUBS_TYPE="HypPart1"
                          SUBS_CONTENT="natura"/>
                  <HYP CONTENT="-"/>
               </TextLine>
               <TextLine ID="line_1603043925680_4463"
                         BASELINE="2387"
                         HEIGHT="51"
                         WIDTH="868"
                         VPOS="2336"
                         HPOS="1141">
                  <String HEIGHT="51"
                          WIDTH="90"
                          VPOS="2336"
                          HPOS="1126"
                          CONTENT="ra"
                          SUBS_TYPE="HypPart2"
                          SUBS_CONTENT="natura"/>
                  <SP HEIGHT="51" WIDTH="15" VPOS="2336" HPOS="1216"/>
                  <String HEIGHT="51"
                          WIDTH="150"
                          VPOS="2336"
                          HPOS="1171"
                          CONTENT="humana"/>
                  <SP HEIGHT="51" WIDTH="15" VPOS="2336" HPOS="1321"/>
                  <String HEIGHT="51"
                          WIDTH="120"
                          VPOS="2336"
                          HPOS="1276"
                          CONTENT="sine"/>
                  <SP HEIGHT="51" WIDTH="15" VPOS="2336" HPOS="1395"/>
                  <String HEIGHT="51"
                          WIDTH="165"
                          VPOS="2336"
                          HPOS="1351"
                          CONTENT="carnali"/>
                  <SP HEIGHT="51" WIDTH="15" VPOS="2336" HPOS="1515"/>
                  <String HEIGHT="51"
                          WIDTH="210"
                          VPOS="2336"
                          HPOS="1470"
                          CONTENT="condicione"/>
                  <SP HEIGHT="51" WIDTH="15" VPOS="2336" HPOS="1680"/>
                  <String HEIGHT="51"
                          WIDTH="195"
                          VPOS="2336"
                          HPOS="1635"
                          CONTENT="diligenda"/>
                  <SP HEIGHT="51" WIDTH="15" VPOS="2336" HPOS="1829"/>
                  <String HEIGHT="51"
                          WIDTH="120"
                          VPOS="2336"
                          HPOS="1785"
                          CONTENT="est,"/>
                  <SP HEIGHT="51" WIDTH="15" VPOS="2336" HPOS="1904"/>
                  <String HEIGHT="51"
                          WIDTH="120"
                          VPOS="2336"
                          HPOS="1859"
                          CONTENT="siue"/>
                  <SP HEIGHT="51" WIDTH="15" VPOS="2336" HPOS="1979"/>
                  <String HEIGHT="51"
                          WIDTH="90"
                          VPOS="2336"
                          HPOS="1919"
                          CONTENT="siti"/>
               </TextLine>
               <TextLine ID="r3l66"
                         BASELINE="2416"
                         HEIGHT="54"
                         WIDTH="363"
                         VPOS="2362"
                         HPOS="1139">
                  <String HEIGHT="54"
                          WIDTH="182"
                          VPOS="2362"
                          HPOS="1125"
                          CONTENT="perfecta,"/>
                  <SP HEIGHT="54" WIDTH="14" VPOS="2362" HPOS="1307"/>
                  <String HEIGHT="54"
                          WIDTH="112"
                          VPOS="2362"
                          HPOS="1265"
                          CONTENT="siue"/>
                  <SP HEIGHT="54" WIDTH="14" VPOS="2362" HPOS="1376"/>
                  <String HEIGHT="54"
                          WIDTH="182"
                          VPOS="2362"
                          HPOS="1321"
                          CONTENT="perficiend"
                          SUBS_TYPE="HypPart1"
                          SUBS_CONTENT="perficiend2"/>
                  <HYP CONTENT="-"/>
               </TextLine>
               <TextLine ID="r3l67"
                         BASELINE="2457"
                         HEIGHT="48"
                         WIDTH="830"
                         VPOS="2409"
                         HPOS="1146">
                  <String HEIGHT="48"
                          WIDTH="77"
                          VPOS="2409"
                          HPOS="1131"
                          CONTENT="2"
                          SUBS_TYPE="HypPart2"
                          SUBS_CONTENT="perficiend2"/>
                  <SP HEIGHT="48" WIDTH="15" VPOS="2409" HPOS="1207"/>
                  <String HEIGHT="48"
                          WIDTH="138"
                          VPOS="2409"
                          HPOS="1161"
                          CONTENT="Item,"/>
                  <SP HEIGHT="48" WIDTH="15" VPOS="2409" HPOS="1300"/>
                  <String HEIGHT="48"
                          WIDTH="138"
                          VPOS="2409"
                          HPOS="1254"
                          CONTENT="eodem"/>
                  <SP HEIGHT="48" WIDTH="15" VPOS="2409" HPOS="1392"/>
                  <String HEIGHT="48"
                          WIDTH="138"
                          VPOS="2409"
                          HPOS="1346"
                          CONTENT="libro"/>
                  <SP HEIGHT="48" WIDTH="15" VPOS="2409" HPOS="1484"/>
                  <String HEIGHT="48"
                          WIDTH="123"
                          VPOS="2409"
                          HPOS="1438"
                          CONTENT="ait."/>
                  <SP HEIGHT="48" WIDTH="15" VPOS="2409" HPOS="1561"/>
                  <String HEIGHT="48"
                          WIDTH="108"
                          VPOS="2409"
                          HPOS="1515"
                          CONTENT="Qui"/>
                  <SP HEIGHT="48" WIDTH="15" VPOS="2409" HPOS="1622"/>
                  <String HEIGHT="48" WIDTH="92" VPOS="2409" HPOS="1576" CONTENT="in"/>
                  <SP HEIGHT="48" WIDTH="15" VPOS="2409" HPOS="1669"/>
                  <String HEIGHT="48"
                          WIDTH="169"
                          VPOS="2409"
                          HPOS="1622"
                          CONTENT="proximo"/>
                  <SP HEIGHT="48" WIDTH="15" VPOS="2409" HPOS="1792"/>
                  <String HEIGHT="48"
                          WIDTH="169"
                          VPOS="2409"
                          HPOS="1745"
                          CONTENT="diligit"/>
                  <SP HEIGHT="48" WIDTH="15" VPOS="2409" HPOS="1915"/>
                  <String HEIGHT="48"
                          WIDTH="123"
                          VPOS="2409"
                          HPOS="1853"
                          CONTENT="aliud;"/>
               </TextLine>
               <TextLine ID="r3l68"
                         BASELINE="2496"
                         HEIGHT="48"
                         WIDTH="830"
                         VPOS="2448"
                         HPOS="1146">
                  <String HEIGHT="48"
                          WIDTH="102"
                          VPOS="2448"
                          HPOS="1131"
                          CONTENT="uam"/>
                  <SP HEIGHT="48" WIDTH="15" VPOS="2448" HPOS="1233"/>
                  <String HEIGHT="48"
                          WIDTH="116"
                          VPOS="2448"
                          HPOS="1190"
                          CONTENT="ipse"/>
                  <SP HEIGHT="48" WIDTH="15" VPOS="2448" HPOS="1306"/>
                  <String HEIGHT="48"
                          WIDTH="116"
                          VPOS="2448"
                          HPOS="1262"
                          CONTENT="sibi"/>
                  <SP HEIGHT="48" WIDTH="15" VPOS="2448" HPOS="1379"/>
                  <String HEIGHT="48"
                          WIDTH="116"
                          VPOS="2448"
                          HPOS="1335"
                          CONTENT="est,"/>
                  <SP HEIGHT="48" WIDTH="15" VPOS="2448" HPOS="1452"/>
                  <String HEIGHT="48"
                          WIDTH="102"
                          VPOS="2448"
                          HPOS="1408"
                          CONTENT="non"/>
                  <SP HEIGHT="48" WIDTH="15" VPOS="2448" HPOS="1510"/>
                  <String HEIGHT="48"
                          WIDTH="102"
                          VPOS="2448"
                          HPOS="1466"
                          CONTENT="eum"/>
                  <SP HEIGHT="48" WIDTH="15" VPOS="2448" HPOS="1568"/>
                  <String HEIGHT="48"
                          WIDTH="160"
                          VPOS="2448"
                          HPOS="1525"
                          CONTENT="diligit"/>
                  <SP HEIGHT="48" WIDTH="15" VPOS="2448" HPOS="1685"/>
                  <String HEIGHT="48"
                          WIDTH="131"
                          VPOS="2448"
                          HPOS="1641"
                          CONTENT="sicut"/>
                  <SP HEIGHT="48" WIDTH="15" VPOS="2448" HPOS="1772"/>
                  <String HEIGHT="48"
                          WIDTH="175"
                          VPOS="2448"
                          HPOS="1728"
                          CONTENT="seipsum:"/>
                  <SP HEIGHT="48" WIDTH="15" VPOS="2448" HPOS="1903"/>
                  <String HEIGHT="48"
                          WIDTH="102"
                          VPOS="2448"
                          HPOS="1860"
                          CONTENT="sed"/>
                  <SP HEIGHT="48" WIDTH="15" VPOS="2448" HPOS="1961"/>
                  <String HEIGHT="48"
                          WIDTH="73"
                          VPOS="2448"
                          HPOS="1903"
                          CONTENT="ne"
                          SUBS_TYPE="HypPart1"
                          SUBS_CONTENT="nemo"/>
                  <HYP CONTENT="-"/>
               </TextLine>
               <TextLine ID="r3l69"
                         BASELINE="2530"
                         HEIGHT="42"
                         WIDTH="857"
                         VPOS="2488"
                         HPOS="1137">
                  <String HEIGHT="42"
                          WIDTH="82"
                          VPOS="2488"
                          HPOS="1123"
                          CONTENT="mo"
                          SUBS_TYPE="HypPart2"
                          SUBS_CONTENT="nemo"/>
                  <SP HEIGHT="42" WIDTH="14" VPOS="2488" HPOS="1205"/>
                  <String HEIGHT="42"
                          WIDTH="95"
                          VPOS="2488"
                          HPOS="1164"
                          CONTENT="est"/>
                  <SP HEIGHT="42" WIDTH="14" VPOS="2488" HPOS="1259"/>
                  <String HEIGHT="42"
                          WIDTH="109"
                          VPOS="2488"
                          HPOS="1219"
                          CONTENT="sibi"/>
                  <SP HEIGHT="42" WIDTH="14" VPOS="2488" HPOS="1327"/>
                  <String HEIGHT="42"
                          WIDTH="136"
                          VPOS="2488"
                          HPOS="1287"
                          CONTENT="pater,"/>
                  <SP HEIGHT="42" WIDTH="14" VPOS="2488" HPOS="1423"/>
                  <String HEIGHT="42"
                          WIDTH="150"
                          VPOS="2488"
                          HPOS="1382"
                          CONTENT="filius,"/>
                  <SP HEIGHT="42" WIDTH="14" VPOS="2488" HPOS="1531"/>
                  <String HEIGHT="42"
                          WIDTH="177"
                          VPOS="2488"
                          HPOS="1491"
                          CONTENT="cognatus,"/>
                  <SP HEIGHT="42" WIDTH="14" VPOS="2488" HPOS="1668"/>
                  <String HEIGHT="42"
                          WIDTH="95"
                          VPOS="2488"
                          HPOS="1627"
                          CONTENT="aut"/>
                  <SP HEIGHT="42" WIDTH="14" VPOS="2488" HPOS="1722"/>
                  <String HEIGHT="42"
                          WIDTH="163"
                          VPOS="2488"
                          HPOS="1681"
                          CONTENT="affinis:"/>
                  <SP HEIGHT="42" WIDTH="14" VPOS="2488" HPOS="1844"/>
                  <String HEIGHT="42"
                          WIDTH="109"
                          VPOS="2488"
                          HPOS="1804"
                          CONTENT="ergo"/>
                  <SP HEIGHT="42" WIDTH="14" VPOS="2488" HPOS="1912"/>
                  <String HEIGHT="42"
                          WIDTH="136"
                          VPOS="2488"
                          HPOS="1858"
                          CONTENT="ratione."/>
               </TextLine>
               <TextLine ID="r3l70"
                         BASELINE="2582"
                         HEIGHT="56"
                         WIDTH="854"
                         VPOS="2526"
                         HPOS="1137">
                  <String HEIGHT="56"
                          WIDTH="285"
                          VPOS="2526"
                          HPOS="1121"
                          CONTENT="propinquitatis"/>
                  <SP HEIGHT="56" WIDTH="16" VPOS="2526" HPOS="1406"/>
                  <String HEIGHT="56"
                          WIDTH="111"
                          VPOS="2526"
                          HPOS="1358"
                          CONTENT="non"/>
                  <SP HEIGHT="56" WIDTH="16" VPOS="2526" HPOS="1469"/>
                  <String HEIGHT="56"
                          WIDTH="142"
                          VPOS="2526"
                          HPOS="1422"
                          CONTENT="debet"/>
                  <SP HEIGHT="56" WIDTH="16" VPOS="2526" HPOS="1564"/>
                  <String HEIGHT="56"
                          WIDTH="127"
                          VPOS="2526"
                          HPOS="1517"
                          CONTENT="quis"/>
                  <SP HEIGHT="56" WIDTH="16" VPOS="2526" HPOS="1643"/>
                  <String HEIGHT="56"
                          WIDTH="142"
                          VPOS="2526"
                          HPOS="1596"
                          CONTENT="magis"/>
                  <SP HEIGHT="56" WIDTH="16" VPOS="2526" HPOS="1738"/>
                  <String HEIGHT="56"
                          WIDTH="158"
                          VPOS="2526"
                          HPOS="1691"
                          CONTENT="diligi"/>
                  <SP HEIGHT="56" WIDTH="16" VPOS="2526" HPOS="1849"/>
                  <String HEIGHT="56"
                          WIDTH="174"
                          VPOS="2526"
                          HPOS="1801"
                          CONTENT="secudum"/>
                  <SP HEIGHT="56" WIDTH="16" VPOS="2526" HPOS="1975"/>
                  <String HEIGHT="56"
                          WIDTH="79"
                          VPOS="2526"
                          HPOS="1912"
                          CONTENT="or"
                          SUBS_TYPE="HypPart1"
                          SUBS_CONTENT="ordinem"/>
                  <HYP CONTENT="-"/>
               </TextLine>
               <TextLine ID="r3l71"
                         BASELINE="2608"
                         HEIGHT="50"
                         WIDTH="236"
                         VPOS="2558"
                         HPOS="1137">
                  <String HEIGHT="50"
                          WIDTH="133"
                          VPOS="2558"
                          HPOS="1122"
                          CONTENT="dinem"
                          SUBS_TYPE="HypPart2"
                          SUBS_CONTENT="ordinem"/>
                  <SP HEIGHT="50" WIDTH="15" VPOS="2558" HPOS="1255"/>
                  <String HEIGHT="50"
                          WIDTH="177"
                          VPOS="2558"
                          HPOS="1196"
                          CONTENT="caritatis."/>
               </TextLine>
               <TextLine ID="r3l74"
                         BASELINE="2669"
                         HEIGHT="68"
                         WIDTH="783"
                         VPOS="2601"
                         HPOS="1209">
                  <String HEIGHT="68"
                          WIDTH="120"
                          VPOS="2601"
                          HPOS="1194"
                          CONTENT="Item"/>
                  <SP HEIGHT="68" WIDTH="15" VPOS="2601" HPOS="1314"/>
                  <String HEIGHT="68"
                          WIDTH="166"
                          VPOS="2601"
                          HPOS="1269"
                          CONTENT="August."/>
                  <SP HEIGHT="68" WIDTH="15" VPOS="2601" HPOS="1435"/>
                  <String HEIGHT="68"
                          WIDTH="120"
                          VPOS="2601"
                          HPOS="1390"
                          CONTENT="ait."/>
                  <SP HEIGHT="68" WIDTH="15" VPOS="2601" HPOS="1510"/>
                  <String HEIGHT="68"
                          WIDTH="120"
                          VPOS="2601"
                          HPOS="1465"
                          CONTENT="Poni"/>
                  <SP HEIGHT="68" WIDTH="15" VPOS="2601" HPOS="1585"/>
                  <String HEIGHT="68"
                          WIDTH="181"
                          VPOS="2601"
                          HPOS="1540"
                          CONTENT="extranei"/>
                  <SP HEIGHT="68" WIDTH="15" VPOS="2601" HPOS="1721"/>
                  <String HEIGHT="68"
                          WIDTH="136"
                          VPOS="2601"
                          HPOS="1676"
                          CONTENT="malis"/>
                  <SP HEIGHT="68" WIDTH="15" VPOS="2601" HPOS="1811"/>
                  <String HEIGHT="68"
                          WIDTH="151"
                          VPOS="2601"
                          HPOS="1766"
                          CONTENT="filiis"/>
                  <SP HEIGHT="68" WIDTH="15" VPOS="2601" HPOS="1917"/>
                  <String HEIGHT="68"
                          WIDTH="136"
                          VPOS="2601"
                          HPOS="1856"
                          CONTENT="praepo"
                          SUBS_TYPE="HypPart1"
                          SUBS_CONTENT="praeponendi"/>
                  <HYP CONTENT="-"/>
               </TextLine>
               <TextLine ID="r3l75"
                         BASELINE="2687"
                         HEIGHT="57"
                         WIDTH="165"
                         VPOS="2630"
                         HPOS="1134">
                  <String HEIGHT="57"
                          WIDTH="149"
                          VPOS="2630"
                          HPOS="1118"
                          CONTENT="nendi"
                          SUBS_TYPE="HypPart2"
                          SUBS_CONTENT="praeponendi"/>
                  <SP HEIGHT="57" WIDTH="17" VPOS="2630" HPOS="1266"/>
                  <String HEIGHT="57"
                          WIDTH="99"
                          VPOS="2630"
                          HPOS="1200"
                          CONTENT="sunt"/>
               </TextLine>
               <TextLine ID="r3l76"
                         BASELINE="2732"
                         HEIGHT="52"
                         WIDTH="794"
                         VPOS="2680"
                         HPOS="1182">
                  <String HEIGHT="52"
                          WIDTH="104"
                          VPOS="2680"
                          HPOS="1165"
                          CONTENT="Ad"/>
                  <SP HEIGHT="52" WIDTH="17" VPOS="2680" HPOS="1268"/>
                  <String HEIGHT="52"
                          WIDTH="173"
                          VPOS="2680"
                          HPOS="1217"
                          CONTENT="primum"/>
                  <SP HEIGHT="52" WIDTH="17" VPOS="2680" HPOS="1389"/>
                  <String HEIGHT="52"
                          WIDTH="224"
                          VPOS="2680"
                          HPOS="1337"
                          CONTENT="dicendum,"/>
                  <SP HEIGHT="52" WIDTH="17" VPOS="2680" HPOS="1562"/>
                  <String HEIGHT="52"
                          WIDTH="155"
                          VPOS="2680"
                          HPOS="1510"
                          CONTENT="quod,"/>
                  <SP HEIGHT="52" WIDTH="17" VPOS="2680" HPOS="1665"/>
                  <String HEIGHT="52"
                          WIDTH="190"
                          VPOS="2680"
                          HPOS="1614"
                          CONTENT="quamuis"/>
                  <SP HEIGHT="52" WIDTH="17" VPOS="2680" HPOS="1803"/>
                  <String HEIGHT="52"
                          WIDTH="173"
                          VPOS="2680"
                          HPOS="1752"
                          CONTENT="natura"/>
                  <SP HEIGHT="52" WIDTH="17" VPOS="2680" HPOS="1924"/>
                  <String HEIGHT="52"
                          WIDTH="121"
                          VPOS="2680"
                          HPOS="1855"
                          CONTENT="huma"
                          SUBS_TYPE="HypPart1"
                          SUBS_CONTENT="humana"/>
                  <HYP CONTENT="-"/>
               </TextLine>
               <TextLine ID="r3l78"
                         BASELINE="2779"
                         HEIGHT="69"
                         WIDTH="845"
                         VPOS="2710"
                         HPOS="1131">
                  <String HEIGHT="69"
                          WIDTH="89"
                          VPOS="2710"
                          HPOS="1116"
                          CONTENT="na"
                          SUBS_TYPE="HypPart2"
                          SUBS_CONTENT="humana"/>
                  <SP HEIGHT="69" WIDTH="15" VPOS="2710" HPOS="1205"/>
                  <String HEIGHT="69"
                          WIDTH="104"
                          VPOS="2710"
                          HPOS="1161"
                          CONTENT="sit"/>
                  <SP HEIGHT="69" WIDTH="15" VPOS="2710" HPOS="1264"/>
                  <String HEIGHT="69"
                          WIDTH="193"
                          VPOS="2710"
                          HPOS="1220"
                          CONTENT="diligenda"/>
                  <SP HEIGHT="69" WIDTH="15" VPOS="2710" HPOS="1413"/>
                  <String HEIGHT="69"
                          WIDTH="119"
                          VPOS="2710"
                          HPOS="1368"
                          CONTENT="sine"/>
                  <SP HEIGHT="69" WIDTH="15" VPOS="2710" HPOS="1487"/>
                  <String HEIGHT="69"
                          WIDTH="163"
                          VPOS="2710"
                          HPOS="1442"
                          CONTENT="carnali"/>
                  <SP HEIGHT="69" WIDTH="15" VPOS="2710" HPOS="1605"/>
                  <String HEIGHT="69"
                          WIDTH="208"
                          VPOS="2710"
                          HPOS="1561"
                          CONTENT="condicione"/>
                  <SP HEIGHT="69" WIDTH="15" VPOS="2710" HPOS="1768"/>
                  <String HEIGHT="69"
                          WIDTH="252"
                          VPOS="2710"
                          HPOS="1724"
                          CONTENT="principaliter"/>
                  <SP HEIGHT="69" WIDTH="15" VPOS="2710" HPOS="1976"/>
                  <String HEIGHT="69" WIDTH="59" VPOS="2710" HPOS="1917" CONTENT="mo"/>
               </TextLine>
               <TextLine ID="r3l79"
                         BASELINE="2809"
                         HEIGHT="46"
                         WIDTH="841"
                         VPOS="2763"
                         HPOS="1134">
                  <String HEIGHT="46"
                          WIDTH="135"
                          VPOS="2763"
                          HPOS="1119"
                          CONTENT="uente"/>
                  <SP HEIGHT="46" WIDTH="15" VPOS="2763" HPOS="1254"/>
                  <String HEIGHT="46" WIDTH="90" VPOS="2763" HPOS="1209" CONTENT="ad"/>
                  <SP HEIGHT="46" WIDTH="15" VPOS="2763" HPOS="1299"/>
                  <String HEIGHT="46"
                          WIDTH="240"
                          VPOS="2763"
                          HPOS="1254"
                          CONTENT="dilectionem,"/>
                  <SP HEIGHT="46" WIDTH="15" VPOS="2763" HPOS="1494"/>
                  <String HEIGHT="46"
                          WIDTH="150"
                          VPOS="2763"
                          HPOS="1449"
                          CONTENT="potest"/>
                  <SP HEIGHT="46" WIDTH="15" VPOS="2763" HPOS="1600"/>
                  <String HEIGHT="46"
                          WIDTH="135"
                          VPOS="2763"
                          HPOS="1555"
                          CONTENT="tamen"/>
                  <SP HEIGHT="46" WIDTH="15" VPOS="2763" HPOS="1690"/>
                  <String HEIGHT="46"
                          WIDTH="135"
                          VPOS="2763"
                          HPOS="1645"
                          CONTENT="iuste"/>
                  <SP HEIGHT="46" WIDTH="15" VPOS="2763" HPOS="1780"/>
                  <String HEIGHT="46"
                          WIDTH="150"
                          VPOS="2763"
                          HPOS="1735"
                          CONTENT="diligi"/>
                  <SP HEIGHT="46" WIDTH="15" VPOS="2763" HPOS="1885"/>
                  <String HEIGHT="46"
                          WIDTH="105"
                          VPOS="2763"
                          HPOS="1840"
                          CONTENT="cum"/>
                  <SP HEIGHT="46" WIDTH="15" VPOS="2763" HPOS="1945"/>
                  <String HEIGHT="46"
                          WIDTH="90"
                          VPOS="2763"
                          HPOS="1885"
                          CONTENT="car"
                          SUBS_TYPE="HypPart1"
                          SUBS_CONTENT="carnali"/>
                  <HYP CONTENT="-"/>
               </TextLine>
               <TextLine ID="r3l80"
                         BASELINE="2848"
                         HEIGHT="48"
                         WIDTH="561"
                         VPOS="2800"
                         HPOS="1131">
                  <String HEIGHT="48"
                          WIDTH="128"
                          VPOS="2800"
                          HPOS="1115"
                          CONTENT="nali"
                          SUBS_TYPE="HypPart2"
                          SUBS_CONTENT="carnali"/>
                  <SP HEIGHT="48" WIDTH="16" VPOS="2800" HPOS="1243"/>
                  <String HEIGHT="48"
                          WIDTH="224"
                          VPOS="2800"
                          HPOS="1195"
                          CONTENT="condicione"/>
                  <SP HEIGHT="48" WIDTH="16" VPOS="2800" HPOS="1420"/>
                  <String HEIGHT="48"
                          WIDTH="176"
                          VPOS="2800"
                          HPOS="1371"
                          CONTENT="augente"/>
                  <SP HEIGHT="48" WIDTH="16" VPOS="2800" HPOS="1548"/>
                  <String HEIGHT="48"
                          WIDTH="208"
                          VPOS="2800"
                          HPOS="1484"
                          CONTENT="dilectionem"/>
               </TextLine>
               <TextLine ID="r3l81"
                         BASELINE="2885"
                         HEIGHT="53"
                         WIDTH="661"
                         VPOS="2832"
                         HPOS="1176">
                  <String HEIGHT="53" WIDTH="99" VPOS="2832" HPOS="1159" CONTENT="Et"/>
                  <SP HEIGHT="53" WIDTH="17" VPOS="2832" HPOS="1259"/>
                  <String HEIGHT="53"
                          WIDTH="116"
                          VPOS="2832"
                          HPOS="1209"
                          CONTENT="per"/>
                  <SP HEIGHT="53" WIDTH="17" VPOS="2832" HPOS="1325"/>
                  <String HEIGHT="53"
                          WIDTH="116"
                          VPOS="2832"
                          HPOS="1275"
                          CONTENT="hoc"/>
                  <SP HEIGHT="53" WIDTH="17" VPOS="2832" HPOS="1391"/>
                  <String HEIGHT="53"
                          WIDTH="149"
                          VPOS="2832"
                          HPOS="1341"
                          CONTENT="patet"/>
                  <SP HEIGHT="53" WIDTH="17" VPOS="2832" HPOS="1490"/>
                  <String HEIGHT="53" WIDTH="99" VPOS="2832" HPOS="1440" CONTENT="ad"/>
                  <SP HEIGHT="53" WIDTH="17" VPOS="2832" HPOS="1540"/>
                  <String HEIGHT="53"
                          WIDTH="198"
                          VPOS="2832"
                          HPOS="1490"
                          CONTENT="secundum"/>
                  <SP HEIGHT="53" WIDTH="17" VPOS="2832" HPOS="1688"/>
                  <String HEIGHT="53"
                          WIDTH="215"
                          VPOS="2832"
                          HPOS="1622"
                          CONTENT="argumentum."/>
               </TextLine>
               <TextLine ID="r3l82"
                         BASELINE="2926"
                         HEIGHT="53"
                         WIDTH="804"
                         VPOS="2873"
                         HPOS="1173">
                  <String HEIGHT="53" WIDTH="96" VPOS="2873" HPOS="1157" CONTENT="Ad"/>
                  <SP HEIGHT="53" WIDTH="16" VPOS="2873" HPOS="1253"/>
                  <String HEIGHT="53"
                          WIDTH="177"
                          VPOS="2873"
                          HPOS="1205"
                          CONTENT="tertium"/>
                  <SP HEIGHT="53" WIDTH="16" VPOS="2873" HPOS="1382"/>
                  <String HEIGHT="53"
                          WIDTH="209"
                          VPOS="2873"
                          HPOS="1334"
                          CONTENT="dicendum,"/>
                  <SP HEIGHT="53" WIDTH="16" VPOS="2873" HPOS="1543"/>
                  <String HEIGHT="53"
                          WIDTH="129"
                          VPOS="2873"
                          HPOS="1495"
                          CONTENT="quod"/>
                  <SP HEIGHT="53" WIDTH="16" VPOS="2873" HPOS="1623"/>
                  <String HEIGHT="53"
                          WIDTH="129"
                          VPOS="2873"
                          HPOS="1575"
                          CONTENT="illa"/>
                  <SP HEIGHT="53" WIDTH="16" VPOS="2873" HPOS="1704"/>
                  <String HEIGHT="53"
                          WIDTH="145"
                          VPOS="2873"
                          HPOS="1655"
                          CONTENT="verba"/>
                  <SP HEIGHT="53" WIDTH="16" VPOS="2873" HPOS="1800"/>
                  <String HEIGHT="53"
                          WIDTH="241"
                          VPOS="2873"
                          HPOS="1736"
                          CONTENT="intelliguntur"/>
               </TextLine>
               <TextLine ID="r3l83"
                         BASELINE="2964"
                         HEIGHT="54"
                         WIDTH="851"
                         VPOS="2910"
                         HPOS="1131">
                  <String HEIGHT="54" WIDTH="93" VPOS="2910" HPOS="1116" CONTENT="de"/>
                  <SP HEIGHT="54" WIDTH="15" VPOS="2910" HPOS="1208"/>
                  <String HEIGHT="54"
                          WIDTH="217"
                          VPOS="2910"
                          HPOS="1162"
                          CONTENT="promotione"/>
                  <SP HEIGHT="54" WIDTH="15" VPOS="2910" HPOS="1379"/>
                  <String HEIGHT="54" WIDTH="93" VPOS="2910" HPOS="1332" CONTENT="ad"/>
                  <SP HEIGHT="54" WIDTH="15" VPOS="2910" HPOS="1425"/>
                  <String HEIGHT="54"
                          WIDTH="263"
                          VPOS="2910"
                          HPOS="1379"
                          CONTENT="ecclesiastica"/>
                  <SP HEIGHT="54" WIDTH="15" VPOS="2910" HPOS="1642"/>
                  <String HEIGHT="54"
                          WIDTH="217"
                          VPOS="2910"
                          HPOS="1595"
                          CONTENT="beneficia,"/>
                  <SP HEIGHT="54" WIDTH="15" VPOS="2910" HPOS="1812"/>
                  <String HEIGHT="54" WIDTH="77" VPOS="2910" HPOS="1765" CONTENT="&amp;"/>
                  <SP HEIGHT="54" WIDTH="15" VPOS="2910" HPOS="1843"/>
                  <String HEIGHT="54"
                          WIDTH="108"
                          VPOS="2910"
                          HPOS="1796"
                          CONTENT="non"/>
                  <SP HEIGHT="54" WIDTH="15" VPOS="2910" HPOS="1905"/>
                  <String HEIGHT="54" WIDTH="93" VPOS="2910" HPOS="1858" CONTENT="de"/>
                  <SP HEIGHT="54" WIDTH="15" VPOS="2910" HPOS="1951"/>
                  <String HEIGHT="54"
                          WIDTH="93"
                          VPOS="2910"
                          HPOS="1889"
                          CONTENT="pro"
                          SUBS_TYPE="HypPart1"
                          SUBS_CONTENT="promotione"/>
                  <HYP CONTENT="-"/>
               </TextLine>
               <TextLine ID="r3l84"
                         BASELINE="3012"
                         HEIGHT="49"
                         WIDTH="856"
                         VPOS="2963"
                         HPOS="1132">
                  <String HEIGHT="49"
                          WIDTH="171"
                          VPOS="2963"
                          HPOS="1116"
                          CONTENT="motione"
                          SUBS_TYPE="HypPart2"
                          SUBS_CONTENT="promotione"/>
                  <SP HEIGHT="49" WIDTH="16" VPOS="2963" HPOS="1288"/>
                  <String HEIGHT="49" WIDTH="93" VPOS="2963" HPOS="1241" CONTENT="ad"/>
                  <SP HEIGHT="49" WIDTH="16" VPOS="2963" HPOS="1334"/>
                  <String HEIGHT="49"
                          WIDTH="233"
                          VPOS="2963"
                          HPOS="1288"
                          CONTENT="temporalia:"/>
                  <SP HEIGHT="49" WIDTH="16" VPOS="2963" HPOS="1521"/>
                  <String HEIGHT="49"
                          WIDTH="125"
                          VPOS="2963"
                          HPOS="1474"
                          CONTENT="quia"/>
                  <SP HEIGHT="49" WIDTH="16" VPOS="2963" HPOS="1599"/>
                  <String HEIGHT="49"
                          WIDTH="265"
                          VPOS="2963"
                          HPOS="1552"
                          CONTENT="ecclesiastica"/>
                  <SP HEIGHT="49" WIDTH="16" VPOS="2963" HPOS="1817"/>
                  <String HEIGHT="49"
                          WIDTH="202"
                          VPOS="2963"
                          HPOS="1770"
                          CONTENT="bencficia"/>
                  <SP HEIGHT="49" WIDTH="16" VPOS="2963" HPOS="1972"/>
                  <String HEIGHT="49"
                          WIDTH="78"
                          VPOS="2963"
                          HPOS="1910"
                          CONTENT="re"
                          SUBS_TYPE="HypPart1"
                          SUBS_CONTENT="respiciunt"/>
                  <HYP CONTENT="-"/>
               </TextLine>
               <TextLine ID="r3l85"
                         BASELINE="3044"
                         HEIGHT="52"
                         WIDTH="854"
                         VPOS="2992"
                         HPOS="1130">
                  <String HEIGHT="52"
                          WIDTH="180"
                          VPOS="2992"
                          HPOS="1115"
                          CONTENT="spiciunt"
                          SUBS_TYPE="HypPart2"
                          SUBS_CONTENT="respiciunt"/>
                  <SP HEIGHT="52" WIDTH="15" VPOS="2992" HPOS="1295"/>
                  <String HEIGHT="52"
                          WIDTH="210"
                          VPOS="2992"
                          HPOS="1250"
                          CONTENT="vtilitatem"/>
                  <SP HEIGHT="52" WIDTH="15" VPOS="2992" HPOS="1460"/>
                  <String HEIGHT="52"
                          WIDTH="210"
                          VPOS="2992"
                          HPOS="1415"
                          CONTENT="ecclesiae,"/>
                  <SP HEIGHT="52" WIDTH="15" VPOS="2992" HPOS="1624"/>
                  <String HEIGHT="52"
                          WIDTH="210"
                          VPOS="2992"
                          HPOS="1579"
                          CONTENT="temporalia"/>
                  <SP HEIGHT="52" WIDTH="15" VPOS="2992" HPOS="1789"/>
                  <String HEIGHT="52"
                          WIDTH="120"
                          VPOS="2992"
                          HPOS="1744"
                          CONTENT="vero"/>
                  <SP HEIGHT="52" WIDTH="15" VPOS="2992" HPOS="1864"/>
                  <String HEIGHT="52"
                          WIDTH="180"
                          VPOS="2992"
                          HPOS="1804"
                          CONTENT="vtilitatem"/>
               </TextLine>
               <TextLine ID="r3l86"
                         BASELINE="3084"
                         HEIGHT="54"
                         WIDTH="304"
                         VPOS="3030"
                         HPOS="1129">
                  <String HEIGHT="54"
                          WIDTH="174"
                          VPOS="3030"
                          HPOS="1115"
                          CONTENT="naturae,"/>
                  <SP HEIGHT="54" WIDTH="14" VPOS="3030" HPOS="1288"/>
                  <String HEIGHT="54"
                          WIDTH="101"
                          VPOS="3030"
                          HPOS="1245"
                          CONTENT="vel"/>
                  <SP HEIGHT="54" WIDTH="14" VPOS="3030" HPOS="1346"/>
                  <String HEIGHT="54"
                          WIDTH="145"
                          VPOS="3030"
                          HPOS="1288"
                          CONTENT="personae"/>
               </TextLine>
               <TextLine ID="r3l88"
                         BASELINE="3128"
                         HEIGHT="58"
                         WIDTH="806"
                         VPOS="3070"
                         HPOS="1165">
                  <String HEIGHT="58"
                          WIDTH="158"
                          VPOS="3070"
                          HPOS="1151"
                          CONTENT="Tertius"/>
                  <SP HEIGHT="58" WIDTH="14" VPOS="3070" HPOS="1309"/>
                  <String HEIGHT="58"
                          WIDTH="130"
                          VPOS="3070"
                          HPOS="1266"
                          CONTENT="casus"/>
                  <SP HEIGHT="58" WIDTH="14" VPOS="3070" HPOS="1395"/>
                  <String HEIGHT="58"
                          WIDTH="115"
                          VPOS="3070"
                          HPOS="1352"
                          CONTENT="est,"/>
                  <SP HEIGHT="58" WIDTH="14" VPOS="3070" HPOS="1467"/>
                  <String HEIGHT="58"
                          WIDTH="130"
                          VPOS="3070"
                          HPOS="1424"
                          CONTENT="dato,"/>
                  <SP HEIGHT="58" WIDTH="14" VPOS="3070" HPOS="1554"/>
                  <String HEIGHT="58"
                          WIDTH="115"
                          VPOS="3070"
                          HPOS="1510"
                          CONTENT="quod"/>
                  <SP HEIGHT="58" WIDTH="14" VPOS="3070" HPOS="1626"/>
                  <String HEIGHT="58"
                          WIDTH="158"
                          VPOS="3070"
                          HPOS="1582"
                          CONTENT="aliquis"/>
                  <SP HEIGHT="58" WIDTH="14" VPOS="3070" HPOS="1741"/>
                  <String HEIGHT="58"
                          WIDTH="101"
                          VPOS="3070"
                          HPOS="1698"
                          CONTENT="sit"/>
                  <SP HEIGHT="58" WIDTH="14" VPOS="3070" HPOS="1798"/>
                  <String HEIGHT="58"
                          WIDTH="130"
                          VPOS="3070"
                          HPOS="1755"
                          CONTENT="pater"/>
                  <SP HEIGHT="58" WIDTH="14" VPOS="3070" HPOS="1885"/>
                  <String HEIGHT="58"
                          WIDTH="144"
                          VPOS="3070"
                          HPOS="1827"
                          CONTENT="respectu"/>
               </TextLine>
               <TextLine ID="r3l89"
                         BASELINE="3166"
                         HEIGHT="52"
                         WIDTH="845"
                         VPOS="3114"
                         HPOS="1130">
                  <String HEIGHT="52"
                          WIDTH="125"
                          VPOS="3114"
                          HPOS="1116"
                          CONTENT="vnius"/>
                  <SP HEIGHT="52" WIDTH="14" VPOS="3114" HPOS="1241"/>
                  <String HEIGHT="52"
                          WIDTH="166"
                          VPOS="3114"
                          HPOS="1199"
                          CONTENT="hominis,"/>
                  <SP HEIGHT="52" WIDTH="14" VPOS="3114" HPOS="1365"/>
                  <String HEIGHT="52" WIDTH="69" VPOS="3114" HPOS="1324" CONTENT="&amp;"/>
                  <SP HEIGHT="52" WIDTH="14" VPOS="3114" HPOS="1393"/>
                  <String HEIGHT="52"
                          WIDTH="139"
                          VPOS="3114"
                          HPOS="1352"
                          CONTENT="filius"/>
                  <SP HEIGHT="52" WIDTH="14" VPOS="3114" HPOS="1490"/>
                  <String HEIGHT="52"
                          WIDTH="166"
                          VPOS="3114"
                          HPOS="1449"
                          CONTENT="respectu"/>
                  <SP HEIGHT="52" WIDTH="14" VPOS="3114" HPOS="1615"/>
                  <String HEIGHT="52"
                          WIDTH="166"
                          VPOS="3114"
                          HPOS="1573"
                          CONTENT="alterius"/>
                  <SP HEIGHT="52" WIDTH="14" VPOS="3114" HPOS="1740"/>
                  <String HEIGHT="52" WIDTH="69" VPOS="3114" HPOS="1698" CONTENT=":"/>
                  <SP HEIGHT="52" WIDTH="14" VPOS="3114" HPOS="1767"/>
                  <String HEIGHT="52"
                          WIDTH="125"
                          VPOS="3114"
                          HPOS="1726"
                          CONTENT="vtrum"/>
                  <SP HEIGHT="52" WIDTH="14" VPOS="3114" HPOS="1850"/>
                  <String HEIGHT="52" WIDTH="83" VPOS="3114" HPOS="1809" CONTENT="ex"/>
                  <SP HEIGHT="52" WIDTH="14" VPOS="3114" HPOS="1892"/>
                  <String HEIGHT="52"
                          WIDTH="139"
                          VPOS="3114"
                          HPOS="1836"
                          CONTENT="caritate"/>
               </TextLine>
               <TextLine ID="line_1603043925684_4467"
                         BASELINE="3202"
                         HEIGHT="53"
                         WIDTH="865"
                         VPOS="3149"
                         HPOS="1134">
                  <String HEIGHT="53"
                          WIDTH="134"
                          VPOS="3149"
                          HPOS="1119"
                          CONTENT="magis"/>
                  <SP HEIGHT="53" WIDTH="15" VPOS="3149" HPOS="1253"/>
                  <String HEIGHT="53"
                          WIDTH="149"
                          VPOS="3149"
                          HPOS="1209"
                          CONTENT="debeat"/>
                  <SP HEIGHT="53" WIDTH="15" VPOS="3149" HPOS="1358"/>
                  <String HEIGHT="53"
                          WIDTH="179"
                          VPOS="3149"
                          HPOS="1313"
                          CONTENT="diligere"/>
                  <SP HEIGHT="53" WIDTH="15" VPOS="3149" HPOS="1492"/>
                  <String HEIGHT="53"
                          WIDTH="164"
                          VPOS="3149"
                          HPOS="1447"
                          CONTENT="patrem,"/>
                  <SP HEIGHT="53" WIDTH="15" VPOS="3149" HPOS="1611"/>
                  <String HEIGHT="53"
                          WIDTH="119"
                          VPOS="3149"
                          HPOS="1567"
                          CONTENT="quam"/>
                  <SP HEIGHT="53" WIDTH="15" VPOS="3149" HPOS="1686"/>
                  <String HEIGHT="53"
                          WIDTH="164"
                          VPOS="3149"
                          HPOS="1641"
                          CONTENT="filium,"/>
                  <SP HEIGHT="53" WIDTH="15" VPOS="3149" HPOS="1805"/>
                  <String HEIGHT="53"
                          WIDTH="104"
                          VPOS="3149"
                          HPOS="1760"
                          CONTENT="vel"/>
                  <SP HEIGHT="53" WIDTH="15" VPOS="3149" HPOS="1865"/>
                  <String HEIGHT="53"
                          WIDTH="209"
                          VPOS="3149"
                          HPOS="1820"
                          CONTENT="econuerso."/>
                  <SP HEIGHT="53" WIDTH="15" VPOS="3149" HPOS="2029"/>
                  <String HEIGHT="53" WIDTH="30" VPOS="3149" HPOS="1969" CONTENT=""/>
               </TextLine>
            </TextBlock>
         </PrintSpace>
      </Page>
   </Layout>
</alto>
