2399 3538
348 264 269 66 abnegationis
567 264 101 66 De
617 264 151 66 primo
718 264 236 66 antecedens
903 264 151 66 illud
1004 264 219 66 assumptum
1156 264 67 66 in

350 323 207 47 argumento
510 323 112 47 est
573 323 159 47 verum,
685 323 112 47 sed
749 323 112 47 non
812 323 96 47 de
860 323 191 47 secundo,
1004 323 80 47 &
1036 323 175 47 tertio.
1147 323 80 47 Vn-

356 351 95 56 de
404 351 175 56 quamuis
531 351 175 56 viridis
658 351 143 56 color
753 351 159 56 sapiat
864 351 175 56 naturam
992 351 143 56 albi,
1087 351 79 56 &
1103 351 111 56 nigri

363 394 132 54 quia
445 394 115 54 est
511 394 165 54 medium
626 394 280 54 compositonis:
857 394 148 54 tamen
956 394 132 54 acus
1022 394 198 54 coniungens

362 435 121 51 duos
437 435 151 51 pannos
543 435 166 51 laneos,
664 435 106 51 vel
724 435 151 51 lineos
830 435 227 51 coniungens,
1012 435 106 51 non
1072 435 136 51 sapit
1147 435 76 51 na-

350 465 149 46 turam
450 465 182 46 illorum
583 465 216 46 pannorum,
748 465 116 46 cum
815 465 133 46 acus
897 465 116 46 sit
964 465 99 46 de
1014 465 166 46 ferro:
1113 465 116 46 panni

353 513 136 50 autem
444 513 91 50 de
489 513 136 50 lana,
580 513 106 50 vel
641 513 91 50 de
686 513 136 50 lino:
777 513 91 50 Et
822 513 121 50 quia
898 513 151 50 virtus
1004 513 151 50 mediat
1110 513 106 50 per
1155 513 61 50 me

362 547 109 57 dum
425 547 249 57 abnegationis
627 547 202 57 vtriusque
783 547 171 57 extremi
908 547 187 57 vitiosi:
1048 547 125 57 ideo
1110 547 109 57 illud

361 596 223 47 antecedens
536 596 96 47 in
584 596 207 47 proposito
744 596 112 47 non
808 596 112 47 est
855 596 112 47 verum

398 623 99 49 Ad
447 623 198 49 secundum
595 623 214 49 dicendum,
760 623 132 49 quod
842 623 132 49 pura
925 623 247 49 virginitas,
1106 623 115 49 secun

357 668 106 54 dum
418 668 243 54 philosophos,
615 668 106 54 non
676 668 106 54 est
737 668 167 54 virtus:
858 668 122 54 Ante
934 668 122 54 enim
1010 668 122 54 illa
1071 668 152 54 felicis-

357 711 129 52 sima
438 711 194 52 tempora,
583 711 97 52 in
631 711 162 52 quibus
745 711 178 52 emicuit
874 711 145 52 virgo
971 711 194 52 gloriosa
1100 711 113 52 Maria

354 743 108 50 nec
415 743 123 50 apud
492 743 185 50 ludaeos,
631 743 108 50 nec
692 743 123 50 apud
769 743 185 50 Qentiles
908 743 216 50 Virginitas
1062 743 154 50 virtutis

364 789 293 51 commendationem
608 789 196 51 habebat:
755 789 114 51 sed
820 789 130 51 post
901 789 130 51 illa
983 789 179 51 tempora
1097 789 114 51 tanta

372 823 210 46 percipitur
537 823 120 46 fore
612 823 255 46 excellentiae,
821 823 120 46 quod
896 823 90 46 de
941 823 210 46 virginibus
1091 823 120 46 loquen

363 861 138 61 Hier.
455 861 92 61 in
501 861 154 61 quodam
609 861 169 61 sermone
732 861 92 61 de
778 861 169 61 virgine
901 861 185 61 gloriosa
1039 861 108 61 sic
1101 861 123 61 ait.
1162 861 62 61 In

366 912 133 43 carne
455 912 162 43 praeter
573 912 148 43 carnem
676 912 148 43 viuere
779 912 133 43 magis
868 912 103 43 est
927 912 177 43 Angelica
1060 912 133 43 vita,
1133 912 89 43 quam

367 944 162 54 humana.
485 944 88 54 Et
529 944 118 54 quia
603 944 88 54 in
647 944 191 54 principio
794 944 147 54 illius
897 944 132 54 arti.
985 944 221 54 determinaui
1146 944 74 54 set

352 978 167 58 monem
464 978 149 58 meum
557 978 112 58 ad
613 978 223 58 virtutem
780 978 204 58 moralem
929 978 223 58 secundum
1077 978 149 58 philo-

361 1022 175 60 sophos:
488 1022 127 60 ideo
567 1022 159 60 illud,
678 1022 127 60 quod
758 1022 206 60 inducitur
917 1022 95 60 de
964 1022 238 60 virginitate
1139 1022 79 60 non

367 1058 99 50 est
423 1058 141 50 contra
522 1058 99 50 me.
578 1058 183 50 Innenitur
719 1058 127 50 alias
804 1058 127 50 talis
889 1058 99 50 add
945 1058 127 50 itio,
1030 1058 155 50 quomodo
1128 1058 99 50 etiam

370 1099 193 59 Virginitas
522 1099 180 59 consistat
660 1099 83 59 in
702 1099 138 59 medio,
799 1099 124 59 patet
881 1099 111 59 lib.
950 1099 83 59 4.
992 1099 97 59 di.
1047 1099 97 59 33.
1102 1099 83 59 in
1130 1099 83 59 solu

360 1138 132 65 tione
448 1138 162 65 tertiae
566 1138 176 65 rationis
698 1138 88 65 ad
742 1138 191 65 instatias
889 1138 147 65 factas
992 1138 147 65 contra
1080 1138 147 65 secundam

362 1183 251 52 conclusionem
566 1183 157 52 quarti
676 1183 141 52 arti.
771 1183 126 52 quia
849 1183 220 52 Virginitas
1022 1183 141 52 tenet
1100 1183 126 52 medium

365 1215 111 60 non
428 1215 253 60 quantitatis,
634 1215 111 60 sed
698 1215 158 60 medium
808 1215 190 60 respectu
935 1215 285 60 circunstantiarum

367 1260 212 51 debitarum
529 1260 179 51 exemplo
660 1260 114 51 Dei
725 1260 179 51 matris,
855 1260 146 51 puta,
953 1260 146 51 licet
1034 1260 179 51 virginita

356 1297 172 54 quantum
481 1297 94 54 ad
528 1297 203 54 materiam,
684 1297 140 54 circa
777 1297 125 54 quam
855 1297 125 54 est,
933 1297 156 54 teneat
1027 1297 187 54 simplicite

365 1344 207 46 extremum,
524 1344 207 46 refutando
684 1344 143 46 omnes
780 1344 191 46 venereas
923 1344 287 46 delectationes:
1146 1344 80 46 ta-

365 1373 115 53 men
430 1373 147 53 tenet
528 1373 164 53 medium
643 1373 180 53 quantum
774 1373 98 53 ad
823 1373 295 53 circunstantias
1069 1373 147 53 iuxta
1151 1373 82 53 di-

365 1416 139 55 tamen
457 1416 154 55 rectae
565 1416 201 55 rationis,
720 1416 139 55 puta,
812 1416 154 55 quando
920 1416 170 55 aliquis
1044 1416 154 55 seruat
1136 1416 93 55 Vir-

375 1463 190 52 ginitatem
522 1463 88 52 in
565 1463 161 52 tempore
682 1463 175 52 gratiae,
814 1463 146 52 quando
916 1463 102 52 Dei
975 1463 146 52 filius
1077 1463 132 52 nasci
1150 1463 73 52 vo-

365 1493 131 54 luit
446 1493 98 54 de
495 1493 196 54 virgine,
643 1493 82 54 &
675 1493 163 54 seruat
790 1493 114 54 eam
855 1493 180 54 propter
986 1493 163 54 laudem
1100 1493 131 54 Dei,
1182 1493 82 54 &

367 1535 178 66 propter
496 1535 129 66 eius
577 1535 162 66 amorem

456 1607 569 84 ARTICVLVS
850 1607 263 84 ItII

412 1713 158 63 Vtrum
517 1713 210 63 virtutes
674 1713 193 63 morales
814 1713 105 63 in
867 1713 175 63 patria
972 1713 228 63 permaneant.

443 1801 170 52 VANTVM
562 1801 102 52 ad
613 1801 187 52 quartum
749 1801 221 52 articulum
918 1801 153 52 dico,
1020 1801 136 52 quod
1088 1801 136 52 virtu-

439 1848 113 53 tes
503 1848 178 53 morales
633 1848 194 53 manebunt
778 1848 97 53 in
826 1848 178 53 patria.
956 1848 129 53 Quia
1036 1848 161 53 illud,
1133 1848 97 53 quod

372 1889 108 44 est
433 1889 108 44 hic
495 1889 92 44 ad
541 1889 169 44 ornatum
664 1889 169 44 animae,
788 1889 139 44 debet
880 1889 92 44 in
926 1889 139 44 anima
1019 1889 139 44 beata
1096 1889 123 44 manere

366 1932 110 52 sed
429 1932 189 52 virtutes
571 1932 174 52 morales
697 1932 126 52 sunt
776 1932 95 52 ad
824 1932 174 52 ornatum
950 1932 174 52 animae.
1076 1932 142 52 Maior
1155 1932 63 52 pa

371 1970 125 42 tet:
450 1970 141 42 minor
543 1970 188 42 probatur
684 1970 78 42 :
715 1970 125 42 quia
793 1970 188 42 secundum
934 1970 172 42 sanctos
1059 1970 203 42 doctores,

362 2011 135 49 sicut
452 2011 135 49 domus
542 2011 210 49 materialis
707 2011 180 49 ornatur,
843 2011 105 49 cum
903 2011 150 49 variis
1008 2011 180 49 picturis
1128 2011 105 49 figu-

371 2046 153 54 tatur:
478 2046 107 54 sic
539 2046 138 54 anima
631 2046 215 54 decoratur,
800 2046 107 54 cum
861 2046 199 54 habitibus
1014 2046 199 54 virtuosis
1152 2046 77 54 im-

371 2083 174 46 buitur.
498 2083 95 46 Et
545 2083 127 46 ideo
624 2083 190 46 virtures
767 2083 174 46 proprie
894 2083 127 46 sibi
973 2083 206 46 vindicant
1115 2083 111 46 nomen

372 2127 176 45 habitus:
504 2127 117 45 quia
578 2127 132 45 sicut
666 2127 147 45 habitu
769 2127 206 45 corporali,
930 2127 103 45 seu
989 2127 162 45 vestitu
1092 2127 132 45 ornatur

373 2166 156 59 humanum
487 2166 156 59 corpus:
600 2166 100 59 sic
657 2166 185 59 habitibus
799 2166 256 59 spiritualibus,
1013 2166 171 59 scilicet
1126 2166 100 59 ipsis

376 2202 218 60 virtutibus
548 2202 172 60 ornatur
673 2202 140 60 anima
767 2202 94 60 hu
813 2202 94 60 ana-

420 2238 180 60 Doctores
555 2238 150 60 tamen,
660 2238 120 60 quos
735 2238 150 60 tetigi
841 2238 90 60 in
886 2238 90 60 1.
931 2238 135 60 arti,
1021 2238 105 60 qui
1081 2238 150 60 ponunt
1171 2238 60 60 in

384 2280 130 57 odem
465 2280 163 57 homine
579 2280 195 57 virtutem
725 2280 179 57 moralem
855 2280 195 57 infusam,
1001 2280 81 57 &
1018 2280 211 57 acquisitam,

365 2317 175 45 dicunt,
492 2317 127 45 quod
572 2317 95 45 in
620 2317 159 45 patria
731 2317 111 45 non
795 2317 159 45 manent
906 2317 191 45 virtures
1049 2317 175 45 morales
1160 2317 64 45 ac

376 2362 185 51 quisitae,
518 2362 100 51 sed
575 2362 128 51 solum
661 2362 171 51 infusae:
789 2362 114 51 quia
860 2362 199 51 acquisitae
1016 2362 171 51 ordinant
1130 2362 100 51 homi-

368 2399 110 50 nem
431 2399 188 50 respectu
572 2399 236 50 ciuilitatis
761 2399 204 50 mundanae:
918 2399 126 50 ideo
996 2399 110 50 hac
1044 2399 188 50 ciuilitate

365 2446 181 43 cessante
501 2446 196 43 cessabunt
652 2446 76 43 &
682 2446 151 43 ipsae:
788 2446 106 43 sed
848 2446 166 43 infusae
969 2446 181 43 ordinant
1090 2446 136 43 hominem

371 2482 174 44 respectu
501 2482 218 44 ciuilitatis
675 2482 189 44 supernae,
820 2482 116 44 quae
893 2482 102 44 non
951 2482 160 44 cessat,
1067 2482 102 44 sed
1110 2482 116 44 manebi

370 2513 94 61 in
417 2513 172 61 patria:
542 2513 125 61 ideo
620 2513 78 61 &
652 2513 141 61 ipsae
730 2513 156 61 manebunt

420 2547 108 54 bed
481 2547 139 54 illud
574 2547 108 54 non
636 2547 170 54 obstat:
759 2547 123 54 quia
836 2547 139 54 etiam
929 2547 185 54 virtutes
1052 2547 170 54 acquisita

396 2595 116 53 rout
469 2595 116 53 homo
542 2595 131 53 bonus
629 2595 146 53 vtitur
731 2595 102 53 eis
789 2595 87 53 ad
833 2595 175 53 imperium
964 2595 204 53 caritatis,
1124 2595 87 53 vt
1153 2595 73 53 sic

380 2634 220 42 huiusmodi
549 2634 203 42 virtutes
702 2634 119 42 non
770 2634 152 42 minus
871 2634 203 42 ordinant
1024 2634 186 42 hominem
1142 2634 85 42 me-

386 2670 173 49 titoriis
515 2670 115 49 suis
588 2670 159 49 actibus
703 2670 87 49 in
746 2670 173 49 supernam
876 2670 216 49 ciuilitate,
1049 2670 115 49 quam
1107 2670 130 49 faciant

375 2712 178 44 infusae:
509 2712 119 44 ideo
583 2712 134 44 eadem
672 2712 178 44 ratione,
806 2712 104 44 qua
865 2712 119 44 isti
939 2712 178 44 doctores
1073 2712 148 44 dicunt
1162 2712 74 44 in-

376 2747 136 53 fusas
467 2747 167 53 morales
588 2747 182 53 virtutes
724 2747 151 53 manere
830 2747 91 53 in
876 2747 167 53 patria,
997 2747 182 53 poterunt
1133 2747 136 53 etiam

384 2787 216 59 acquisitae
538 2787 123 59 manere

424 2820 105 58 bed
484 2820 135 58 forte
574 2820 165 58 dicetur
693 2820 150 58 contra
798 2820 150 58 illud,
903 2820 120 58 quod
978 2820 195 58 destructo
1112 2820 120 58 subie-

379 2865 114 47 cto
444 2865 114 47 non
509 2865 180 47 poterit
640 2865 196 47 accidens
787 2865 212 47 remanere,
950 2865 131 47 quod
1032 2865 196 47 fundatur
1163 2865 65 47 in

396 2909 118 51 pso,
470 2909 104 51 sed
529 2909 89 51 in
574 2909 133 51 morte
662 2909 163 51 hominis
781 2909 207 51 destruitur
943 2909 296 51 concupiscibilis,
1195 2909 74 51 &

382 2950 223 49 trascibilis,
563 2950 98 49 cum
619 2950 111 49 sint
689 2950 181 49 potentiae
828 2950 209 49 sensitiuae:
995 2950 111 49 ergo
1065 2950 98 49 non
1107 2950 125 49 poterit

384 2987 151 63 manere
490 2987 212 63 fortitudo,
656 2987 76 63 &
687 2987 227 63 teperantia,
869 2987 121 63 quae
944 2987 197 63 fundantur
1096 2987 91 63 in
1126 2987 106 63 ipsis

390 3023 123 61 ergo
451 3023 77 61 &c.

384 3033 74 76 2
414 3033 206 76 Praeterca,
576 3033 162 76 frustra
693 3033 162 76 ponitur
811 3033 147 76 virtus
914 3033 118 76 sine
988 3033 221 76 operatione:
1164 3033 103 76 sed

378 3093 90 62 in
423 3093 150 62 patria
528 3093 135 62 nulla
619 3093 105 62 est
679 3093 180 62 materia,
814 3093 135 62 circa
904 3093 120 62 quam
979 3093 180 62 virtutes
1100 3093 135 62 morale

1266 253 165 76 possint
1386 253 120 76 suas
1461 253 225 76 operationes
1627 253 165 76 exercete.

1291 311 103 54 Ad
1342 311 172 54 primum
1463 311 224 54 dicendum,
1635 311 138 54 quod
1721 311 172 54 quando
1841 311 224 54 subiectum
2014 311 120 54 sic
2065 311 69 54 de

1260 352 201 43 struitur:
1414 352 124 43 quod
1492 352 139 43 nullo
1585 352 124 43 modo
1662 352 155 43 manet,
1770 352 124 43 tunc
1848 352 186 43 accidens
1972 352 139 43 fundati

1248 396 90 46 in
1293 396 120 46 ipso
1368 396 225 46 naturaliter
1548 396 150 46 manere
1653 396 105 46 non
1713 396 165 46 potest.
1833 396 90 46 Si
1878 396 135 46 autem
1953 396 165 46 subiectam

1253 431 160 48 aliquo
1365 431 128 48 modo
1445 431 160 48 manet,
1557 431 112 48 vel
1621 431 128 48 idem
1701 431 208 48 subiectum
1861 431 144 48 etiam
1957 431 192 48 redibit,

1260 474 105 40 tur
1320 474 75 40 c
1350 474 135 40 etiam
1439 474 135 40 illud
1529 474 179 40 accidens
1664 474 149 40 potest
1768 474 149 40 aliquo
1873 474 120 40 modo
1948 474 164 40 manere,
2052 474 60 40 ac

1256 514 140 37 etiam
1350 514 186 37 redeunte
1489 514 186 37 subiecto
1629 514 171 37 redire:
1753 514 109 37 sed
1815 514 124 37 nunc
1893 514 109 37 ita
1955 514 124 37 est,
2017 514 93 37 quod

1265 559 114 42 icet
1336 559 85 42 in
1378 559 128 42 morte
1464 559 156 42 hominis
1577 559 170 42 virtutes
1705 559 199 42 sensitiuae
1861 559 99 42 sic
1918 559 227 42 destruantur,

1259 597 129 44 quod
1340 597 113 44 non
1404 597 162 44 manent
1517 597 242 44 formaliter:
1711 597 162 44 manent
1824 597 145 44 tamen
1921 597 97 44 in
1953 597 162 44 essentia

1247 631 156 48 animae
1357 631 249 48 radicaliter,
1559 631 78 48 &
1590 631 234 48 resuscitato
1778 631 172 48 homine,
1887 631 218 48 resuscitantu

1258 667 136 41 istae
1349 667 197 41 potentiae
1500 667 182 41 secundum
1637 667 121 41 suum
1713 667 121 41 esse
1789 667 182 41 formale:
1925 667 121 41 ideo
1986 667 121 41 mortue

1252 705 173 50 homine,
1378 705 157 50 virtus
1488 705 267 50 fortitudinis,
1708 705 79 50 &
1740 705 252 50 temperantiae
1944 705 157 50 manent
2038 705 79 50 se-

1257 748 153 37 cundum
1364 748 122 37 suum
1440 748 122 37 esse
1516 748 198 37 radicale:
1669 748 229 37 resuscitato
1852 748 122 37 vero
1928 748 168 37 homine,
2035 748 76 37 re-

1260 786 220 44 suscitantur
1436 786 132 44 istae
1524 786 176 44 virtutes
1656 786 176 44 secundum
1788 786 117 44 suum
1862 786 117 44 esse
1920 786 147 44 formale-

1290 826 98 48 Ad
1339 826 195 48 secundum
1485 826 212 48 dicendum,
1648 826 130 48 quod
1729 826 179 48 quamuis
1860 826 130 48 ista
1941 826 163 48 virtus
2039 826 81 48 fru

1264 864 107 49 tra
1325 864 168 49 ponatur
1447 864 122 49 sine
1523 864 229 49 operatione,
1706 864 137 49 cuius
1797 864 198 49 positonis
1949 864 137 49 nulla
2026 864 91 49 alia

1267 908 132 45 potest
1359 908 171 45 assignari
1491 908 132 45 causa,
1583 908 92 45 vel
1636 908 132 45 ratio,
1728 908 105 45 nisi
1794 908 105 45 sola
1860 908 171 45 operatio:
1991 908 105 45 illa
2044 908 66 45 ta-

1264 943 116 54 men,
1336 943 131 54 cuius
1423 943 116 54 alia
1496 943 131 54 causa
1583 943 203 54 sufficiens
1742 943 145 54 potest
1844 943 203 54 assignari,
2003 943 102 54 non
2047 943 73 54 po-

1251 980 130 52 nitur
1337 980 158 52 frustra
1452 980 115 52 sine
1524 980 216 52 operatione:
1697 980 101 52 sed
1754 980 144 52 illius
1855 980 187 52 positonis
1999 980 101 52 iam
2042 980 72 52 di-

1264 1023 108 40 cta
1325 1023 108 40 est
1387 1023 155 40 ratio:
1495 1023 124 40 quia
1573 1023 139 40 dato,
1666 1023 124 40 quod
1743 1023 108 40 non
1805 1023 186 40 ponantur
1944 1023 93 40 ad
1975 1023 139 40 operan-

1249 1062 119 45 dum
1317 1062 85 45 :
1351 1062 204 45 ponentur
1504 1062 153 45 tamen
1606 1062 102 45 ad
1657 1062 221 45 ornandum.
1826 1062 102 45 Et
1877 1062 119 45 per
1945 1062 119 45 hoc
1996 1062 119 45 etiam

1265 1105 147 44 patet
1363 1105 98 44 ad
1412 1105 229 44 argumentum
1592 1105 229 44 principale
1772 1105 98 44 in
1805 1105 180 44 oppositum

1260 1176 502 58 DISTINCTIO
1655 1176 287 58 xxIM
1798 1176 287 58 ETNNxV

1283 1261 192 78 bilucida
1427 1261 144 78 harum
1523 1261 272 78 distinctionum
1748 1261 192 78 diuisio,
1892 1261 96 78 mn
1940 1261 160 78 quibus
2036 1261 64 78 de

1392 1310 175 68 spiritus
1524 1310 146 68 sancti
1626 1310 131 68 donis
1713 1310 190 68 distincte
1845 1310 131 68 agitur.

1482 1413 165 46 VNC
1577 1413 213 46 AVTEM
1719 1413 142 46 DE
1789 1413 236 46 SEPTEM
1931 1413 189 46 PONIS.

1502 1449 196 52 Postquam
1649 1449 196 52 Magister
1796 1449 261 52 determinauit
2008 1449 98 52 de
2040 1449 82 52 vir

1502 1500 171 46 tutibus
1627 1500 233 46 theologicis
1813 1500 78 46 &
1844 1500 264 46 Cardinalibus:
2046 1500 78 46 nuc

1507 1534 214 48 determinare
1678 1534 157 48 incipit
1792 1534 86 48 de
1835 1534 128 48 donis
1920 1534 171 48 spiritus
2034 1534 86 48 san-

1505 1575 113 48 cti:
1575 1575 85 48 Et
1618 1575 155 48 diuitur
1731 1575 85 48 in
1773 1575 113 48 duas
1844 1575 155 48 partes:
1957 1575 99 48 nam
2013 1575 141 48 primo,

1475 1612 90 56 El
1520 1612 90 56 ad
1565 1612 121 56 ipsa
1641 1612 121 56 dona
1716 1612 181 56 secundum
1852 1612 90 56 se
1897 1612 181 56 Magister
2018 1612 106 56 diri-

1262 1659 118 42 git
1329 1659 134 42 suam
1413 1659 336 42 considerationem.
1699 1659 202 42 Secundo,
1850 1659 185 42 eorudem
1968 1659 151 42 donorum

1254 1696 90 42 ad
1299 1696 165 42 inuicem
1419 1696 135 42 facit
1509 1696 270 42 comparationem,
1733 1696 120 42 ibi,
1808 1696 120 42 Post
1883 1696 210 42 praemissa.
2033 1696 90 42 Pri-

1263 1732 97 45 ma
1311 1732 97 45 in
1360 1732 145 45 duas:
1457 1732 113 45 nam
1521 1732 97 45 in
1570 1732 145 45 primo
1667 1732 226 45 determinat
1844 1732 97 45 de
1893 1732 145 45 donis
1974 1732 145 45 omnibus

1258 1770 156 49 simul,
1368 1770 78 49 &
1399 1770 94 49 in
1446 1770 187 49 conmuni,
1586 1770 187 49 Secundo,
1727 1770 219 49 pertractat
1898 1770 141 49 donum
1977 1770 141 49 timoris

1271 1805 83 60 er
1313 1805 97 60 se,
1368 1805 70 60 &
1396 1805 83 60 in
1438 1805 181 60 speciali,
1577 1805 111 60 ibi,
1646 1805 83 60 Et
1688 1805 111 60 quia
1758 1805 83 60 de
1799 1805 153 60 timore.
1911 1805 125 60 Prima
1994 1805 83 60 in
2022 1805 97 60 quat-

1267 1848 126 53 tuor:
1351 1848 112 53 quia
1421 1848 126 53 primo
1506 1848 84 53 de
1548 1848 84 53 7.
1590 1848 126 53 donis
1674 1848 169 53 spiritus
1801 1848 141 53 sancti
1899 1848 126 53 mouet
1969 1848 155 53 triplicen

1279 1891 235 52 uaestionem.
1467 1891 188 52 Secundo,
1609 1891 220 52 questionum
1781 1891 172 52 illarum
1906 1891 157 52 subdit
2001 1891 125 52 respo-

1263 1928 154 43 nionem
1371 1928 170 43 Tertio,
1494 1928 154 43 contra
1602 1928 247 43 responsionem
1802 1928 170 43 adducit
1910 1928 216 43 obiectionem.

1267 1967 164 43 pecunda,
1391 1967 110 43 ibi,
1459 1967 110 43 Haec
1528 1967 110 43 dona
1596 1967 164 43 virtutes
1720 1967 123 43 esse.
1802 1967 151 43 Tertia,
1911 1967 110 43 ibi,
1980 1967 96 43 His
2021 1967 96 43 autem

1261 2006 172 47 videtur.
1390 2006 158 47 Quarta,
1504 2006 115 47 ibi,
1576 2006 86 47 Ad
1619 2006 115 47 quod
1691 2006 172 47 dicimus,
1820 2006 172 47 Sequitur
1949 2006 115 47 illa
2021 2006 129 47 pars,

1260 2045 93 55 Et
1306 2045 124 55 quia
1383 2045 93 55 de
1430 2045 170 55 timore.
1554 2045 93 55 Et
1600 2045 170 55 diuitur
1724 2045 93 55 in
1771 2045 124 55 duas
1848 2045 170 55 partes:
1972 2045 108 55 nam
2019 2045 108 55 primo

1264 2085 176 39 Magister
1396 2085 205 39 distinguit
1557 2085 88 39 de
1601 2085 220 39 quadruplici
1777 2085 161 39 timoris
1894 2085 161 39 specie.
1997 2085 117 39 Secun-

1258 2128 101 46 do,
1315 2128 231 46 singulariter
1503 2128 173 46 inquirit
1633 2128 87 46 de
1676 2128 159 46 timore,
1792 2128 101 46 qui
1850 2128 116 46 fuit
1922 2128 87 46 in
1965 2128 144 46 nostro
2052 2128 72 46 Sal

1258 2163 168 45 uatore,
1380 2163 122 45 ibi,
1456 2163 107 45 Cum
1517 2163 137 45 autem
1608 2163 152 45 fuerit
1715 2163 91 45 in
1760 2163 168 45 Christo
1882 2163 152 45 timor.
1989 2163 137 45 Prima
2065 2163 61 45 in

1256 2204 132 46 duas:
1344 2204 117 46 quia
1418 2204 132 46 primo
1505 2204 132 46 ponit
1593 2204 161 46 timoris
1711 2204 234 46 quadrifariam
1887 2204 234 46 distinctionem,

1263 2240 194 57 Secundo,
1409 2240 211 57 aliquorum
1570 2240 178 57 illorum
1700 2240 178 57 timorum
1830 2240 162 57 tangit
1927 2240 194 57 perfectio-

1253 2283 132 47 nem,
1335 2283 82 47 &
1368 2283 312 47 imperfectiouem,
1631 2283 132 47 ibi,
1713 2283 99 47 De
1762 2283 115 47 his
1828 2283 164 47 eisdem
1927 2283 197 47 timoribus.

1262 2316 142 45 Prima
1357 2316 95 45 in
1404 2316 142 45 duas:
1499 2316 111 45 nam
1562 2316 142 45 primo
1657 2316 142 45 ponit
1752 2316 221 45 praedictam
1925 2316 126 45 dis.
1989 2316 126 45 Secun-

1259 2358 110 46 do,
1322 2358 205 46 praeuenit
1480 2358 236 46 obiectionem
1669 2358 110 46 per
1732 2358 142 46 vnius
1827 2358 189 46 auctoris
1953 2358 173 46 exposito-

1270 2398 114 53 nem,
1341 2398 114 53 ibi,
1413 2398 86 53 Et
1456 2398 157 53 attede,
1570 2398 114 53 quod
1642 2398 186 53 quattuor.
1785 2398 172 53 Sequitur
1914 2398 114 53 illa
1985 2398 129 53 pars.
2057 2398 57 53 De

1259 2436 108 50 his
1320 2436 170 50 eisdem.
1444 2436 77 50 &
1474 2436 200 50 diuiditur
1629 2436 93 50 in
1675 2436 123 50 tres
1752 2436 170 50 partes:
1875 2436 108 50 nam
1937 2436 139 50 primo
2014 2436 108 50 ponit

1260 2480 163 48 timoris
1379 2480 193 48 seruilis,
1527 2480 74 48 &
1557 2480 178 48 filialis
1691 2480 252 48 differentiam.
1898 2480 163 48 Secundo
2002 2480 119 48 innuit

1274 2516 183 45 triusque
1411 2516 168 45 timoris
1533 2516 229 45 efficaciam,
1717 2516 122 45 ibi,
1793 2516 183 45 Sciendum
1931 2516 153 45 tamen.
2022 2516 92 45 Ter.

1263 2555 104 48 tio
1323 2555 193 48 concludit
1471 2555 163 48 timoris
1590 2555 178 48 filialis
1724 2555 178 48 stabilem
1858 2555 253 48 permanentiam.
2051 2555 74 48 Se-

1273 2597 135 45 tunda
1363 2597 120 45 ibi,
1439 2597 181 45 Sciendum
1574 2597 151 45 tamen.
1679 2597 151 45 Tertia
1785 2597 120 45 ibi,
1860 2597 135 45 lllud
1950 2597 151 45 quoque
2041 2597 75 45 di-

1263 2632 189 48 ligenter.
1409 2632 131 48 Prima
1496 2632 87 48 in
1540 2632 131 48 tres:
1627 2632 116 48 quia
1700 2632 131 48 primo
1787 2632 146 48 tangit
1889 2632 87 48 de
1933 2632 175 48 seruilis
2049 2632 73 48 ti-

1263 2675 137 46 moris
1354 2675 275 46 imperfectione.
1583 2675 168 46 Secundo
1705 2675 92 46 de
1751 2675 183 46 filialis
1888 2675 168 46 timoris
1995 2675 122 46 perfe-

1263 2708 176 55 ctione.
1391 2708 160 55 Tertio
1503 2708 208 55 declarat,
1663 2708 128 55 quae
1742 2708 176 55 dixerat
1870 2708 208 55 exemplari
2014 2708 112 55 manu-

1261 2752 199 41 ductione.
1414 2752 169 41 Secunda
1537 2752 123 41 ibi,
1614 2752 107 41 est
1675 2752 138 41 autem
1767 2752 123 41 alia
1844 2752 215 41 sententia.
1997 2752 123 41 Tertia

1269 2784 120 53 ibi,
1344 2784 105 53 Non
1404 2784 135 53 potes
1495 2784 150 53 melius
1600 2784 211 53 explanare.
1765 2784 120 53 Tunc
1840 2784 180 53 sequitur
1976 2784 135 53 dist.
2051 2784 75 53 35.

1260 2825 98 62 Et
1309 2825 212 62 diuiditur
1471 2825 98 62 in
1520 2825 130 62 duas
1602 2825 179 62 partes,
1732 2825 114 62 nam
1797 2825 147 62 primo
1895 2825 179 62 donorum
2025 2825 98 62 ad
2058 2825 65 62 m-

1264 2874 117 49 uice
1337 2874 131 49 facit
1425 2874 263 49 comparationem.
1644 2874 175 49 Secundo,
1776 2874 88 49 ne
1819 2874 161 49 laboret
1936 2874 88 49 in
1980 2874 175 49 aequiuo

1276 2911 88 42 to
1320 2911 191 42 quorundam
1467 2911 206 42 terminorum
1629 2911 250 42 multipilcium,
1834 2911 132 42 ponit
1922 2911 132 42 dist.
2011 2911 117 42 ibi,
2069 2911 59 42 et

1267 2950 194 55 notandum.
1416 2950 134 55 Prima
1506 2950 89 55 in
1550 2950 134 55 duas:
1640 2950 104 55 nam
1699 2950 134 55 primo
1789 2950 179 55 assignat
1908 2950 209 55 differentiam

1261 2983 126 56 inter
1345 2983 211 56 sapientiam,
1514 2983 70 56 &
1542 2983 196 56 scientiam.
1696 2983 168 56 Secundo,
1822 2983 98 56 hoc
1878 2983 112 56 idem
1949 2983 126 56 facit
2019 2983 98 56 inter

1267 3024 237 58 intellectum,
1460 3024 74 58 &
1490 3024 222 58 sapientiam,
1667 3024 119 58 ibi,
1742 3024 163 58 Ostensa
1860 3024 237 58 differentia.
2038 3024 89 58 Tunc

1259 3063 178 51 sequitur
1393 3063 119 51 illa
1467 3063 134 51 pars.
1556 3063 89 51 Et
1601 3063 193 51 notandum.
1749 3063 89 51 Et
1793 3063 193 51 diuiditur
1942 3063 89 51 in
1986 3063 119 51 duas
2046 3063 74 51 pai

1274 3108 120 53 tes:
1349 3108 105 53 nam
1409 3108 135 53 primo
1499 3108 180 53 Magister
1634 3108 210 53 distinguit
1799 3108 240 53 intellectum,
1994 3108 75 53 &
2009 3108 105 53 scien
