2478 3540
235 262 219 60 ctoritate
403 262 118 60 iam
471 262 202 60 assumpta
622 262 118 60 cum
689 262 286 60 praemittitur.
925 262 151 60 DAEIT
1009 262 101 60 voci

240 320 155 46 SVA
329 320 200 46 VOCEM
462 320 288 46 VIRTVTIS.
684 320 288 46 SECVNDVM,
905 320 155 46 Cum
972 320 133 46 posi

239 356 260 49 ponitur.
434 356 130 49 MA
499 356 325 49 GNIFICENTIA
759 356 195 49 EIVS,
889 356 130 49 ET
932 356 173 49 VIRTVS

239 398 176 47 EIVS
349 398 198 47 INNVD
480 398 198 47 IPVS.
612 398 263 47 TERTIVM,
810 398 154 47 Cum
898 398 198 47 medio
1007 398 110 47 sub

241 434 266 44 infertur.
445 434 163 44 DATE
547 434 225 44 SFORIAM
710 434 143 44 DFO
792 434 184 44 SVPER
894 434 184 44 ISRAEI.

289 469 118 52 Dico
363 469 118 52 ergo
436 469 147 52 primo,
539 469 118 52 quod
613 469 88 52 in
657 469 132 52 prima
745 469 132 52 parte
833 469 147 52 istius
936 469 147 52 quarti
1024 469 74 52 li-

242 508 112 50 bri
306 508 209 50 tractatur
467 508 96 50 de
515 508 225 50 peccatorum
692 508 241 50 remissione,
884 508 80 50 &
900 508 209 50 gratuitorum

231 545 226 45 donatione,
409 545 81 45 &
441 545 242 45 monstratur,
635 545 178 45 quomodo
764 545 129 45 haec
845 545 145 45 fiant
925 545 178 45 sacramen-

244 596 142 45 torum
339 596 237 45 collatione,
529 596 111 45 qua
592 596 190 45 infirmus
735 596 127 45 homo
814 596 95 45 ab
862 596 174 45 insecta
972 596 127 45 quali-

239 631 116 49 tate
311 631 188 49 totaliter
456 631 203 49 liberatur.
615 631 87 49 Et
658 631 101 49 hoc
716 631 159 49 notatur
832 631 87 49 in
875 631 145 49 verbis
962 631 145 49 praemis-

245 670 125 43 sis
317 670 125 43 cum
388 670 214 43 dicitur.
549 670 161 43 DAEIT
656 670 143 43 voe1
746 670 125 43 SV2
817 670 161 43 vocEM
906 670 197 43 VIRTVTIS.

233 707 142 45 luxta
328 707 126 45 enim
406 707 204 45 doctrinam
563 707 142 45 Deati
658 707 204 45 Augustini
815 707 142 45 super
909 707 142 45 loan.
988 707 110 45 quan-

228 748 102 41 do
279 748 170 41 verbum
398 748 187 41 accedit
534 748 102 41 ad
585 748 238 41 elementum,
771 748 85 41 &
805 748 119 41 fit
873 748 255 41 sacramentum

236 794 119 42 tunc
311 794 119 42 Deus
385 794 104 42 dat
444 794 119 42 vici
519 794 119 42 suae
593 794 193 42 triplicem
742 794 179 42 virtutem
876 794 149 42 contra
965 794 134 42 tripli-

240 829 113 38 cem
304 829 161 38 humani
417 829 177 38 generis
546 829 274 38 infirmitatem;
772 829 145 38 puta,
869 829 194 38 virtutem
998 829 97 38 pur-

232 865 182 52 gatiuam
365 865 165 52 contra
480 865 314 52 concupiscentiae
745 865 248 52 prauitatem;
927 865 165 52 virtutem

232 907 261 46 alluminatiuam
446 907 153 46 contra
554 907 230 46 nescientiae
738 907 230 46 caecitatem:
922 907 77 46 &
938 907 153 46 virtutem

233 939 250 48 roboratiuam
434 939 167 48 contra
550 939 250 48 impotentiae
751 939 267 48 debilitatem.
951 939 150 48 Ratione

236 982 145 47 primi
333 982 145 47 dicit
430 982 145 47 Dsal.
527 982 113 47 Vox
591 982 162 47 domini
704 982 145 47 super
801 982 162 47 aquas,
914 982 129 47 Deus
979 982 113 47 maie-

239 1020 149 50 statis
344 1020 194 50 intonuit,
493 1020 164 50 dominus
613 1020 135 50 super
702 1020 135 50 aquas
792 1020 164 50 multas.
912 1020 164 50 Ratione
1016 1020 75 50 se-

238 1068 145 37 cundi
334 1068 177 37 dicitur
463 1068 177 37 ibidem.
592 1068 113 37 Vox
656 1068 161 37 domini
769 1068 274 37 intercidentis
978 1068 113 37 fiam-

236 1096 116 50 mam
303 1096 166 50 ignis,
419 1096 116 50 vox
486 1096 166 50 domini
602 1096 266 50 concutientis
818 1096 216 50 desertum,
984 1096 83 50 &
1000 1096 100 50 com-

236 1140 174 46 mouebit
363 1140 174 46 dominus
489 1140 190 46 desertum
632 1140 158 46 Cades.
743 1140 174 46 Ratione
869 1140 158 46 tertii
980 1140 142 46 dici

230 1178 111 46 tur
294 1178 143 46 eodem
389 1178 143 46 Psal.
484 1178 111 46 Vox
547 1178 158 46 domini
658 1178 254 46 praeparantis
864 1178 174 46 ceruos,
991 1178 79 46 &
1007 1178 79 46 re-

237 1225 173 42 uelabit
363 1225 205 42 condensa,
521 1225 79 42 &
552 1225 95 42 in
600 1225 158 42 templo
710 1225 126 42 eius
789 1225 142 42 omnes
883 1225 158 42 dicent
993 1225 126 42 glo

226 1256 137 39 riam:
317 1256 152 39 Scitis
424 1256 137 39 enim,
515 1256 122 39 quod
591 1256 183 39 proprium
728 1256 137 39 aquae
820 1256 183 39 officium
957 1256 107 39 est
1003 1256 91 39 pur-

237 1296 132 45 gare,
326 1296 132 45 ignis
414 1296 221 45 illuminare;
591 1296 74 45 &
620 1296 132 45 cerui
708 1296 88 45 ad
752 1296 147 45 fontem
855 1296 132 45 aquae
944 1296 132 45 viuae
1017 1296 74 45 cum

226 1339 217 41 desiderio
393 1339 234 41 properare.
577 1339 167 41 Quorum
694 1339 167 41 primum
810 1339 217 41 respondet
961 1339 133 41 virtu-

224 1372 94 48 ri
271 1372 236 48 purgatiuae.
460 1372 188 48 Secundum
601 1372 283 48 illuminatiuae.
837 1372 173 48 Tertium
947 1372 141 48 confor-

241 1411 180 43 tatiuae.
376 1411 256 43 Applicationes
587 1411 195 43 huiusmodi
737 1411 165 43 patent:
857 1411 120 43 ideo
933 1411 180 43 transeo,
1053 1411 45 43 &

228 1452 108 45 eas
289 1452 155 45 gratia
398 1452 216 45 breuitatis
568 1452 170 45 omitto.
691 1452 124 45 Dixi
769 1452 186 45 secundo,
908 1452 124 45 quod
985 1452 93 45 in
1016 1452 62 45 se

230 1489 144 45 cunda
326 1489 144 45 parte
422 1489 144 45 huius
518 1489 144 45 libri
614 1489 160 45 quarti
726 1489 208 45 tractatur
886 1489 96 45 de
918 1489 176 45 mortuorum

223 1531 298 44 resurrectione,
472 1531 83 44 &
505 1531 265 44 obstinatorum
720 1531 298 44 condemnatione,
969 1531 83 44 &
986 1531 99 44 mon-

228 1571 188 40 stratur,
370 1571 173 40 quomodo
495 1571 126 40 haec
574 1571 141 40 fiant
668 1571 204 40 meritorum
825 1571 251 40 discussione,
1013 1571 79 40 qua

228 1606 103 45 iam
287 1606 162 45 sanatus
405 1606 118 45 homo
479 1606 74 45 a
509 1606 177 45 suspecta
642 1606 192 45 societate
790 1606 222 45 iudicaliter
952 1606 133 45 separa-

232 1645 125 49 tur.
311 1645 94 49 Et
358 1645 110 49 hoc
421 1645 173 49 notatur
546 1645 94 49 in
593 1645 157 49 verbis
703 1645 235 49 praemissis,
891 1645 110 49 cum
938 1645 157 49 dicitur.

226 1688 143 39 MA
298 1688 357 39 GNIFICENTIA
583 1688 214 39 ELVS,
725 1688 143 39 ET
797 1688 238 39 VIRTVS
939 1688 143 39 EIVS

226 1724 104 48 IN
278 1724 208 48 NVEIEVS.
434 1724 156 48 Sicut
538 1724 139 48 enim
625 1724 191 48 recitat
764 1724 208 48 Magister
920 1724 156 48 dist.
1007 1724 87 48 48.

231 1765 152 43 istius
337 1765 137 43 quati
428 1765 152 43 libri,
535 1765 91 43 in
580 1765 122 43 hora
656 1765 167 43 extremi
778 1765 167 43 iudicii
900 1765 167 43 dominus
1006 1765 76 43 ap-

231 1804 169 49 parebit
354 1804 92 49 in
400 1804 139 49 nubib
492 1804 92 49 ex
539 1804 185 49 opposito
677 1804 154 49 montis
785 1804 169 49 Qliueti
908 1804 139 49 super
985 1804 108 49 valle

235 1836 197 49 losaphat,
387 1836 76 49 &
417 1836 121 49 tunc
493 1836 258 49 magnificentia
705 1836 121 49 suae
781 1836 258 49 liberalitatis
979 1836 106 49 appa-

231 1879 131 42 rebit
319 1879 87 42 in
362 1879 160 42 bonorum
478 1879 247 42 retributione,
682 1879 145 42 quibus
783 1879 73 42 a
812 1879 160 42 dextris
928 1879 116 42 suis
986 1879 102 42 assi-

236 1918 199 52 stentibus
389 1918 153 52 dicet.
496 1918 153 52 Venite
604 1918 199 52 benedicti
757 1918 153 52 patris
864 1918 123 52 mei,
925 1918 169 52 percipite

224 1959 178 46 regnum,
353 1959 130 46 quod
434 1959 146 46 vobis
531 1959 178 46 paratum
661 1959 113 46 est
726 1959 97 46 ab
774 1959 178 46 origine
904 1959 162 46 mundi.
1001 1959 81 46 Sec

219 2003 153 44 virtus
326 2003 122 44 suae
402 2003 214 44 iustitiae,
570 2003 76 44 &
600 2003 214 44 aequitatis
768 2003 198 44 apparebit
920 2003 92 44 in
951 2003 137 44 malorum

225 2037 279 45 condemnatione,
458 2037 155 45 quibus
567 2037 93 45 ad
613 2037 202 45 sinistram
768 2037 124 45 suam
846 2037 233 45 constitutis
1016 2037 78 45 iu-

229 2073 158 45 diciali
343 2073 100 45 sua
401 2073 201 45 sententia,
558 2073 143 45 dicet.
659 2073 100 45 Ite
716 2073 186 45 maledicti
860 2073 86 45 in
903 2073 129 45 ignem
974 2073 115 45 aeter-

225 2113 108 50 num
286 2113 108 50 &c.
348 2113 124 50 Dixi
426 2113 170 50 tertio,
549 2113 124 50 quod
627 2113 93 50 in
673 2113 155 50 tertia
782 2113 139 50 parte
874 2113 155 50 illius
967 2113 124 50 quarti

220 2150 134 48 libri
309 2150 194 48 tractatur
458 2150 89 48 de
503 2150 179 48 beatorum
637 2150 209 48 fruitione,
801 2150 74 48 &
831 2150 164 48 ipsorum
935 2150 149 48 illustra

224 2201 165 38 tione,
339 2201 82 38 &
372 2201 247 38 monstratur,
569 2201 181 38 quomodo
701 2201 132 38 haec
783 2201 230 38 contingant
947 2201 132 38 corpo-

225 2240 108 41 ris
286 2240 77 41 &
317 2240 154 41 animae
425 2240 293 41 glorificationi,
672 2240 108 41 qua
733 2240 93 41 ia
780 2240 154 41 beatus
888 2240 123 41 homo
965 2240 93 41 in
995 2240 93 41 per-

225 2269 139 46 fecta
317 2269 186 46 sanitate
457 2269 248 46 aeternaliter
658 2269 248 46 confirmatur.
859 2269 93 46 Et
905 2269 108 46 hoc
952 2269 139 46 notatur

220 2316 100 50 in
270 2316 167 50 verbis
388 2316 301 50 praeassumptis,
638 2316 117 50 cum
705 2316 201 50 dicitur.
856 2316 134 50 DATE
939 2316 100 50 OI
973 2316 117 50 ORIAM

225 2349 142 44 DEO
306 2349 183 44 SVPER
428 2349 224 44 ISRAE1.
591 2349 183 44 Quasi
713 2349 203 44 dicat.
835 2349 244 44 Cognoscite

225 2388 119 48 Deum
300 2388 119 48 esse
374 2388 268 48 glorificatorem
597 2388 194 48 israelis,
746 2388 149 48 idest,
851 2388 149 48 corum,
955 2388 104 48 qui
1000 2388 74 48 vi-

218 2435 147 44 dent
309 2435 165 44 Deum;
419 2435 128 44 nam
493 2435 238 44 huiusmodi
676 2435 183 44 gloria
804 2435 128 44 non
859 2435 220 44 communica-

225 2465 110 45 tur
288 2465 157 45 impiis
398 2465 157 45 caecis
508 2465 126 45 Deum
586 2465 157 45 videre
696 2465 110 45 non
759 2465 235 45 potentibus,
947 2465 94 45 de
979 2465 94 45 qui-

228 2511 107 41 bus
289 2511 168 41 Sapiens
411 2511 153 41 dicit.
518 2511 198 41 Excecauit
670 2511 137 41 illos
762 2511 168 41 malitia
884 2511 153 41 eorum,
990 2511 76 41 &
1006 2511 76 41 ne-

217 2547 200 49 scierunt
367 2547 234 49 sacramenta
551 2547 133 49 Dei,
634 2547 150 49 neque
735 2547 200 49 mercedem
868 2547 217 49 sperauerunt

224 2583 228 52 iustitiae,
403 2583 114 52 nec
468 2583 260 52 iudicauerunt
679 2583 179 52 honorem
809 2583 195 52 animarum
939 2583 146 52 sancta-

217 2628 136 45 rum.
302 2628 136 45 Tunc
387 2628 136 45 enim
472 2628 204 45 tolletur
625 2628 187 45 impius,
762 2628 102 45 ne
813 2628 170 45 videat
932 2628 187 45 gloriam

231 2657 126 55 Dei;
310 2657 95 55 vt
358 2657 142 55 dicit
453 2657 126 55 lsa.
532 2657 253 55 Communicatur
737 2657 126 55 ergo
816 2657 142 55 talis
911 2657 158 55 gloria
1006 2657 79 55 so-

226 2707 175 49 lummodo
353 2707 127 49 piis
433 2707 223 49 fidelibus,
608 2707 111 49 qui
671 2707 191 49 collirio
815 2707 270 49 poenitentiae,
1037 2707 80 49 &

229 2743 182 50 operibus
365 2743 273 50 misericordiae,
593 2743 106 50 seu
654 2743 213 50 clementiae
821 2743 121 50 suos
897 2743 182 50 mentales
1018 2743 61 50 o-

233 2788 149 42 culos
333 2788 182 42 taliter
466 2788 265 42 purgauerunt,
681 2788 133 42 quod
764 2788 99 42 in
814 2788 182 42 extremo
930 2788 149 42 iudicio

233 2819 130 47 Deum
314 2819 162 47 videre
428 2819 211 47 beatifice
590 2819 244 47 merebuntur.
785 2819 130 47 Vnde
866 2819 195 47 cuilibet
996 2819 81 47 tal

230 2855 86 52 in
273 2855 114 52 illa
344 2855 186 52 beatifica
487 2855 157 52 visione
601 2855 200 52 constituto
759 2855 114 52 tunc
830 2855 114 52 dici
901 2855 157 52 poterit
1002 2855 71 52 il-

227 2906 109 41 lud
290 2906 125 41 Isa.
368 2906 140 41 Surge
461 2906 218 41 illuminare
632 2906 234 41 Hierusalem:
819 2906 125 41 quia
897 2906 140 41 venit
975 2906 109 41 lumen

233 2934 143 51 tuum,
328 2934 79 51 &
360 2934 158 51 gloria
471 2934 158 51 domini
582 2934 143 51 super
677 2934 95 51 te
724 2934 127 51 orta
804 2934 127 51 est.
883 2934 143 51 Cuius
962 2934 127 51 visio-

222 2979 102 45 nis
281 2979 189 45 gloriosae
426 2979 102 45 nos
484 2979 203 45 participes
643 2979 145 45 faciat
745 2979 232 45 glorificator
919 2979 160 45 saluando-

232 3013 111 56 rum,
302 3013 98 56 qui
357 3013 98 56 cum
413 3013 139 56 patre,
511 3013 70 56 &
539 3013 153 56 spiritu
650 3013 139 56 sancto
748 3013 139 56 viuit,
845 3013 70 56 &
873 3013 139 56 regnat
971 3013 84 56 in
998 3013 84 56 sae-

233 3059 120 69 cula
293 3059 195 69 saeculorum,

1233 275 619 81 DISTINCTIOI

1146 365 180 72 bilucida
1281 365 135 72 buius
1372 365 256 72 distinctionis
1582 365 180 72 duuisio,
1717 365 90 72 in
1762 365 105 72 qua
1823 365 90 72 de
1853 365 150 72 salutise

1196 431 117 52 ris
1263 431 167 52 signis
1380 431 167 52 homini
1497 431 117 52 per
1564 431 201 52 percatum
1715 431 217 52 vulnerato
1865 431 84 52 me-

1257 480 141 75 delam
1352 480 251 75 afferentibus
1556 480 173 75 imcipit
1666 480 220 75 pertractari.

1350 546 346 81 AMARITANVS
1622 546 222 81 ENIM.
1745 546 247 81 Postquam

1388 602 166 70 Magister
1513 602 83 70 in
1554 602 139 70 primis
1651 602 139 70 tribus
1748 602 139 70 libris
1832 602 152 70 tractauit

1382 640 92 57 de
1428 640 137 57 rebus
1519 640 107 57 tam
1580 640 244 57 fruibilibus,
1778 640 122 57 quam
1839 640 153 57 vtibili-

1381 680 99 63 bus
1437 680 212 63 distinctis,
1607 680 85 63 ac
1650 680 127 63 etiam
1734 680 85 63 in
1777 680 99 63 vno
1819 680 170 63 conuenien-

1383 719 147 62 tibus:
1486 719 118 62 nunc
1560 719 88 62 in
1604 719 118 62 isto
1677 719 147 62 quarto
1780 719 132 62 libro
1854 719 132 62 incipit

1368 760 179 63 tractare
1502 760 89 63 de
1547 760 149 63 signis
1651 760 224 63 salutiferis
1815 760 164 63 vulnerato

1131 792 155 54 homini
1240 792 109 54 per
1302 792 186 54 peccatum
1442 792 202 54 medicinam
1597 792 171 54 salutis
1721 792 233 54 efficaciter
1892 792 93 54 con-

1129 836 231 65 ferentibus.
1313 836 92 65 Et
1359 836 200 65 diuiditur
1513 836 92 65 in
1559 836 123 65 duas
1636 836 169 65 partes:
1759 836 123 65 quia
1836 836 138 65 primo
1913 836 77 65 Ma-

1131 869 150 68 gister
1236 869 241 68 manifestando
1432 869 226 68 intentionem
1612 869 135 68 suam,
1702 869 135 68 quasi
1793 869 165 68 videtur
1898 869 90 68 prae

1123 919 182 57 mittere
1256 919 132 57 huic
1338 919 149 57 libro
1437 919 215 57 proemium,
1602 919 182 57 Secundo
1734 919 149 57 iuxta
1817 919 165 57 huiusmo-

1131 947 96 56 di
1179 947 271 56 praemissionem
1402 947 239 56 prosequitur
1593 947 127 56 suum
1673 947 223 56 tractatum,
1832 947 159 56 Sactamen

1126 995 121 62 tum
1195 995 139 62 est.
1282 995 191 62 Quantum
1421 995 104 62 ad
1473 995 174 62 primum
1594 995 121 62 est
1664 995 278 62 aduertendum,
1872 995 104 62 quod

1131 1029 190 58 intentio
1274 1029 254 58 prooemiantis
1480 1029 222 58 dupliciter
1654 1029 269 58 manifestatur.
1860 1029 111 58 Primo

1127 1071 83 51 si
1169 1071 152 51 materia
1279 1071 138 51 totius
1376 1071 138 51 libri,
1473 1071 97 51 seu
1528 1071 180 51 tractatus
1666 1071 235 51 vniuersaliter
1846 1071 124 51 reuelam

1137 1111 117 60 tur.
1210 1111 160 60 Secundo
1327 1111 87 60 si
1371 1111 117 60 suus
1444 1111 131 60 modus
1531 1111 190 60 tractandi
1677 1111 219 60 aliqualiter
1837 1111 146 60 infinua-

1132 1148 119 51 tur.
1207 1148 149 51 Igitur
1311 1148 179 51 Magister
1445 1148 89 51 in
1490 1148 119 51 isto
1565 1148 164 51 prologo
1684 1148 104 51 duo
1743 1148 134 51 nobis
1818 1148 164 51 proponiti

1124 1182 156 65 Primo
1227 1182 138 65 enim
1314 1182 208 65 ostendit
1470 1182 225 65 materiam,
1642 1182 104 65 de
1694 1182 121 65 qua
1764 1182 121 65 est
1815 1182 156 65 agendum

1129 1222 168 63 Secundo
1251 1222 152 63 innuit
1357 1222 152 63 modum,
1464 1222 107 63 quo
1525 1222 107 63 est
1586 1222 244 63 procedendum,
1784 1222 107 63 ibi
1845 1222 91 63 De
1876 1222 91 63 qui-

1129 1263 107 63 bus
1190 1263 198 63 quattuor.
1342 1263 137 63 Prima
1434 1263 92 63 in
1480 1263 137 63 duas:
1571 1263 122 63 quia
1647 1263 137 63 primo
1739 1263 183 63 Magister
1861 1263 122 63 osten-

1119 1304 107 63 dit
1180 1304 169 63 humanae
1303 1304 169 63 naturae
1425 1304 261 63 necessitatem,
1640 1304 77 63 &
1670 1304 245 63 indigentiam.
1854 1304 123 63 Secun-

1127 1339 93 62 do
1174 1339 218 62 praesentis
1345 1339 187 62 materiae
1485 1339 280 62 faecunditatem,
1719 1339 78 62 &
1734 1339 249 62 sufficientiam,

1120 1379 123 52 ibi,
1196 1379 199 52 Curationi
1350 1379 107 52 &c.
1411 1379 92 52 Et
1457 1379 123 52 haec
1534 1379 199 52 diuiditur
1687 1379 92 52 in
1733 1379 123 52 duas
1810 1379 169 52 partes.
1918 1379 61 52 Ad

1119 1416 147 54 cuius
1217 1416 245 54 intellectum
1412 1416 114 54 est
1477 1416 261 54 aduertendum,
1689 1416 130 54 quod
1771 1416 179 54 quamuis
1885 1416 98 54 quan

1125 1455 133 67 doque
1214 1455 148 67 aliqua
1317 1455 177 67 medicina
1451 1455 104 67 sit
1510 1455 192 67 nobiliter
1658 1455 222 67 praeparata,
1835 1455 133 67 tamen
1909 1455 74 67 non

1133 1496 189 65 peratur,
1275 1496 126 65 nisi
1354 1496 95 65 ad
1402 1496 142 65 ipsum
1496 1496 158 65 morbum
1607 1496 158 65 fuerit
1717 1496 221 65 applicata:
1875 1496 95 65 idoc

1129 1539 126 57 primo
1213 1539 168 57 Magister
1339 1539 168 57 ostendit
1466 1539 196 57 praedictae
1620 1539 253 57 sufficientiae,
1831 1539 70 57 &
1845 1539 126 57 nostrae

1126 1584 240 46 indigentiae
1318 1584 96 46 ad
1366 1584 176 46 inuicem
1494 1584 288 46 coniunctionem.
1733 1584 176 46 Secundo
1845 1584 128 46 innuit

1124 1616 85 59 ex
1166 1616 113 59 illa
1237 1616 226 59 coniunctione
1421 1616 141 59 totius
1520 1616 155 59 nostrae
1633 1616 226 59 infirmitatis
1802 1616 170 59 sufficien-

1125 1658 111 56 tem
1188 1658 237 56 curationem.
1378 1658 174 56 Secunda
1505 1658 127 56 pars
1584 1658 174 56 incipit
1711 1658 127 56 ibi.
1790 1658 127 56 Quia
1853 1658 127 56 contra

1133 1696 140 58 eccati
1231 1696 209 58 originalis.
1398 1696 84 58 Et
1440 1696 112 58 haec
1510 1696 98 58 est
1566 1696 182 58 sententia
1706 1696 140 58 istius
1803 1696 168 58 prooemij
1915 1696 56 58 in

1127 1736 176 65 generali,
1262 1736 122 65 circa
1343 1736 122 65 quod,
1424 1736 135 65 quaero
1518 1736 81 65 in
1559 1736 176 65 speciali.

1388 1814 331 82 Questio.
1609 1814 83 82 h

1160 1924 114 61 An
1217 1924 267 61 sacramenta
1427 1924 172 61 nouae
1541 1924 172 61 legis
1656 1924 267 61 creatricem
1866 1924 114 61 in
1904 1924 76 61 se

1369 1964 215 57 virtutem
1512 1964 215 57 contineant

1163 2431 151 54 VTRVM
1264 2431 235 54 sacramenta
1449 2431 151 54 nouae
1550 2431 151 54 legis
1651 2431 185 54 habeant
1785 2431 101 54 in
1836 2431 101 54 se
1869 2431 101 54 vir-

1130 2442 166 75 tutem,
1247 2442 116 75 seu
1313 2442 216 75 potentiam
1479 2442 232 75 creatiuam.
1662 2442 199 75 videtur,
1811 2442 133 75 quod
1877 2442 100 75 sic-

1121 2514 103 52 quia
1185 2514 154 52 vVirtus,
1301 2514 103 52 quae
1365 2514 90 52 est
1416 2514 141 52 gratiae
1518 2514 179 52 effectiua,
1659 2514 103 52 illa
1724 2514 90 52 est
1775 2514 167 52 creatiua:
1903 2514 90 52 sed

1126 2554 140 54 virtus
1224 2554 238 54 sacramentorum
1420 2554 126 54 nouae
1504 2554 126 54 legis
1589 2554 98 54 est
1645 2554 154 54 gratiae
1757 2554 196 54 effectiua:
1897 2554 70 54 er-

1129 2590 91 53 go
1174 2590 106 53 &c.
1235 2590 137 53 Maior
1326 2590 152 53 patet:
1433 2590 122 53 quia
1509 2590 152 53 gratia
1615 2590 167 53 produci
1737 2590 106 53 non
1798 2590 152 53 potest
1889 2590 91 53 nisi

1121 2634 119 53 per
1189 2634 254 53 creationem.
1392 2634 152 53 Minor
1494 2634 152 53 etiam
1595 2634 169 53 patet:
1714 2634 136 53 quia
1782 2634 203 53 sactamenta

1128 2672 119 50 ouae
1202 2672 134 50 legis
1291 2672 89 50 in
1336 2672 104 50 hoc
1395 2672 193 50 differunt
1544 2672 74 50 a
1573 2672 223 50 sacramentis
1751 2672 163 50 veteris
1855 2672 119 50 legis:

1128 2706 167 53 quoniam
1249 2706 198 53 efficiunt
1401 2706 122 53 quod
1477 2706 198 53 figurant,
1629 2706 152 53 planum
1736 2706 106 53 est
1797 2706 137 53 aute,
1888 2706 122 53 quod

1126 2747 153 47 gurant
1233 2747 183 47 gratiam.

1145 2787 155 55 Contra
1254 2787 155 55 virtus
1363 2787 186 55 creatiua
1502 2787 109 55 non
1565 2787 109 55 est
1627 2787 279 55 communicabilis
1844 2787 124 55 alicui

1124 2828 193 50 creaturae
1273 2828 74 50 :
1302 2828 119 50 ergo
1376 2828 104 50 nec
1436 2828 237 50 sacramentis.
1629 2828 208 50 Antecedens
1792 2828 163 50 patebit
1896 2828 74 50 in-

1121 2864 119 51 ra.
1189 2864 272 51 Consequentia
1410 2864 170 51 patet:
1529 2864 136 51 quia
1614 2864 136 51 omne
1699 2864 255 51 sacramentum
1886 2864 85 51 est

1117 2907 223 48 creatura.
1288 2907 120 48 Hic
1357 2907 205 48 quattuor
1511 2907 137 48 sunt
1596 2907 205 48 videnda.
1750 2907 171 48 Primum
1853 2907 120 48 vtrum

1119 2941 186 54 potentia
1259 2941 171 54 creandi
1384 2941 109 54 sit
1446 2941 280 54 communicabilis
1679 2941 218 54 creaturae.
1834 2941 140 54 Secundo

1127 2976 128 59 lato
1207 2976 128 59 quod
1287 2976 128 59 non;
1366 2976 128 59 tunc
1446 2976 223 59 videbitur,
1622 2976 144 59 vtrum
1718 2976 192 59 creatura
1845 2976 128 59 possit

1117 3020 211 52 cooperari
1279 3020 195 52 creatori
1425 3020 97 52 in
1473 3020 146 52 opere
1571 3020 243 52 creationis.
1765 3020 162 52 Tertio
1863 3020 113 52 vtrum

1114 3059 152 55 gratia
1220 3059 258 55 sacramentalis
1433 3059 152 55 habeat
1539 3059 121 55 esse
1615 3059 106 55 per
1675 3059 228 55 creationem.
1858 3059 91 55 Et
1888 3059 91 55 quat

1110 3099 106 68 to
1163 3099 106 68 ex
1216 3099 123 68 his
1287 3099 194 68 patebit
1428 3099 106 68 de
1481 3099 123 68 eo,
1551 3099 141 68 quod
1622 3099 212 68 quaeritur.
