2409 3538
216 269 161 57 tamen,
329 269 129 57 quia
409 269 129 57 ante
490 269 113 57 sui
554 269 258 57 conuersionem
764 269 193 57 Qentiles
909 269 145 57 erant
989 269 97 57 cul-

223 320 143 46 tores
318 320 206 46 idolorum:
477 320 127 46 ideo
556 320 95 46 ne
604 320 175 46 Hebraei
731 320 95 46 ad
779 320 143 46 finem
874 320 190 46 conuersi
1001 320 79 46 su-

223 359 225 43 spicarentur
403 359 240 43 Christianos,
598 359 105 43 qui
658 359 165 43 fuerunt
778 359 195 43 Qentiles,
928 359 135 43 adhuc
1003 359 75 43 ido

226 400 98 43 lis
282 400 169 43 deditos,
409 400 98 43 vel
465 400 84 43 ad
507 400 126 43 idola
591 400 211 43 inclinatos;
760 400 112 43 ideo
830 400 183 43 prohibiti
971 400 126 43 erant
1041 400 42 43 a

215 437 219 51 comestione
387 437 172 51 talium,
512 437 125 51 quae
590 437 172 51 fuerant
716 437 156 51 idolis
825 437 188 51 immolata
966 437 78 51 :
981 437 94 51 Post

221 478 130 49 quam
302 478 130 49 ergo
384 478 179 49 Sentes,
514 478 114 49 seu
579 478 196 49 Sentiles
726 478 130 49 adco
808 478 179 49 firmati
938 478 147 49 erant
1020 478 65 49 in

222 515 123 39 nde,
298 515 123 39 quod
375 515 138 39 talis
467 515 184 39 suspicio
606 515 154 39 merito
713 515 169 39 cessare
836 515 154 39 debuit
944 515 123 39 apud
1005 515 77 39 He-

222 552 165 57 braeos,
342 552 120 57 tunc
417 552 120 57 illa
492 552 210 57 prohibitio
657 552 180 57 ulterius
793 552 105 57 non
853 552 210 57 obligabat,
1003 552 90 57 quia

225 595 182 39 cessante
362 595 152 39 causa,
468 595 152 39 cessat
574 595 198 39 effectus.
726 595 106 39 Sic
787 595 167 39 quamuis
909 595 182 39 comedere
1030 595 61 39 de

209 629 208 55 sanguine,
369 629 112 55 vel
433 629 96 55 de
480 629 176 55 animali
608 629 208 55 suffocato
768 629 192 55 secundum
911 629 96 55 se
959 629 112 55 non
1007 629 80 55 sit

221 671 203 43 peccatum,
378 671 141 43 tamen
472 671 125 43 quia
550 671 125 43 illa
628 671 94 43 in
675 671 125 43 lege
753 671 172 43 fuerunt
879 671 219 43 prohibita,
1035 671 47 43 &

224 706 179 50 ludaei,
354 706 130 50 quia
435 706 179 50 numquam
565 706 97 50 de
613 706 179 50 talibus
743 706 243 50 comederunt,
922 706 162 50 huiusmo-

222 752 99 47 di
271 752 148 47 cibum
370 752 296 47 abominabantur:
617 752 132 47 ideo
699 752 99 47 ad
749 752 264 47 conseruandam
963 752 148 47 pacem

224 791 84 42 &
258 791 236 42 societatem
443 791 236 42 Hebraeorum
629 791 118 42 cum
696 791 219 42 gentibus,
848 791 236 42 ordinauerunt

223 831 196 37 Apostoli,
374 831 121 37 quod
450 831 136 37 etiam
540 831 181 37 Qentiles
676 831 76 37 a
706 831 166 37 talibus
827 831 242 37 abstinerent.
1008 831 76 37 Vn-

226 867 101 44 de
277 867 151 44 etiam
378 867 135 44 nunc
462 867 202 44 uidemus,
613 867 135 44 quod
697 867 168 44 siunus
815 867 135 44 homo
899 867 135 44 vult
966 867 118 44 soda-

219 903 134 59 liter
308 903 148 59 uiuere
412 903 104 59 cum
472 903 119 59 alio
546 903 163 59 propter
665 903 134 59 pacem
754 903 163 59 illius,
872 903 163 59 necesse
991 903 104 59 est
1036 903 59 59 eu

210 945 193 49 abstinere
358 945 89 49 ab
403 945 148 49 illis,
506 945 118 49 quae
580 945 118 49 ille
655 945 163 49 penitus
773 945 193 49 abhorret,
921 945 104 49 seu
966 945 118 49 abomi-

222 986 153 46 natur.
329 986 137 46 Etiam
420 986 122 46 ista
496 986 214 46 prohibitio
664 986 153 46 merito
771 986 198 46 cessauit,
923 986 153 46 quando
1015 986 76 46 ta-

222 1022 108 48 lis
283 1022 216 48 abominatio
453 1022 123 48 apud
530 1022 185 48 Hebraeos
669 1022 93 48 ad
715 1022 139 48 fidem
807 1022 200 48 conuersos
946 1022 139 48 cessare

212 1062 122 54 coepit.

256 1104 102 43 Ad
307 1104 307 43 confirmationem
563 1104 222 43 dicendum,
734 1104 137 43 quod
819 1104 137 43 quia
904 1104 137 43 illo
973 1104 119 43 tempo

213 1150 93 40 re
259 1150 139 40 fides
352 1150 170 40 Christi
475 1150 108 40 non
537 1150 124 40 fuit
615 1150 108 40 per
676 1150 139 40 modum
769 1150 247 40 sufficienter
955 1150 139 40 diuulga

223 1179 111 49 ta,
287 1179 127 49 ideo
366 1179 143 49 talia
461 1179 175 49 legalia
588 1179 111 49 non
652 1179 175 49 fuerunt
779 1179 143 49 adhuc
874 1179 222 49 mortifera:
1033 1179 63 49 Et

224 1229 120 45 quia
299 1229 120 45 sine
374 1229 165 45 peccato
494 1229 180 45 poterant
629 1229 195 45 exerceri;
778 1229 120 45 ideo
853 1229 90 45 ne
898 1229 180 45 Apostoli
1018 1229 75 45 vi-

220 1259 202 51 derentur
372 1259 169 51 vitare
490 1259 202 51 legalia,
642 1259 185 51 tamquam
777 1259 202 51 idolorum
912 1259 185 51 culturam,

222 1301 135 51 talia
312 1301 195 51 suaserunt
463 1301 150 51 Paulo,
568 1301 120 51 quae
643 1301 180 51 superius
778 1301 135 51 dicta
868 1301 135 51 sunt,
944 1301 150 51 volentes

224 1338 99 53 in
273 1338 115 53 hoc
339 1338 198 53 mitigare
487 1338 214 53 saeuitiam
652 1338 231 53 ludaeorum.

229 1377 105 51 Ad
281 1377 245 51 argumentum
473 1377 245 51 principale
666 1377 227 51 dicendum,
840 1377 140 51 quod
910 1377 175 51 carenti-

229 1417 173 54 visionis
358 1417 159 54 diuinae
474 1417 202 54 dupliciter
633 1417 144 54 potest
734 1417 159 54 accipi.
849 1417 101 54 Vno
907 1417 130 54 modo,
993 1417 87 54 vt
1022 1417 58 54 es

233 1455 179 48 eterna,
363 1455 81 48 &
395 1455 114 48 sic
460 1455 244 48 circumcisio
656 1455 195 48 abstulit
802 1455 212 48 nuiusmodi
949 1455 146 48 poenam:

231 1499 116 46 quia
304 1499 146 46 nullus
406 1499 233 46 circumcisus,
595 1499 87 46 vt
639 1499 116 46 sic,
712 1499 116 46 fuit
784 1499 87 46 ad
828 1499 131 46 illam
915 1499 146 46 poenam
1003 1499 87 46 per-

233 1545 143 39 petuo
328 1545 222 39 obligatus.
503 1545 127 39 Alio
583 1545 143 39 modo,
678 1545 95 39 vt
726 1545 222 39 temporalis
900 1545 143 39 erat,
996 1545 79 39 &
1012 1545 79 39 sic

227 1582 109 44 non
290 1582 187 44 abstulit
430 1582 124 44 eam:
507 1582 124 44 quia
585 1582 156 44 nondum
694 1582 124 44 fuit
772 1582 171 44 solutum
881 1582 202 44 reconcilia-

224 1616 161 50 tionis
337 1616 194 50 prerium,
482 1616 129 50 quod
563 1616 81 50 a
595 1616 145 50 primo
692 1616 226 50 soluebatur
869 1616 97 50 in
918 1616 145 50 morte
998 1616 97 50 Sal-

223 1653 182 44 natoris.
359 1653 121 44 Vnde
435 1653 106 44 nec
496 1653 197 44 baptismus
648 1653 182 44 abstulit
784 1653 213 44 praedictam
951 1653 167 44 poenam,

224 1694 93 50 vt
270 1694 216 50 temporalis
440 1694 139 50 erat,
533 1694 170 50 quamuis
656 1694 201 50 baptixati
811 1694 77 50 a
842 1694 139 50 culpa
919 1694 170 50 mundarem-

233 1737 120 46 tur,
308 1737 75 46 &
338 1737 149 46 diuina
442 1737 149 46 gratia
547 1737 269 46 perficerentur.
771 1737 90 46 Si
816 1737 120 46 enim
891 1737 164 46 aliquis
995 1737 90 46 bap-

226 1772 184 45 tixatus
360 1772 184 45 fuisset
493 1772 184 45 mortuus
627 1772 200 45 antequam
777 1772 234 45 praedictum
944 1772 150 45 pretium

237 1810 103 48 per
296 1810 147 48 mortem
399 1810 162 48 Christi
517 1810 162 48 solutum
635 1810 132 48 fuit,
723 1810 118 48 ipse
797 1810 132 48 aeque
885 1810 191 48 caruisset
1017 1810 74 48 di-

244 1849 117 44 uina
317 1849 175 44 visione,
449 1849 131 44 sicut
536 1849 73 44 &
566 1849 234 44 circumcisus,
755 1849 131 44 donec
843 1849 175 44 Christus
960 1849 131 44 fuifser

236 1889 186 48 mortuus.
376 1889 93 48 Ex
423 1889 109 48 his
485 1889 124 48 ergo
563 1889 155 48 patet,
672 1889 124 48 quod
749 1889 140 48 maior
842 1889 155 48 istius
936 1889 155 48 rationis

230 1927 106 48 non
290 1927 106 48 est
351 1927 226 48 vsquequaque
531 1927 136 48 vera,
622 1927 121 48 quia
697 1927 166 48 dimissa
818 1927 151 48 culpa,
923 1927 151 48 potest
1014 1927 75 48 ma-

221 1968 125 49 nere
300 1968 156 49 poena:
409 1968 250 49 temporaliter
612 1968 156 49 tamen,
722 1968 141 49 puta,
816 1968 141 49 vsque
909 1968 94 49 ad
941 1968 156 49 solutio-

234 2007 106 56 nem
294 2007 166 56 pretij.
415 2007 91 56 Et
461 2007 106 56 per
521 2007 106 56 hoc
581 2007 136 56 etiam
672 2007 151 56 patet,
778 2007 121 56 quod
853 2007 181 56 probatio
974 2007 121 56 illius

224 2042 176 57 maioris
352 2042 176 57 assumit
463 2042 144 57 falsum.

384 2122 577 56 DISTINCTIO
796 2122 165 56 II

237 2203 214 90 Preuiffima
405 2203 137 90 hiuus
496 2203 260 90 distinctionis
710 2203 183 90 duuisio.
848 2203 92 90 in
893 2203 107 90 qua
955 2203 92 90 de
985 2203 107 90 sacro

361 2266 168 70 mentis
479 2266 151 70 nouae
580 2266 151 70 legis
681 2266 151 70 sermo
765 2266 185 70 mcboatur.

463 2355 136 55 AM
531 2355 136 55 AD
599 2355 317 55 SACRAMENTA
848 2355 181 55 NOVA
939 2355 158 55 LEGIS

492 2402 190 46 Postquam
635 2402 190 46 Magister
778 2402 254 46 determinauit
984 2402 95 46 de
1016 2402 79 46 sa-

494 2444 186 38 cramentis
637 2444 157 38 veteris
751 2444 143 38 legis,
852 2444 100 38 hic
909 2444 157 38 incipit
1009 2444 86 38 tra-

482 2475 133 43 ctare
571 2475 89 43 de
615 2475 222 43 sacramentis
793 2475 133 43 nouae
881 2475 148 43 legis.
985 2475 89 43 Et
1014 2475 74 43 diu

492 2513 133 53 ditur
581 2513 89 53 in
625 2513 118 53 duas
699 2513 163 53 partes:
818 2513 118 53 quia
892 2513 133 53 primo
966 2513 133 53 praemit

487 2556 109 47 tit
550 2556 172 47 quaedam
675 2556 218 47 praeambula
846 2556 234 47 aliqualiter
1018 2556 78 47 va-

228 2597 174 53 lentia
350 2597 105 53 ad
402 2597 296 53 sacramentorum
646 2597 314 53 insinuationem,
907 2597 192 53 Secundo
1029 2597 70 53 de

235 2636 186 50 quolibet
374 2636 216 50 sacramento
544 2636 139 50 nouae
637 2636 139 50 legis
729 2636 139 50 facit
822 2636 216 50 singularem
977 2636 108 50 deter

227 2671 225 52 minationem.
407 2671 165 52 Secunda
527 2671 120 52 pars
602 2671 165 52 incipit
722 2671 90 52 in
767 2671 195 52 principio
917 2671 165 52 tertiae
1022 2671 60 52 di

229 2706 220 59 stinctionis
405 2706 117 59 ibi,
478 2706 117 59 Post
551 2706 102 59 hoc
610 2706 176 59 videndum
742 2706 117 59 est.
815 2706 132 59 Prima
903 2706 88 59 in
947 2706 132 59 duas:
1020 2706 73 59 nam

231 2748 150 61 primo
331 2748 200 61 Magister
481 2748 233 61 praemittit
664 2748 183 61 quaedam
797 2748 200 61 communia
931 2748 166 61 valentia

243 2790 94 52 ad
290 2790 188 52 notitiam
431 2790 157 52 omnium
541 2790 204 52 sacrament
698 2790 125 52 orum
776 2790 141 52 nouae
870 2790 141 52 legis
965 2790 94 52 in
996 2790 94 52 vni-

238 2830 192 54 uersali.
382 2830 176 54 Secundo
510 2830 192 54 adiungit
654 2830 176 54 quaedam
781 2830 256 54 deseruientia
989 2830 96 54 ad
1021 2830 64 54 sa

246 2867 201 51 cramentum
400 2867 185 51 baptismi
539 2867 93 51 in
585 2867 201 51 speciali.
739 2867 170 51 Secunda
863 2867 123 51 ibi,
940 2867 123 51 Nunc
1001 2867 93 51 vero

237 2908 93 54 de
284 2908 202 54 baptismi.
439 2908 140 54 Prima
533 2908 202 54 diuiditur
688 2908 93 54 in
735 2908 124 54 tres
812 2908 171 54 partes:
937 2908 109 54 nam
983 2908 109 54 primo

239 2953 211 46 ostendit
398 2953 299 46 sacramentorum
644 2953 299 46 distinctionem
890 2953 158 46 penes
978 2953 123 46 eorum

244 2989 205 47 numerum,
398 2989 85 47 &
432 2989 290 47 perfectionem.
671 2989 188 47 Secumdo
808 2989 171 47 innuit
927 2989 154 47 eorum
1013 2989 85 47 in-

238 3024 260 55 choationem.
446 3024 174 55 Tertio
567 3024 191 55 excipit
706 3024 260 55 sacramentum
897 3024 191 55 matrimoni

243 3069 96 44 ab
291 3069 208 44 huiusmodi
451 3069 240 44 inceptione,
643 3069 208 44 ostendens
803 3069 144 44 ipsum
899 3069 128 44 prae
963 3069 144 44 ceteris

239 3109 243 56 sacramentis
434 3109 195 56 habuisse
580 3109 243 56 antiquiorem
774 3109 243 56 durationem.
953 3109 146 56 Secumda

1116 262 120 86 ibi,
1191 262 90 86 Si
1236 262 120 86 vero
1311 262 210 86 quaeritur.
1476 262 150 86 Tertia
1580 262 120 86 ibi,
1655 262 120 86 fuit
1730 262 135 86 tamen
1805 262 165 86 coniugium

1118 321 111 67 Hic
1182 321 127 67 ergo
1261 321 159 67 quaero
1373 321 127 67 hanc
1436 321 223 67 quaestionem.

1400 395 304 77 Quaestio
1603 395 101 77 i.

1113 484 105 87 An
1165 484 245 87 Sacramenta
1357 484 157 87 nouae
1462 484 157 87 legis
1567 484 192 87 aliquam
1706 484 105 87 in
1759 484 105 87 se
1794 484 192 87 spiritua-

1228 541 122 62 lem
1297 541 210 62 virtutem
1455 541 140 62 sibi
1542 541 280 62 informaliter
1752 541 122 62 inhae

1355 591 204 55 rentem
1477 591 244 55 contineant

1146 909 158 58 VTRVM
1252 909 246 58 sacramenta
1446 909 158 58 nouae
1551 909 158 58 legis
1657 909 194 58 habeant
1797 909 106 58 in
1850 909 106 58 se
1885 909 106 58 ali-

1124 917 131 86 quam
1206 917 246 86 spiritualem
1403 917 197 86 virtutem
1550 917 148 86 ipsis
1649 917 230 86 formaliter
1813 917 164 86 inhaeret

1113 999 133 54 tem.:
1202 999 178 54 Videtur,
1336 999 119 54 quod
1410 999 119 54 sic:
1484 999 119 54 quia
1558 999 148 54 illud,
1662 999 119 54 quod
1736 999 104 54 est
1795 999 133 54 causa
1869 999 119 54 spiri-

1122 1031 137 50 tualis
1218 1031 178 50 effectus,
1355 1031 96 50 vel
1410 1031 164 50 secundum
1533 1031 82 50 se
1574 1031 96 50 est
1629 1031 178 50 spiritus,
1766 1031 96 50 vel
1821 1031 82 50 in
1862 1031 82 50 se
1889 1031 96 50 habet

1118 1068 245 52 spiritualem
1313 1068 212 52 virtutem:
1476 1068 114 52 sed
1542 1068 228 52 sacramenta
1721 1068 147 52 nouae
1819 1068 147 52 legis
1900 1068 98 52 sunt

1122 1113 135 46 causa
1212 1113 226 46 spiritualis
1393 1113 196 46 effectus,
1543 1113 75 46 &
1574 1113 105 46 non
1634 1113 120 46 sunt
1709 1113 181 46 spiritus
1829 1113 151 46 secundum

1114 1145 113 52 se:
1178 1145 129 52 ergo
1259 1145 113 52 &c.
1324 1145 145 52 Maior
1420 1145 161 52 patet:
1533 1145 129 52 quia
1614 1145 97 52 da
1662 1145 226 52 oppositum,
1840 1145 129 52 tunc
1904 1145 81 52 ef-

1115 1188 147 47 fectus
1218 1188 132 47 esset
1306 1188 235 47 praestantior
1497 1188 103 47 sua
1556 1188 147 47 causa,
1659 1188 118 47 quod
1732 1188 103 47 est
1776 1188 206 47 inconueniens

1118 1225 158 57 Minor
1224 1225 158 57 etiam
1329 1225 158 57 patet
1434 1225 193 57 quantum
1574 1225 105 57 ad
1627 1225 175 57 primam
1750 1225 140 57 eius
1837 1225 175 57 partem
1942 1225 53 57 :

1118 1270 121 43 quia
1193 1270 151 43 gratia
1299 1270 106 43 est
1360 1270 106 43 res
1420 1270 227 43 simpliciter
1602 1270 242 43 spiritualis,
1798 1270 76 43 &
1814 1270 181 43 sacramenta

1123 1312 118 44 unt
1191 1312 152 44 causa
1292 1312 202 44 gratiae.
1443 1312 152 44 Patet
1545 1312 152 44 etiam
1646 1312 185 44 quantum
1781 1312 101 44 ad
1814 1312 169 44 secundam

1126 1340 175 59 partem:
1253 1340 127 59 quia
1333 1340 223 59 sacramenta
1508 1340 127 59 sunt
1587 1340 111 59 res
1651 1340 239 59 corporales:
1842 1340 127 59 ergo
1905 1340 80 59 non

1120 1381 112 51 sunt
1176 1381 154 51 spiritus.

1133 1423 171 56 Contra,
1257 1423 186 56 formalis
1396 1423 202 56 perfectio
1551 1423 109 56 rei
1613 1423 217 56 corporalis
1784 1423 109 56 est
1830 1423 155 56 corpora-

1122 1458 129 56 lis:
1203 1458 113 56 sed
1267 1458 226 56 sacramenta
1445 1458 129 56 sunt
1526 1458 113 56 res
1590 1458 242 56 corporales.
1784 1458 113 56 Hic
1832 1458 162 56 quattuor

1126 1501 127 53 sunt
1206 1501 191 53 videnda.
1349 1501 143 53 Primo
1444 1501 143 53 vtrum
1540 1501 223 53 sacramenta
1715 1501 143 53 nouae
1810 1501 143 53 legis
1890 1501 95 53 sint

1130 1548 142 46 causa
1225 1548 190 46 gratiae.
1368 1548 174 46 Secundo
1494 1548 142 46 vtrum
1589 1548 174 46 ratione
1716 1548 206 46 huiusmodi
1858 1548 127 46 causa-

1122 1577 169 55 litatis
1245 1577 169 55 necesse
1367 1577 108 55 sit
1429 1577 154 55 ponero
1536 1577 169 55 aliquam
1659 1577 184 55 virtutem
1782 1577 200 55 spiritualem

1113 1618 251 48 sacramentis
1314 1618 234 48 formaliter
1498 1618 267 48 inhaerentem.
1715 1618 167 48 Tertio
1815 1618 167 48 videndum

1121 1661 107 42 est
1182 1661 91 42 de
1227 1661 167 42 tempore
1349 1661 259 42 institutionis
1562 1661 259 42 sacramentorum
1775 1661 137 42 nouae
1866 1661 152 42 legis.

1123 1694 97 52 Et
1171 1694 162 52 quarto
1285 1694 97 52 de
1334 1694 162 52 numero
1447 1694 162 52 eorum,
1561 1694 81 52 &
1577 1694 243 52 sufficientia.

1243 1775 242 80 RE
1364 1775 201 80 S
1444 1775 201 80 O
1525 1775 322 80 LVT1
1686 1775 161 80 O.

1126 1889 177 46 Sacvamenta
1265 1889 126 46 nontae
1354 1889 114 46 legis
1430 1889 101 46 haud
1493 1889 190 46 printipalis
1645 1889 139 46 diuinae
1746 1889 139 46 gratiae
1847 1889 114 46 causa
1910 1889 76 46 exi-

1157 1930 129 50 stunt,
1248 1930 91 50 sed
1299 1930 181 50 instrument
1442 1930 116 50 alis,
1519 1930 91 50 non
1571 1930 116 50 tamen
1649 1930 181 50 huiusmodi,
1791 1930 103 50 quod
1856 1930 103 50 eius
1907 1930 78 50 acti

1164 1974 291 43 effectuprincipalis
1415 1974 146 43 agentis
1521 1974 185 43 productiut
1667 1974 172 43 attingat:
1799 1974 93 43 Ita
1852 1974 132 43 quoque
1932 1974 66 43 di-

1165 2006 176 45 spositiua
1301 2006 122 45 causa
1383 2006 109 45 esse
1450 2006 176 45 feruntur:
1586 2006 95 45 non
1640 2006 109 45 ideo
1708 2006 136 45 tamen,
1803 2006 109 45 quod
1857 2006 136 45 effectum

1159 2047 163 53 eiusmodi
1282 2047 177 53 immediate
1418 2047 163 53 inducant
1540 2047 82 53 in
1581 2047 136 53 anima,
1676 2047 95 53 qui
1730 2047 136 53 suapte
1825 2047 136 53 natuaa
1907 2047 95 53 latis

1162 2089 141 57 animam
1261 2089 169 57 disponat
1387 2089 85 57 ad
1430 2089 155 57 diuinam
1542 2089 155 57 gratiam
1655 2089 239 57 suscipiendam,
1852 2089 99 57 ita
1908 2089 85 57 vt
1937 2089 70 57 ne-

1166 2123 156 60 cessario
1283 2123 130 60 animae
1374 2123 195 60 infundatur,
1530 2123 104 60 nisi
1595 2123 104 60 obex
1660 2123 182 60 voluntarie
1790 2123 169 60 obiiciatur.

1258 2201 584 61 ARTICVLVS
1662 2201 180 61 I.

1249 2289 166 86 Vtrum
1359 2289 259 86 sacramenta
1563 2289 166 86 nouae
1674 2289 166 86 legis
1766 2289 111 86 sint

1437 2356 159 57 causa
1526 2356 159 57 gratie.

1193 2447 186 51 VANTVM
1323 2447 111 51 ad
1379 2447 186 51 primum
1509 2447 130 51 est
1583 2447 297 51 aduertendum,
1825 2447 149 51 quod
1899 2447 93 51 ali

1134 2475 132 66 quid
1217 2475 132 66 esse
1300 2475 165 66 causam
1416 2475 199 66 alicuius
1565 2475 199 66 effectus
1714 2475 165 66 potest
1813 2475 182 66 intelligi

1133 2510 234 65 dupliciter.
1321 2510 109 65 Vno
1383 2510 125 65 modo
1461 2510 125 65 quod
1539 2510 140 65 ipsum
1632 2510 109 65 sit
1695 2510 140 65 causa
1773 2510 218 65 principalis.

1128 2563 122 54 Alio
1204 2563 137 54 modo,
1295 2563 122 54 quod
1371 2563 107 54 sit
1432 2563 137 54 causa
1523 2563 289 54 instrumentalis.
1767 2563 91 54 Et
1812 2563 167 54 accipio
1919 2563 76 54 cau

1127 2600 113 51 sam
1191 2600 291 51 instrumentalem
1434 2600 162 51 large,
1547 2600 162 51 prout,
1660 2600 145 51 omnis
1757 2600 145 51 causa
1837 2600 162 51 secunda-

1128 2639 106 58 ria
1188 2639 167 58 dicitur
1310 2639 257 58 instumentalis
1522 2639 182 58 respectu
1658 2639 151 58 causae
1764 2639 212 58 primariae,
1915 2639 76 58 seu

1143 2681 244 53 principalis.
1341 2681 274 53 Instrumentalis
1569 2681 122 53 vero
1646 2681 137 53 causa
1737 2681 107 53 est
1798 2681 168 53 duplex:
1905 2681 91 53 quia

1140 2716 164 59 quaedam
1260 2716 105 59 est
1319 2716 284 59 instrumentalis,
1558 2716 119 59 quae
1633 2716 179 59 attingit
1767 2716 179 59 effectum
1887 2716 105 59 prin-

1131 2761 177 52 cipalis
1260 2761 177 52 agentis
1388 2761 241 52 productiue,
1582 2761 145 52 sicut
1678 2761 97 52 in
1726 2761 241 52 generatione
1903 2761 97 52 equi

1133 2796 107 49 Sol
1194 2796 107 49 est
1255 2796 137 49 causa
1346 2796 244 49 principalis,
1544 2796 183 49 loquendo
1681 2796 91 49 de
1727 2796 137 49 causa
1818 2796 213 49 corporali,

1125 2836 83 46 &
1159 2836 150 46 equus
1258 2836 199 46 generans
1408 2836 116 46 est
1474 2836 150 46 causa
1574 2836 316 46 instrumentalis,
1840 2836 116 46 cum
1890 2836 116 46 equus

1134 2877 212 55 generans
1294 2877 124 55 vna
1364 2877 124 55 cum
1435 2877 142 55 Sole
1523 2877 212 55 producit
1683 2877 177 55 formam
1806 2877 142 55 equi
1877 2877 124 55 geni-

1122 2916 122 51 ti
1183 2916 284 51 producendo
1406 2916 183 51 ipsum
1527 2916 183 51 equum
1649 2916 223 51 genitum
1811 2916 162 51 Alia
1893 2916 101 51 est

1141 2957 140 47 causa
1235 2957 295 47 instrumentalis,
1483 2957 124 47 quae
1561 2957 186 47 attingit
1701 2957 186 47 effectum
1825 2957 171 47 principa-

1132 2991 115 62 lis
1197 2991 181 62 agentis
1329 2991 115 62 non
1394 2991 246 62 productiue,
1591 2991 115 62 sed
1657 2991 164 62 tantum
1755 2991 230 62 dispositiue,

1149 3028 145 52 Sicut
1245 3028 96 52 iu
1294 3028 241 52 generatione
1486 3028 177 52 hominis
1615 3028 145 52 causa
1711 3028 241 52 principalis
1888 3028 96 52 for-

1141 3071 111 52 mae
1205 3071 175 52 humanae
1332 3071 111 52 est
1396 3071 143 52 solus
1491 3071 143 52 Deus,
1587 3071 96 52 eo
1635 3071 127 52 quod
1714 3071 143 52 anima
1810 3071 159 52 humana
1905 3071 80 52 por

1138 3114 226 57 creationem
1316 3114 243 57 producatur,
1510 3114 129 57 quae
1591 3114 194 57 competit
1736 3114 129 57 soli
1817 3114 113 57 Deo
1882 3114 81 57 :
1898 3114 97 57 homo
