2394 3514
375 227 193 85 qualibet
520 227 145 85 parte
616 227 241 85 lacramenti:
809 227 80 85 &
841 227 113 85 hoc
905 227 113 85 non
970 227 129 85 quia
1050 227 113 85 hoc
1098 227 145 85 proprit

389 290 163 57 animae
503 290 228 57 rationalis
681 290 195 57 secundum
828 290 163 57 beatum
941 290 146 57 Augu.
1039 290 98 57 in
1088 290 163 57 sermon
1185 290 65 57 de

387 330 182 58 imagine:
523 330 106 58 aut
584 330 121 58 tota
659 330 121 58 erit
735 330 91 58 in
781 330 121 58 toto
856 330 227 58 sacramento,
1038 330 76 58 &
1068 330 151 58 partes
1159 330 91 58 eius

384 370 90 59 in
429 370 165 59 partibs
549 370 224 59 sactamenti:
728 370 75 59 &
758 370 120 59 tunc
833 370 105 59 non
893 370 135 59 esset
983 370 239 59 spiritualis:
1162 370 90 59 quia

396 407 129 58 esset
482 407 172 58 extensa,
611 407 72 58 &
640 407 101 58 per
697 407 201 58 consequens
855 407 215 58 corporalis,
1028 407 72 58 &
1056 407 101 58 sic
1114 407 129 58 esset
1186 407 57 58 sp

393 448 179 58 ritualis,
531 448 69 58 &
558 448 96 58 non
613 448 124 58 esset
696 448 220 58 spiritualis,
875 448 110 58 quod
944 448 96 58 est
999 448 234 58 contradictio.

423 491 75 45 2
453 491 196 45 Praeterea
604 491 106 45 aut
664 491 121 45 ista
739 491 151 45 virtus
845 491 121 45 erit
920 491 106 45 vna
981 491 90 45 in
1026 491 166 45 omnibus
1131 491 121 45 parti-

399 523 105 56 bus
459 523 226 56 sacramenti:
640 523 75 56 &
670 523 120 56 tunc
745 523 105 56 cum
805 523 135 56 plura
895 523 135 56 verba
985 523 120 56 sint
1061 523 90 56 in
1091 523 150 56 quolibes

392 573 243 47 satramento,
586 573 162 47 quorum
699 573 162 47 semper
813 573 162 47 primum
926 573 162 47 cessat
1040 573 146 47 esse,
1120 573 130 47 quando

392 610 188 51 secundum
533 610 172 51 incipit
659 610 125 51 esse
737 610 78 51 :
768 610 204 51 sequitur,
925 610 125 51 quod
1003 610 188 51 accidens
1129 610 125 51 maneat

386 652 201 47 destructo
540 652 201 47 subiecto,
695 652 93 47 in
741 652 108 47 quo
803 652 139 47 prius
896 652 139 47 erat:
989 652 186 47 sequitur
1128 652 155 47 etiam,

391 688 129 57 quod
471 688 193 57 accidens
616 688 193 57 migraret
761 688 97 57 de
809 688 193 57 subiecto
954 688 97 57 in
1003 688 225 57 subiectum.
1164 688 80 57 Aut

400 727 112 49 ista
470 727 140 49 virtus
568 727 112 49 erit
638 727 126 49 alia,
722 727 70 49 &
750 727 126 49 alia:
835 727 112 49 tunc
905 727 112 49 quot
975 727 196 49 concurrunt
1115 727 140 49 svllabae

398 757 194 57 verborum
543 757 97 57 in
592 757 194 57 quolibet
737 757 242 57 sacramento,
931 757 113 57 tot
996 757 145 57 erunt
1076 757 178 57 virtutes:

382 804 156 53 quod
479 804 214 53 videtur
615 804 273 53 inconueniens

442 836 77 62 3
472 836 217 62 Praeterea,
643 836 139 62 sicut
736 836 139 62 ille,
829 836 108 62 qui
891 836 186 62 sequitur
1030 836 186 62 rationem
1154 836 93 62 natu

404 880 141 55 ralem
498 880 94 55 in
545 880 220 55 naturalium
718 880 141 55 rerum
812 880 251 55 causalitate,
1016 880 110 55 non
1079 880 141 55 dobet
1157 880 94 55 pone

397 921 85 58 re
439 921 242 58 pluralitatem,
639 921 114 58 nisi
710 921 128 58 ratio
795 921 185 58 naturalis
937 921 100 58 hoc
994 921 156 58 dictet,
1108 921 71 58 &
1122 921 128 58 conclu-

394 955 114 54 dat:
465 955 100 54 sic
522 955 128 54 ille,
607 955 100 54 qui
664 955 185 54 innititur
807 955 142 54 lumini
906 955 142 54 fidei,
1006 955 100 54 non
1063 955 128 54 debet
1134 955 114 54 ponere

403 993 137 64 plura,
499 993 110 64 quae
568 993 151 64 veritas
678 993 124 64 fidei
760 993 96 64 non
815 993 179 64 requirit:
953 993 96 64 Sed
1008 993 151 64 veritas
1117 993 124 64 fidei
1186 993 55 64 no

390 1044 194 50 requirit,
539 1044 119 50 quod
614 1044 164 50 ponamus
733 1044 209 50 huiusfmodi
898 1044 90 50 vi
942 1044 134 50 tutes
1032 1044 90 50 in
1062 1044 194 50 sactamentis

391 1073 125 49 quia
470 1073 156 49 omnia,
579 1073 125 49 quae
657 1073 94 49 de
704 1073 234 49 sacramentis
892 1073 172 49 saluare
1017 1073 188 49 debemus,
1142 1073 109 49 aeque

394 1119 116 53 bene
466 1119 174 53 saluamus
596 1119 116 53 sine
668 1119 174 53 positone
799 1119 145 53 istius
900 1119 159 53 infusae
1016 1119 188 53 virtutis,
1160 1119 72 53 &
1175 1119 72 53 for

392 1146 98 63 te
441 1146 179 63 melius,
571 1146 130 63 quam
652 1146 179 63 ponendo
782 1146 212 63 huiusmodi
945 1146 212 63 virtutem:
1108 1146 114 63 nam
1156 1146 98 63 vir-

394 1189 103 67 tus
453 1189 147 67 diuina
556 1189 220 67 sacramentis
732 1189 191 67 assistens
878 1189 147 67 aeque,
981 1189 191 67 perfecte,
1128 1189 73 67 &
1142 1189 103 67 ordi-

396 1228 129 52 nate
476 1228 161 52 potest
589 1228 177 52 causare
717 1228 257 52 characterem,
926 1228 177 52 ornatum
1039 1228 209 52 spiritualem

400 1272 187 41 pratiam,
541 1272 78 41 &
572 1272 187 41 virtutem
712 1272 94 41 in
759 1272 140 41 anima
853 1272 250 41 suscipientis
1040 1272 203 41 sacramentum

400 1305 109 55 fine
469 1305 150 55 virtute
578 1305 137 55 infusa
674 1305 219 55 sacramentis:
852 1305 123 55 sicut
934 1305 82 55 si
975 1305 123 55 esset
1057 1305 123 55 talis
1125 1305 123 55 virtus;

404 1345 143 59 Multa
500 1345 143 59 etiam
595 1345 128 59 alia
675 1345 159 59 essent
787 1345 191 59 tangenda
930 1345 143 59 circa
1026 1345 143 59 modum
1106 1345 143 59 ponendi

401 1382 124 62 quem
478 1382 154 62 ponunt
586 1382 124 62 isti
663 1382 185 62 doctores
802 1382 170 62 quantum
926 1382 93 62 ad
972 1382 216 62 praedictam
1126 1382 124 62 sacra-

395 1423 190 63 mentorum
537 1423 205 63 virtutem,
695 1423 126 63 quae
774 1423 142 63 omnia
869 1423 95 63 ad
916 1423 190 63 praesens
1058 1423 190 63 dimitto,
1185 1423 63 63 no

409 1466 153 49 nimis
511 1466 187 49 prolixe
647 1466 170 49 teneam
766 1466 136 49 hanc
834 1466 238 49 quaestionem.

429 1499 112 53 Ad
485 1499 186 53 primum
615 1499 149 53 ergo
708 1499 205 53 motiuum
857 1499 167 53 eorum
969 1499 242 53 dicendum,
1136 1499 112 53 quod

405 1541 140 58 maior
499 1541 109 58 non
561 1541 109 58 est
624 1541 125 58 vera
702 1541 187 58 loquendo
842 1541 94 58 de
889 1541 187 58 medicina
1029 1541 171 58 habente
1138 1541 109 58 effi-

400 1579 144 58 caciam
500 1579 101 58 non
558 1579 86 58 ex
601 1579 144 58 natura
702 1579 173 58 propria:
831 1579 101 58 sed
889 1579 129 58 solum
975 1579 86 58 ex
1018 1579 230 58 institutione
1190 1579 58 58 di

406 1616 134 60 uina:
496 1616 134 60 Talis
585 1616 119 60 enim
660 1616 179 60 medicina
794 1616 89 60 ad
838 1616 119 60 hoc,
913 1616 89 60 vt
958 1616 179 60 conferat
1077 1616 164 60 sanitatem

401 1657 109 58 non
464 1657 186 58 oportet,
603 1657 124 58 quod
681 1657 155 58 habeat
790 1657 186 58 virtutem
930 1657 249 58 inhaerentem:
1132 1657 109 58 sed
1178 1657 78 58 suf

407 1694 159 57 ficit,
519 1694 127 57 quod
598 1694 159 57 habeat
710 1694 191 57 virtutem
853 1694 255 57 omnipotentem
1044 1694 207 57 mutabiliter

412 1734 111 59 sibi
482 1734 223 59 assistentem,
663 1734 70 59 &
691 1734 167 59 effectum
816 1734 181 59 sanitatis
955 1734 209 59 efficaciter
1109 1734 139 59 inferen-

400 1769 115 61 tem:
471 1769 129 61 sicut
557 1769 100 61 est
615 1769 86 61 in
657 1769 186 61 proposito
801 1769 143 61 vrina:
901 1769 115 61 quia
973 1769 129 61 vrina
1058 1769 100 61 non
1116 1769 129 61 habet
1187 1769 72 61 ta-

406 1813 101 63 lem
463 1813 173 63 virtutem
593 1813 116 63 sibi
666 1813 173 63 continur
796 1813 231 63 assistentem,
983 1813 116 63 quae
1056 1813 101 63 ei,
1114 1813 130 63 cuius
1186 1813 72 63 est

406 1849 134 59 vrina,
499 1849 160 59 conferat
619 1849 187 59 sanitatem.
766 1849 120 59 Etiam
846 1849 120 59 vrina
926 1849 93 59 est
980 1849 134 59 signum
1073 1849 147 59 fallax:
1167 1849 80 59 qui-

403 1890 236 62 mortaliter
589 1890 203 62 infirmus
741 1890 219 62 quandoque
909 1890 152 62 habet
1011 1890 152 62 bonam
1095 1890 152 62 vrinam.

396 1928 103 55 Ad
447 1928 206 55 secundum
602 1928 137 55 nego
687 1928 206 55 maiorem:
842 1928 137 55 quia
927 1928 103 55 si
979 1928 137 55 vnus
1064 1928 154 55 solus
1150 1928 103 55 homo

401 1967 146 62 esset
498 1967 163 62 albus,
612 1967 130 62 post
693 1967 130 62 quem
775 1967 163 62 fieret
888 1967 146 62 alter
986 1967 130 62 homo
1067 1967 163 62 albus:
1165 1967 98 62 tunc

412 2007 171 56 primus
532 2007 137 56 homo
617 2007 240 56 acquiteret
806 2007 154 56 nouam
909 2007 240 56 relationem
1097 2007 137 56 sine
1165 2007 86 56 mu-

407 2048 167 57 tatione
529 2048 137 57 facta
620 2048 137 57 circa
711 2048 137 57 ipsum
802 2048 91 57 in
848 2048 152 57 aliquo
955 2048 198 57 absoluro.
1107 2048 152 57 Potest
1198 2048 61 57 e-

407 2086 118 61 tiam
481 2086 133 61 dici,
569 2086 118 61 quod
643 2086 118 61 vsus
717 2086 221 61 sacramenti,
894 2086 103 61 vel
953 2086 206 61 applicatio
1100 2086 162 61 sacramen-

408 2136 92 45 ti
454 2136 92 45 ad
499 2136 153 45 illum,
606 2136 107 45 qui
667 2136 183 45 suscipit
804 2136 244 45 sactamentum,
1003 2136 153 45 sundat
1109 2136 137 45 illam
1186 2136 76 45 no-

408 2165 114 53 uam
473 2165 244 53 relationem,
668 2165 114 53 qua
733 2165 244 53 satramentum
928 2165 195 53 refertur
1074 2165 98 53 ad
1107 2165 146 53 gratiam

415 2206 129 50 cuius
501 2206 158 50 dicitur
615 2206 115 50 esse
687 2206 143 50 causa:
788 2206 100 50 nam
845 2206 186 50 huiusmodi
988 2206 115 50 vsus
1060 2206 100 50 est
1103 2206 158 50 infallibi

404 2243 124 54 lis,
482 2243 78 54 &
513 2243 171 54 cfficax
638 2243 202 54 disposito
793 2243 109 54 pro
856 2243 124 54 illa
933 2243 156 54 gratia
1027 2243 233 54 communicauda;

394 2282 144 61 &
452 2282 202 61 hoc
567 2282 173 61 ex
654 2282 289 61 diuina
827 2282 433 61 institutione.

456 2316 87 60 Ad
499 2316 159 60 tertium
615 2316 130 60 patet
701 2316 101 60 per
759 2316 101 60 ea,
817 2316 116 60 quae
889 2316 130 60 dicta
976 2316 116 60 sunt
1048 2316 87 60 in
1077 2316 188 60 praecedenti

408 2374 223 53 quaestione:
587 2374 134 53 arti.
676 2374 74 53 3
706 2374 89 53 in
751 2374 194 53 iolutione
899 2374 223 53 instantiae.

420 2393 96 60 Ad
468 2393 175 60 quartum
595 2393 207 60 dicendum,
755 2393 128 60 quod
835 2393 255 60 auctoritates
1042 2393 207 60 sanctorum
1185 2393 80 60 vi-

413 2442 145 62 dentur
515 2442 189 62 oppositum
660 2442 145 62 sonare
762 2442 160 62 illius,
878 2442 116 62 quod
950 2442 116 62 isti
1023 2442 203 62 intendunt:
1168 2442 87 62 Nam,

419 2476 86 55 vt
462 2476 129 55 patet
548 2476 86 55 in
591 2476 173 55 decretis
721 2476 86 55 de
764 2476 230 55 sacramentis,
951 2476 216 55 distinctio.
1124 2476 86 55 2.
1152 2476 101 55 Ambro

408 2517 106 58 sic
468 2517 121 58 ait.
544 2517 181 58 Spiritus
679 2517 166 58 sanctus
800 2517 151 58 manens
905 2517 90 58 in
951 2517 226 58 sacramentis
1116 2517 136 58 latente

408 2554 198 62 operatur.
560 2554 91 62 Et
605 2554 152 62 subdit
712 2554 167 62 ibidem,
833 2554 122 62 quod
909 2554 182 62 effectus
1031 2554 228 62 sacramentorum

414 2606 136 42 facit
504 2606 136 42 solum
595 2606 151 42 virtus
700 2606 166 42 diuina.
821 2606 106 42 Cum
881 2606 121 42 ergo
957 2606 90 42 Iy
1002 2606 136 42 solum
1092 2606 106 42 sit
1137 2606 121 42 dictio

409 2632 203 58 exclusiua,
568 2632 72 58 &
597 2632 203 58 significet
756 2632 130 58 idem,
843 2632 116 58 quod
915 2632 101 58 non
973 2632 101 58 cum
1031 2632 130 58 alio,
1117 2632 87 58 vt
1146 2632 116 58 patet.

409 2674 88 59 2.
453 2674 118 59 phy.
527 2674 118 59 ergo
601 2674 162 59 praeter
719 2674 177 59 virtutem
851 2674 162 59 diuinam
969 2674 103 59 non
1028 2674 118 59 erit
1102 2674 147 59 aliqua
1190 2674 59 59 vi

412 2716 100 50 tus
469 2716 200 50 formaliter
626 2716 86 50 in
669 2716 157 50 haerens
783 2716 229 50 sacramentis,
969 2716 114 50 quae
1041 2716 100 50 sit
1083 2716 172 50 productius

418 2750 227 59 characteris,
602 2750 99 59 vel
659 2750 170 59 gratiae,
787 2750 113 59 quae
858 2750 113 59 sunt
929 2750 170 59 effectus
1042 2750 227 59 sactamentorum.

423 2790 85 54 Ad
465 2790 142 54 primam
565 2790 114 54 ergo
636 2790 242 54 auctoritatem,
835 2790 114 54 quam
906 2790 114 54 isti
978 2790 114 54 prse
1049 2790 185 54 adducunt,
1177 2790 85 54 dico

415 2832 97 64 que
471 2832 84 64 si
512 2832 111 64 bene
582 2832 237 64 intelliguntur
777 2832 97 64 ea,
833 2832 111 64 quae
902 2832 139 64 ibidem
1000 2832 111 64 post
1069 2832 111 64 illa
1139 2832 125 64 verba
1208 2832 56 64 se

421 2874 184 50 quuntur:
558 2874 122 50 tunc
635 2874 214 50 auctoritas
803 2874 107 50 est
864 2874 153 50 contra
971 2874 122 50 eos.
1048 2874 184 50 Sequitur
1170 2874 92 50 enim

414 2906 119 61 ibi.
488 2906 104 61 Hoc
548 2906 104 61 non
607 2906 133 61 facit
696 2906 133 61 sonus
785 2906 193 61 transiens
933 2906 104 61 sed
992 2906 148 61 virtus
1096 2906 163 61 manens.
1200 2906 59 61 Me

426 2950 80 58 do
466 2950 133 58 planum
558 2950 106 58 est,
625 2950 106 58 quod
691 2950 106 58 ista
758 2950 133 58 virtus
851 2950 133 58 manens
943 2950 93 58 non
997 2950 93 58 est
1050 2950 119 58 illa,
1129 2950 106 58 quae
1182 2950 80 58 for-

411 2987 168 50 maliter
533 2987 122 50 fuit
609 2987 92 50 in
655 2987 122 50 sono
731 2987 198 50 verborum,
884 2987 122 50 quia
960 2987 107 50 cum
1021 2987 122 50 ille
1097 2987 137 50 sonus
1173 2987 92 50 tran

424 3024 126 49 seat,
508 3024 84 49 si
550 3024 155 49 maneret
663 3024 141 49 virtus
761 3024 197 49 formaliter
916 3024 112 49 sibi
986 3024 183 49 inhaerem:
1127 3024 126 49 tunc,
1197 3024 56 49 de

411 3064 153 67 structo
523 3064 181 67 subiecto,
662 3064 167 67 accidens
788 3064 153 67 maneret
899 3064 112 67 sine
969 3064 181 67 subiecto,
1109 3064 98 67 qud
1164 3064 84 67 in
1192 3064 70 67 so

1280 231 88 63 lo
1324 231 204 63 sacramento
1485 231 233 63 encharistiae
1674 231 175 63 ponitur,
1806 231 73 63 &
1835 231 88 63 in
1878 231 131 63 nullo
1966 231 117 63 alio
2024 231 117 63 sacra-

1287 281 154 52 mento.
1395 281 108 52 Nec
1456 281 154 52 potest
1564 281 123 52 illa
1641 281 154 52 virtus
1749 281 154 52 manere
1857 281 93 52 in
1904 281 123 52 aqua
1965 281 170 52 baptismi;

1284 318 121 58 quia
1359 318 151 58 ibidem
1465 318 181 58 dicitur.
1601 318 166 58 Detrahe
1722 318 166 58 verbum,
1842 318 121 58 quid
1918 318 106 58 est
1978 318 136 58 aqua,
2053 318 91 58 nisi

1289 357 215 51 elementum)
1457 357 138 51 Quasi
1549 357 153 51 dicat,
1657 357 184 51 Postquam
1795 357 184 51 traliuit
1933 357 169 51 verbum,
2040 357 92 51 tumo

1292 403 91 48 in
1337 403 121 48 aqua
1413 403 106 48 non
1473 403 136 48 manet
1564 403 151 48 virtus
1670 403 212 48 productiua
1836 403 257 48 sacramentalis
2033 403 106 48 effe-

1294 435 135 62 ctus.
1384 435 90 62 Et
1429 435 135 62 quasi
1520 435 151 62 eandem
1625 435 211 62 sententiam
1791 435 135 62 ponit
1881 435 120 62 Aug.
1956 435 90 62 in
2002 435 105 62 lib
2047 435 90 62 con-

1286 473 104 52 tra
1345 473 177 52 Faustum,
1478 473 163 52 dicens.
1597 473 192 52 Transeunt
1745 473 148 52 verba,
1848 473 74 52 &
1878 473 177 52 ablutio,
2011 473 74 52 &
2026 473 104 52 actic

1286 517 218 51 corporalis;
1461 517 73 51 &
1490 517 131 51 manet
1578 517 160 51 virtus,
1694 517 116 51 quae
1767 517 189 51 operatur.
1913 517 87 51 Ex
1956 517 102 51 his
2015 517 131 51 ergo,
2087 517 44 51 &

1289 558 142 45 multis
1388 558 142 45 alijs,
1487 558 113 45 quae
1558 558 156 45 possent
1672 558 142 45 adduci
1771 558 142 45 patet,
1870 558 113 45 quod
1941 558 99 45 non
1998 558 99 45 est
2041 558 99 45 inte-

1285 589 101 55 tio
1342 589 130 55 Augu,
1429 589 115 55 quod
1501 589 144 55 aliqua
1601 589 144 55 uirtus
1702 589 216 55 spiritualis
1875 589 202 55 formaliter
2019 589 115 55 inhae-

1281 623 119 57 reat
1355 623 237 57 sacramentis;
1548 623 119 57 quae
1623 623 104 57 sit
1682 623 208 57 productiua
1845 623 252 57 sacramentalis
2038 623 104 57 effe-

1283 668 131 52 ctus.
1371 668 87 52 Ad
1414 668 131 52 omnes
1501 668 131 52 alias
1589 668 233 52 auctoritates
1778 668 189 52 dicendum,
1923 668 116 52 quod
1996 668 131 52 modus
2068 668 73 52 est

1285 700 139 62 sacrae
1383 700 209 62 scripturae,
1550 700 84 62 ac
1592 700 125 62 etiam
1675 700 195 62 sanctorum,
1829 700 111 62 quod
1898 700 139 62 quando
1996 700 153 62 aliquis
2093 700 70 62 es-

1276 758 157 41 fectus
1386 758 172 41 semper,
1511 758 110 41 vel
1574 758 219 41 frequenter
1746 758 251 41 concomitatur
1934 758 204 41 alterum;da-

1282 795 83 50 to
1324 795 110 50 quod
1392 795 124 50 nulla
1475 795 138 50 virtus
1571 795 193 50 formaliter
1723 795 110 50 sibi
1792 795 193 50 inhaereat,
1943 795 110 50 quae
2012 795 96 50 sit
2053 795 69 50 pri

1287 832 167 44 ductiua
1408 832 167 44 illius:
1530 832 137 44 tamen
1621 832 213 44 praecedens
1788 832 167 44 dicitur
1910 832 152 44 habere
2016 832 106 44 vim
2062 832 76 44 re-

1286 872 142 53 spectu
1385 872 156 53 illius,
1499 872 113 53 quod
1570 872 128 53 ipsum
1655 872 156 53 semper,
1768 872 99 53 vel
1825 872 199 53 frequenter
1967 872 170 53 concomita-

1283 915 116 43 tur.
1356 915 116 43 Vnde
1429 915 160 43 dicitur
1545 915 87 43 in
1589 915 203 43 Ecclenast.
1749 915 116 43 quod
1821 915 131 43 sicut
1908 915 116 43 aqua
1981 915 189 43 extinguit

1285 953 157 43 ignem,
1395 953 110 43 sic
1458 953 220 43 eleemosina
1630 953 204 43 extinouit
1787 953 204 43 peceatum:
1944 953 141 43 tamen
2022 953 110 43 nulla

1285 990 156 53 virtus
1395 990 219 53 formaliter
1566 990 187 53 inhaeret
1707 990 250 53 elcemosinae,
1910 990 125 53 quae
1972 990 172 53 extinguat

1300 1028 156 45 eccata,
1413 1028 99 45 sed
1470 1028 113 45 sola
1540 1028 141 45 virtus
1639 1028 156 45 diuina,
1752 1028 113 45 quam
1823 1028 226 45 concomitatur
2007 1028 127 45 opera
2077 1028 57 45 mi

1294 1065 211 42 ericordiae,
1463 1065 141 42 delet,
1561 1065 70 42 &
1589 1065 183 42 extinguit
1730 1065 169 42 peccata;
1857 1065 98 42 sic
1913 1065 84 42 in
1955 1065 183 42 proposito
2082 1065 56 42 &c

1278 1102 120 53 Vude
1353 1102 135 53 omnes
1443 1102 135 53 illae
1534 1102 241 53 auctoritates
1729 1102 195 53 loquuntur
1879 1102 90 53 de
1925 1102 165 53 virtute
2030 1102 105 53 diui-

1285 1143 94 49 na,
1338 1143 107 49 quae
1405 1143 201 49 sacramentis
1566 1143 187 49 coexistit,
1713 1143 80 49 ac
1753 1143 120 49 etiam
1833 1143 80 49 in
1873 1143 120 49 ipsis
1954 1143 161 49 existit,
2061 1143 80 49 quam

1287 1182 109 50 uis
1350 1182 140 50 ipsis
1443 1182 218 50 formaliter
1614 1182 109 50 non
1677 1182 218 50 inhaereat,
1848 1182 78 50 &
1879 1182 109 50 non
1942 1182 202 50 loquuntur
2082 1182 62 50 de

1286 1222 142 46 aliqua
1385 1222 156 46 virtute
1499 1222 156 46 creata,
1612 1222 114 46 quae
1683 1222 213 46 sacramentis
1854 1222 99 46 sit
1911 1222 199 46 formaliter
2053 1222 85 46 con

1265 1263 186 46 municata.

1314 1299 91 43 Ad
1359 1299 167 43 quintum
1481 1299 198 43 dicendum,
1633 1299 122 43 quod
1709 1299 213 43 sacramenta
1876 1299 213 43 continent,
2029 1299 106 43 causa

1287 1340 127 46 liter
1372 1340 170 46 gratiam,
1499 1340 99 46 non
1555 1340 85 46 ex
1598 1340 141 46 aliqua
1697 1340 155 46 virtute
1810 1340 127 46 ipsis
1895 1340 198 46 formaliter
2036 1340 99 46 inhae

1282 1375 147 54 rente,
1385 1375 103 54 sed
1444 1375 132 54 solum
1532 1375 88 54 ex
1576 1375 162 54 diuinae
1693 1375 250 54 institutionis
1899 1375 206 54 immutabili
2046 1375 88 54 ordi

1285 1417 240 48 natione
1460 1417 196 48 modo,
1591 1417 153 48 quo
1678 1417 262 48 superius
1874 1417 218 48 dictum
2005 1417 131 48 est.

1321 1453 96 51 Ad
1369 1453 160 51 sextum
1481 1453 208 51 dicendum,
1641 1453 128 51 quod
1721 1453 144 51 licet
1818 1453 128 51 Deus
1898 1453 192 51 attingat
2026 1453 112 51 sacra

1288 1506 135 40 menta
1378 1506 239 40 institutiue,
1572 1506 75 40 &
1602 1506 224 40 ordinatiue,
1781 1506 90 40 vt
1826 1506 149 40 dictum
1931 1506 105 40 est
1991 1506 135 40 tamen
2065 1506 75 40 ip-

1285 1536 106 44 sis
1346 1536 106 44 non
1406 1536 167 44 influit
1528 1536 167 44 aliquam
1649 1536 182 44 virtutem
1786 1536 213 44 formaliter
1938 1536 197 44 inhaerentem

1291 1573 113 46 sed
1355 1573 226 46 communicat
1533 1573 129 46 suam
1614 1573 194 46 virtutem
1759 1573 274 46 omnipotentem,
1985 1573 129 46 quae
2049 1573 81 46 eff

1287 1614 173 46 caciter
1413 1614 235 46 sacramentis
1601 1614 204 46 coexistit
1758 1614 94 46 ad
1805 1614 235 46 producendum
1994 1614 94 46 in
2025 1614 110 46 anima

1280 1657 328 46 quemlibet
1532 1657 429 46 sacramentalem
1860 1657 278 46 effectum.

1306 1691 95 43 Ad
1354 1691 191 43 septimum
1497 1691 127 43 nego
1576 1691 238 43 antecedens;
1767 1691 143 43 modus
1862 1691 159 43 auten,
1973 1691 111 43 quo
2021 1691 111 43 poena

1287 1732 194 49 infernalis
1439 1732 166 49 causetur
1564 1732 83 49 im
1605 1732 138 49 anima,
1702 1732 152 49 patebit
1813 1732 125 49 circa
1896 1732 125 49 finem
1979 1732 138 49 istius
2062 1732 83 49 quar

1283 1773 115 43 ti
1340 1773 173 43 libri
1455 1773 134 43 cum
1532 1773 269 43 tractauere
1743 1773 115 43 de
1801 1773 173 43 poena
1897 1773 249 43 damnatorum.

1423 1885 233 83 ART
1556 1885 233 83 ICV
1689 1885 166 83 H
1756 1885 166 83 V
1822 1885 166 83 3
1856 1885 166 83 Vt.

1345 1968 214 84 Videndum
1506 1968 125 84 est
1577 1968 107 84 de
1630 1968 196 84 tempore
1773 1968 303 84 instititionis
2004 1968 143 84 sacra-

1456 2043 383 50 mentorim
1743 2043 255 50 noud
1871 2043 255 50 legis.

1358 2120 165 54 VARTVM
1473 2120 99 54 ad
1522 2120 181 54 tertium
1654 2120 214 54 articulum
1819 2120 198 54 breuiter
1968 2120 148 54 dico,
2050 2120 99 54 quod

1406 2163 142 43 omnia
1501 2163 221 43 sacramenta
1674 2163 142 43 nouae
1769 2163 142 43 legis
1863 2163 79 43 a
1895 2163 189 43 Christo,
2037 2163 79 43 &
2052 2163 95 43 tem-

1296 2197 120 55 pore
1371 2197 164 55 Christi
1490 2197 120 55 sunt
1565 2197 194 55 instituta
1715 2197 149 55 aliquo
1819 2197 120 55 modo
1894 2197 135 55 puta,
1984 2197 105 55 vel
2028 2197 135 55 simpli-

1287 2256 159 39 citer,
1399 2256 80 39 &
1430 2256 207 39 absolute,
1590 2256 111 39 vel
1653 2256 159 39 aliquo
1765 2256 127 39 modo
1844 2256 255 39 approbatiue.
2052 2256 96 39 De
2083 2256 80 39 ba-

1296 2274 149 60 ptismo
1400 2274 149 60 patet,
1504 2274 119 60 quia
1579 2274 119 60 ante
1653 2274 149 60 mortem
1757 2274 164 60 Christi
1876 2274 193 60 discipuli
2010 2274 134 60 baptixa

1293 2317 142 44 bant,
1388 2317 94 44 vt
1435 2317 142 44 patet
1529 2317 94 44 in
1577 2317 173 44 soanne.
1703 2317 94 44 Et
1750 2317 94 44 de
1797 2317 110 44 hoc
1860 2317 189 44 faciendo
1986 2317 173 44 preceptum

1290 2359 92 55 in
1336 2359 154 55 euang.
1443 2359 200 55 habuerunt
1597 2359 77 55 a
1628 2359 169 55 Christo
1751 2359 123 55 post
1827 2359 123 55 suam
1889 2359 261 55 refurrectionem,

1303 2393 104 43 vbi
1363 2393 178 43 Christus
1496 2393 104 43 ait
1555 2393 208 43 discipulis
1719 2393 134 43 suis.
1808 2393 148 43 Funtes
1912 2393 119 43 ergo
1986 2393 148 43 docete
2075 2393 74 43 om-

1298 2434 102 54 nes
1357 2434 145 54 gentes
1458 2434 218 54 baptixantes
1633 2434 102 54 eos
1691 2434 87 54 in
1734 2434 145 54 nomine
1836 2434 160 54 patris,
1952 2434 73 54 &
1981 2434 131 54 filij
2068 2434 73 54 &
2083 2434 58 54 sp

1303 2474 129 42 titus
1389 2474 158 42 sancti.
1504 2474 86 42 De
1547 2474 201 42 sacramento
1705 2474 230 42 eucharistiae
1892 2474 129 42 patet
1978 2474 86 42 in
2021 2474 115 42 cena
2079 2474 57 42 no

1296 2514 182 47 uissima,
1432 2514 106 47 vbi
1493 2514 182 47 Christus
1629 2514 167 47 corpus,
1750 2514 76 47 &
1781 2514 197 47 sanguinem
1932 2514 121 47 suum
1993 2514 151 47 consecra

1296 2550 118 55 uit;
1370 2550 74 55 &
1399 2550 103 55 hoc
1458 2550 206 55 discipulis
1620 2550 118 55 suis
1694 2550 191 55 faciendum
1841 2550 221 55 commendauit
2018 2550 162 55 dicens,

1289 2597 123 51 Hoc
1360 2597 176 51 facite
1483 2597 105 51 in
1535 2597 141 51 meam
1623 2597 351 51 commemorationem.
1922 2597 105 51 De
1957 2597 193 51 sactamen-

1303 2638 87 42 to
1346 2638 261 42 confirmationis
1563 2638 130 42 patet
1650 2638 87 42 in
1693 2638 116 42 loan
1766 2638 101 42 vbi
1824 2638 174 42 Christus
1954 2638 101 42 ait
1997 2638 145 42 discipu-

1303 2670 108 50 is.
1364 2670 186 50 Accipite
1504 2670 186 50 spiritum
1643 2670 186 50 sanctum.
1783 2670 93 50 De
1829 2670 217 50 sacramento
1984 2670 155 50 poeniter

1305 2712 133 53 tiae,
1394 2712 147 53 ibidem
1497 2712 103 53 cum
1556 2712 162 53 subdit.
1674 2712 147 53 Quorum
1777 2712 221 53 remiseritis
1953 2712 177 53 peccata,
2071 2712 74 53 re-

1301 2749 202 45 mittuntur
1457 2749 109 45 cis
1519 2749 109 45 &c.
1581 2749 93 45 De
1627 2749 217 45 sactamento
1798 2749 202 45 vnctionis
1953 2749 171 45 extreme
2061 2749 78 45 pa-

1297 2793 99 48 tet
1354 2793 85 48 in
1396 2793 128 48 Marc.
1481 2793 99 48 vbi
1538 2793 156 48 dicitur
1651 2793 85 48 de
1694 2793 213 48 discipulis,
1864 2793 113 48 quos
1934 2793 170 48 Christus
2048 2793 99 48 misit

1298 2834 166 49 binos,
1415 2834 83 49 &
1448 2834 150 49 binos
1548 2834 100 49 ad
1598 2834 283 49 praedicandum,
1831 2834 133 49 quod
1914 2834 200 49 vngebant
2047 2834 100 49 oleo

1302 2869 156 44 multos
1412 2869 156 44 egros,
1521 2869 78 44 &
1553 2869 235 44 sanabantur:
1741 2869 125 44 quod
1819 2869 110 44 non
1881 2869 156 44 dubium
1991 2869 110 44 eos
2038 2869 125 44 fecis-

1300 2908 90 48 se
1345 2908 90 48 ex
1390 2908 165 48 Christi
1510 2908 195 48 iussione.
1660 2908 90 48 De
1705 2908 210 48 sacramento
1869 2908 225 48 matrimonij,
2034 2908 105 48 patet

1308 2948 117 57 quod
1382 2948 161 57 Christo
1499 2948 103 57 sit
1558 2948 147 57 saltem
1660 2948 235 57 approbatiue;
1851 2948 117 57 quia
1924 2948 147 57 contra
2027 2948 147 57 illos,

1309 2997 106 43 qui
1369 2997 151 43 vxores
1475 2997 121 43 suas
1551 2997 227 43 dimittobant
1733 2997 136 43 dando
1823 2997 136 43 illis
1914 2997 182 43 libellum
2035 2997 106 43 repu-

1301 3029 126 49 dij,
1380 3029 110 49 ait
1443 3029 205 49 Christus.
1601 3029 126 49 Quod
1680 3029 126 49 ergo
1759 3029 126 49 Deus
1838 3029 221 49 coniunxit:
2011 3029 126 49 homo
2074 3029 79 49 non

1293 3072 176 57 separet.
1425 3072 88 57 De
1469 3072 205 57 sactamento
1631 3072 176 57 ordinis,
1763 3072 132 57 patet
1851 3072 88 57 ex
1895 3072 103 57 iam
1953 3072 161 57 dictis;
2056 3072 88 57 qui
