2387 3516
381 198 178 67 secundum
514 198 104 67 sit
574 198 178 67 effectus
707 198 163 67 agentis
826 198 148 67 primi:
929 198 118 67 ideo
1003 198 178 67 effectus
1122 198 133 67 agentis

408 258 153 42 ecundi
515 258 276 42 praesupponendo
745 258 138 42 agens
837 258 184 42 secundum
975 258 245 42 praesupponit
1159 258 92 42 efsi

399 299 120 52 ctum
474 299 165 52 agentis
594 299 150 52 primi.
700 299 105 52 Sed
760 299 105 52 nec
820 299 135 52 istud
910 299 150 52 valet:
1015 299 120 52 Quia
1091 299 135 52 ratio
1181 299 105 52 non

404 338 169 43 procedit
531 338 85 43 de
573 338 155 43 effectu
686 338 127 43 primi
771 338 169 43 agentis,
897 338 99 43 qui
954 338 99 43 est
1010 338 197 43 elicitiuus
1151 338 99 43 effe-

410 371 107 50 ctus
476 371 133 50 secudi
570 371 160 50 agentis:
689 371 93 50 sed
743 371 80 50 de
783 371 120 50 taii,
863 371 93 50 qui
916 371 93 50 est
969 371 200 50 receptiuus,
1129 371 107 50 quod
1182 371 67 50 pa-

400 412 102 48 tet
459 412 87 48 ex
502 412 131 48 forma
590 412 175 48 rationis
721 412 218 48 praedictae:
895 412 116 48 quia
968 412 131 48 sicut
1055 412 131 48 agens
1128 412 131 48 secudum

392 458 172 48 actiue,
518 458 110 48 seu
580 458 110 48 quo
643 458 94 48 ad
690 458 235 48 actiuitatem
877 458 125 48 suam
956 458 250 48 praesupponit
1143 458 110 48 agens

399 491 164 51 primum,
519 491 105 51 sic
578 491 179 51 effectus
713 491 164 51 agentis
832 491 164 51 secundi
951 491 164 51 passiue
1056 491 194 51 praesupponi

389 529 186 58 effectum
528 529 170 58 agentis
636 529 124 58 primi-

445 566 95 50 Ad
493 566 174 50 tertium
619 566 158 50 negant
729 566 237 50 antecedens:
919 566 126 50 quia
998 566 174 50 angelus
1124 566 110 50 cum
1171 566 79 50 nen

394 605 159 50 habeat
506 605 191 50 materiam
649 605 159 50 partem
760 605 127 50 sui:
840 605 127 50 ideo
920 605 127 50 agit
999 605 96 50 se
1047 605 143 50 toto.
1127 605 127 50 Negant

394 652 134 50 etiam
483 652 253 50 consequentiam
691 652 104 50 cum
751 652 104 50 sua
810 652 223 50 probatione:
989 652 134 50 quia,
1078 652 89 50 vt
1122 652 163 50 dicunt,

401 692 85 46 ad
443 692 100 46 hoc
500 692 85 46 vt
543 692 156 46 aliquid
657 692 171 46 producat
785 692 128 46 totam
870 692 114 46 rem,
941 692 100 46 non
998 692 100 46 est
1055 692 171 46 necesse,
1169 692 85 46 quod

392 727 113 44 agat
463 727 85 44 se
505 727 128 44 toto:
590 727 99 44 sed
647 727 184 44 sufficit,
788 727 113 44 quod
859 727 113 44 eius
930 727 142 44 virtus
1029 727 198 44 productiua
1171 727 85 44 vir-

393 768 185 50 tualiter
531 768 200 50 contineat
685 768 139 50 omne,
778 768 123 50 quod
855 768 108 50 est
917 768 92 50 in
947 768 170 50 producto.

438 800 107 50 Sed
499 800 138 50 isti,
591 800 229 50 respondendo
774 800 92 50 ad
820 800 229 50 antecedens,
1003 800 183 50 assumunt
1126 800 122 50 falsum

392 843 125 56 quia
470 843 140 56 licet
564 843 172 56 angelus
689 843 109 56 non
751 843 156 56 habeat
860 843 187 56 materiam
1001 843 172 56 proprie
1125 843 156 56 dictam

389 889 141 49 tamen
483 889 188 49 secundum
624 889 188 49 Pocthium
765 889 172 49 angelus
890 889 141 49 habet
984 889 125 49 esse
1062 889 188 49 receptum
1187 889 63 49 in

394 926 173 39 essentia
524 926 72 39 :
552 926 116 39 ergo
625 926 130 39 habet
711 926 87 39 in
755 926 87 39 se
798 926 159 39 aliquid
914 926 217 39 potentiale:
1087 926 116 39 quia
1145 926 101 39 quae-

390 961 138 46 libet
482 961 261 46 intelligentia
697 961 138 46 habet
789 961 123 46 suum
865 961 215 46 hyliachim,
1034 961 92 46 vt
1080 961 107 46 ait
1126 961 123 46 auctoi

399 997 89 53 de
444 997 163 53 causis:
562 997 118 53 ergo
636 997 104 53 non
695 997 104 53 est
754 997 89 53 se
799 997 118 53 toto
873 997 148 53 actus,
977 997 104 53 nec
1036 997 104 53 per
1080 997 163 53 consequen

396 1050 123 42 agit
473 1050 92 42 se
519 1050 139 42 toto.
611 1050 139 42 Etiam
704 1050 231 42 respondendo
889 1050 92 42 ad
935 1050 262 42 consequentiam
1135 1050 108 42 suppo

390 1083 118 52 nunt
464 1083 163 52 falsum,
582 1083 177 52 scilicet
716 1083 118 52 quod
790 1083 148 52 virtus
893 1083 177 52 alicuius
1026 1083 163 52 agentis
1130 1083 118 52 secund

395 1119 235 55 virtualiter
584 1119 204 55 contineat
740 1119 141 55 omne,
835 1119 125 55 quod
913 1119 110 55 est
976 1119 94 55 in
1023 1119 204 55 producto:
1164 1119 94 55 quia

391 1157 92 49 si
437 1157 122 49 sic,
513 1157 122 49 tunc
589 1157 92 49 in
635 1157 122 49 tali
711 1157 229 49 productione
895 1157 137 49 agens
986 1157 183 49 secundum
1124 1157 107 49 non
1170 1157 76 49 de-

404 1197 188 43 penderet
545 1197 94 43 ab
592 1197 156 43 aliquo
702 1197 156 43 agente
811 1197 219 43 superiori.
983 1197 172 43 Propter
1108 1197 109 43 hoc
1155 1197 94 43 enim

389 1241 148 47 agens
487 1241 164 47 primum
602 1241 99 47 in
651 1241 181 47 nullius
783 1241 115 47 rei
849 1241 246 47 productione
1046 1241 197 47 dependet
1177 1241 66 47 ab

398 1275 147 46 aliquo
501 1275 117 46 alio
574 1275 161 46 agente:
692 1275 117 46 quia
765 1275 147 46 virtus
868 1275 117 46 eius
941 1275 205 46 productiua
1088 1275 161 46 virtuali-

394 1314 117 46 ter
461 1314 268 46 comprehendit
679 1314 150 46 omne,
779 1314 134 46 quod
862 1314 117 46 est
929 1314 100 46 in
979 1314 217 46 quocumque
1147 1314 100 46 ab
1180 1314 67 46 ec

382 1357 171 62 producto.

445 1386 90 60 Ad
490 1386 166 60 quartum
611 1386 151 60 negant
716 1386 271 60 consequentiam:
942 1386 121 60 quia
1018 1386 90 60 si
1063 1386 90 60 ex
1108 1386 121 60 hoc,
1169 1386 75 60 quo

395 1430 108 53 esse
463 1430 176 53 creaturae
598 1430 176 53 recipitur
733 1430 81 53 in
774 1430 149 53 aliquo,
882 1430 189 53 sequeretur
1031 1430 203 53 necessario,
1179 1430 68 53 quo

396 1477 126 43 actio
480 1477 112 43 eius
550 1477 224 43 praesopponat
732 1477 168 43 aliquid,
857 1477 84 43 in
899 1477 98 43 quo
955 1477 210 43 recipiatur,
1123 1477 112 43 tumc
1179 1477 70 43 per

384 1512 200 53 oppositum
538 1512 108 53 cum
599 1512 123 53 esse
676 1512 169 53 diuinum
799 1512 108 53 non
861 1512 216 53 recipiatur
1030 1512 92 53 in
1077 1512 169 53 aliquo,
1184 1512 62 53 si

395 1549 191 56 queretur,
542 1549 117 56 quod
616 1549 132 56 actio
704 1549 103 56 Dei
762 1549 103 56 non
821 1549 220 56 reciperetur
997 1549 88 56 in
1041 1549 162 56 aliquo:
1144 1549 103 56 cuium

394 1589 148 55 tamen
492 1589 214 55 oppositum
657 1589 181 55 saepius
772 1589 148 55 videmus

451 1620 92 51 ed
497 1620 107 51 nec
558 1620 137 51 istud
649 1620 153 51 valet.
756 1620 122 51 Quia
832 1620 137 51 dando
924 1620 137 51 istam
1015 1620 214 51 instantiam
1168 1620 76 51 ma-

393 1670 162 48 nifeste
511 1670 118 48 isti
585 1670 206 48 committunt
747 1670 191 48 fallaciam
894 1670 250 48 consequentis:
1085 1670 162 48 procedunt

396 1708 125 44 enim
475 1708 78 44 a
506 1708 250 44 destructione
709 1708 250 44 antecedentis
912 1708 94 44 ad
959 1708 266 44 destructionem
1162 1708 94 44 con-

389 1745 211 52 sequentis,
555 1745 135 52 sicut
645 1745 120 52 enim
720 1745 90 52 ad
765 1745 120 52 esse
841 1745 166 52 hominem
961 1745 181 52 sequitur
1096 1745 120 52 esse
1157 1745 90 52 ani-

391 1788 132 45 mal:
473 1788 148 45 tamen
572 1788 181 45 formali
703 1788 263 45 consequentia
917 1788 115 45 non
983 1788 197 45 sequitur
1131 1788 115 45 non
1180 1788 66 45 es

394 1825 141 45 homo:
488 1825 125 45 ergo
567 1825 110 45 non
629 1825 110 45 est
692 1825 172 45 animal.
817 1825 110 45 Sic
880 1825 141 45 licet
974 1825 125 45 haec
1037 1825 219 45 consequentia

391 1864 111 49 sit
455 1864 143 49 bona:
550 1864 127 49 omne
629 1864 127 49 quod
709 1864 143 49 habet
804 1864 127 49 esse
884 1864 207 49 receptum,
1042 1864 159 49 illius
1138 1864 111 49 actio

411 1908 220 48 iraesupponit
590 1908 165 48 aliquid,
714 1908 83 48 in
755 1908 96 48 quo
810 1908 206 48 recipiatur:
975 1908 124 48 tamen
1058 1908 96 48 non
1113 1908 165 48 sequitur

389 1943 123 49 Deus
466 1943 108 49 non
527 1943 138 49 habet
619 1943 123 49 esse
696 1943 200 49 receptum:
850 1943 123 49 ergo
927 1943 123 49 eius
1004 1943 138 49 actio
1096 1943 108 49 non
1142 1943 108 49 reci-

399 1978 137 48 pitur
490 1978 91 48 in
536 1978 168 48 aliquo:
658 1978 107 48 nam
719 1978 107 48 cum
780 1978 122 48 Deus
856 1978 107 48 sit
917 1978 137 48 agens
1008 1978 229 48 omnipotens,
1176 1978 76 48 non

392 2026 142 39 solum
487 2026 158 39 potest
598 2026 111 39 rem
661 2026 142 39 totam
756 2026 222 39 producere,
930 2026 95 39 in
978 2026 111 39 qua
1025 2026 222 39 productionem

396 2062 135 48 actio
486 2062 120 48 eius
561 2062 105 48 non
622 2062 241 48 praesupponit
817 2062 180 48 aliquid:
952 2062 135 48 verum
1043 2062 135 48 etiam
1133 2062 120 48 ipse
1193 2062 60 48 po

388 2102 118 45 test
462 2102 148 45 formam
565 2102 192 45 producere
713 2102 89 45 in
757 2102 162 45 materia
875 2102 236 45 praeiacente,
1067 2102 74 45 &
1096 2102 103 45 sic
1141 2102 103 45 actis

390 2135 118 46 eius
464 2135 192 46 recipitur
612 2135 89 46 in
656 2135 162 46 materia
774 2135 103 46 non
833 2135 192 46 obstante,
981 2135 177 46 quodeius
1114 2135 118 46 esse
1173 2135 74 46 non

390 2175 104 47 sit
450 2175 179 47 receptum
584 2175 104 47 sed
643 2175 223 47 simpliciter
807 2175 179 47 subsistens

412 2221 101 47 Ad
463 2221 185 47 quintum
597 2221 168 47 negant
715 2221 286 47 consequentiam
950 2221 118 47 cum
1018 2221 118 47 sua
1068 2221 185 47 probatio-

391 2250 109 55 ne:
454 2250 125 55 quia
532 2250 94 55 si
579 2250 140 55 nulla
672 2250 140 55 actio
766 2250 265 55 praesupponens
984 2250 203 55 subiectum
1124 2250 125 55 potess

403 2297 118 45 esse
477 2297 177 45 creatio:
610 2297 118 45 tunc
684 2297 148 45 actio,
787 2297 103 45 qua
846 2297 118 45 Deus
920 2297 177 45 producit
1052 2297 177 45 gratiam,
1170 2297 74 45 non

396 2338 132 45 esset
484 2338 176 45 creatio:
616 2338 117 45 quia
690 2338 132 45 talis
778 2338 132 45 actio
866 2338 235 45 praesupponit
1056 2338 147 45 animam
1144 2338 103 45 huma-

386 2373 177 52 nam,
497 2373 133 52 in
563 2373 155 52 qua
630 2373 266 52 recipitur.

423 2410 104 55 Sed
482 2410 104 55 nec
542 2410 133 55 istud
630 2410 148 55 valet:
734 2410 118 55 quia
808 2410 148 55 actio,
912 2410 104 55 qua
971 2410 118 55 Deus
1045 2410 178 55 producit
1163 2410 89 55 gra-

403 2450 138 47 tiam,
494 2450 107 47 non
556 2450 245 47 praesupponit
755 2450 214 47 necessario
923 2450 138 47 ipsam
1015 2450 168 47 animam:
1122 2450 122 47 posset

396 2496 125 42 enim
475 2496 125 42 Deus
553 2496 141 42 vnica
647 2496 109 42 sua
709 2496 172 42 actione
834 2496 125 42 sinc
913 2496 125 42 omni
975 2496 266 42 praesuppositoni

402 2530 207 43 producere
561 2530 191 43 gratiam,
704 2530 79 43 &
736 2530 159 43 animam
847 2530 159 43 simul.
958 2530 159 43 Posset
1069 2530 143 43 etiam
1149 2530 95 43 Deus

391 2569 91 48 si
436 2569 168 48 vellet,
558 2569 183 48 gratiam,
695 2569 76 48 &
726 2569 213 48 quodcumque
894 2569 137 48 aliud
985 2569 183 48 accidens
1107 2569 137 48 simpli-

396 2605 138 55 citer
487 2605 199 55 absolutum
640 2605 199 55 producere
793 2605 122 55 sine
870 2605 122 55 omni
946 2605 199 55 subiecto:
1099 2605 107 55 sed
1145 2605 107 55 actio

401 2648 196 43 creaturae,
555 2648 84 43 vt
597 2648 98 43 est
654 2648 196 43 productiua
808 2648 112 43 cum,
878 2648 84 43 vt
920 2648 112 43 sic,
990 2648 98 43 vel
1047 2648 98 43 sit
1103 2648 140 43 motus,
1187 2648 70 43 vel

386 2691 159 47 saltem
497 2691 191 47 terminus
640 2691 159 47 motus:
752 2691 127 47 ideo
831 2691 95 47 de
879 2691 238 47 necessitate
1053 2691 191 47 praesuppo-

393 2723 105 51 nit
453 2723 209 51 subiectum,
617 2723 90 51 in
662 2723 105 51 quo
722 2723 224 51 recipiatur:
901 2723 120 51 ideo
976 2723 105 51 non
1036 2723 105 51 est
1096 2723 149 51 simile
1185 2723 60 51 de

394 2761 167 55 actione
515 2761 121 55 Dei,
591 2761 76 55 &
606 2761 182 55 creaturae.

439 2800 95 50 Ad
487 2800 159 50 sextum
598 2800 175 50 dicunt,
725 2800 127 50 quod
805 2800 175 50 quamuis
932 2800 95 50 ex
980 2800 159 50 dictis
1075 2800 175 50 Augustini

396 2845 122 43 bene
472 2845 199 43 habeatur,
625 2845 122 43 quod
702 2845 153 43 Angeli
809 2845 92 43 de
855 2845 138 43 facto
947 2845 107 43 non
1008 2845 122 43 sint
1069 2845 184 43 creatores:

396 2882 141 56 tamen
491 2882 94 56 ex
538 2882 157 56 dictis
648 2882 126 56 eius
726 2882 110 56 non
789 2882 189 56 habetur,
931 2882 126 56 quod
1009 2882 110 56 non
1072 2882 157 56 possit
1166 2882 79 56 ei-

394 2922 234 44 communicari
582 2922 187 44 potentia
706 2922 172 44 creandi.-

398 2956 106 52 Sed
458 2956 106 52 nec
519 2956 136 52 istud
610 2956 106 52 est
671 2956 152 52 verum:
777 2956 121 52 quia
853 2956 182 52 expressa
989 2956 167 52 videtur
1111 2956 121 52 esse
1171 2956 76 52 in-

389 3006 157 47 tentio
499 3006 157 47 sancti
609 3006 220 47 Augustini,
782 3006 126 47 quod
861 3006 236 47 impossibile
1050 3006 126 47 sit,
1113 3006 142 47 Angelum

398 3038 143 65 posse
493 3038 174 65 creare.
620 3038 143 65 Dicit
715 3038 127 65 enim
794 3038 222 65 Augustinus
969 3038 79 65 s
1000 3038 143 65 super
1095 3038 111 65 Qen
1143 3038 95 65 Crea

1289 204 95 61 re
1337 204 174 61 naturam
1463 204 111 61 tam
1527 204 158 61 nullus
1637 204 174 61 Angelus
1764 204 174 61 potest,
1891 204 127 61 quam
1970 204 111 61 nec
2017 204 127 61 creare

1277 260 189 45 seipsum:
1419 260 110 45 sed
1482 260 173 45 seipsum
1608 260 205 45 producere
1765 260 189 45 repugnat
1907 260 236 45 simoliciter
2080 260 79 45 tam

1281 299 135 43 Deo,
1366 299 135 43 quam
1450 299 236 43 creaturae,
1636 299 101 43 vt
1686 299 152 43 patet
1788 299 118 43 per
1855 299 169 43 eundem
1956 299 203 43 Augustinum

1286 339 140 57 primo
1380 339 93 57 de
1427 339 125 57 tri.
1505 339 93 57 Si
1551 339 156 57 igitur
1660 339 109 57 tam
1723 339 93 57 id
1769 339 125 57 est,
1847 339 156 57 tantum
1956 339 187 57 repugnat
2081 339 78 57 An-

1284 380 121 56 gelo
1359 380 166 56 creare,
1480 380 121 56 quam
1555 380 90 56 id
1600 380 121 56 est,
1676 380 166 56 quantum
1796 380 121 56 sibi
1872 380 196 56 repugnat,
2022 380 90 56 vt
2053 380 105 56 seip-

1277 414 119 55 sum
1345 414 220 55 producat:
1514 414 136 55 tunc
1599 414 153 55 clare
1701 414 153 55 patet
1803 414 204 55 secundum
1939 414 220 55 intentionem

1277 455 225 45 Augustini,
1454 455 129 45 quod
1534 455 145 45 posse
1631 455 161 45 creare
1744 455 113 45 non
1808 455 113 45 est
1872 455 274 45 communicabile
2082 455 64 45 An

1286 502 132 49 gelo,
1374 502 103 49 nec
1433 502 103 49 per
1492 502 206 49 consequens
1653 502 147 49 alicui
1756 502 132 49 purae
1830 502 161 49 creaturae

1325 530 130 60 Nunc
1406 530 162 60 restat
1519 530 211 60 respodere
1681 530 227 60 rationibus
1860 530 178 60 istorum
1973 530 162 60 doctorum

1313 578 99 43 Ad
1363 578 166 43 Primum
1479 578 133 43 ergo
1562 578 215 43 dicendum,
1728 578 133 43 quod
1811 578 149 43 maior
1910 578 116 43 non
1976 578 116 43 est
2026 578 116 43 vera:

1286 613 125 47 quia
1364 613 203 47 productio
1520 613 140 47 omnis
1614 613 203 47 creaturae
1770 613 109 47 non
1833 613 187 47 adaequat
1973 613 109 47 Dei
2020 613 109 47 poten

1290 655 132 45 tiam:
1378 655 117 45 ergo
1451 655 88 45 si
1495 655 190 45 productio
1642 655 205 45 cuiuslibet
1803 655 176 45 effectus
1935 655 103 45 non
1979 655 161 45 adaequan-

1281 696 108 44 tis
1342 696 139 44 primi
1435 696 170 44 agentis
1558 696 201 44 potentiam
1713 696 139 44 esset
1805 696 278 44 communicabilis
2021 696 108 44 secun

1277 732 90 49 do
1322 732 165 49 agenti,
1442 732 195 49 scilicet,
1592 732 195 49 creaturae
1743 732 75 49 :
1773 732 120 49 tunc
1848 732 135 49 esset
1923 732 210 49 commuicabile

1283 774 118 54 ipsi
1357 774 207 54 creaturae,
1520 774 118 54 quod
1594 774 163 54 seipsam
1713 774 222 54 produceret,
1890 774 118 54 quod
1964 774 104 54 est
2009 774 118 54 simpli

1278 816 128 45 citer
1363 816 228 45 impossibile.
1549 816 143 45 Iterum
1648 816 157 45 deficit
1762 816 114 45 illa
1834 816 143 45 maior:
1933 816 114 45 quia
2005 816 128 45 licet
2076 816 57 45 ef

1285 844 156 60 fectus
1395 844 109 60 non
1457 844 187 60 adaequet
1598 844 203 60 potentiam
1754 844 125 60 Dei,
1832 844 94 60 si
1879 844 141 60 tamen
1973 844 141 60 modus
2051 844 78 60 pro

1276 887 170 58 ducendi
1399 887 185 58 effectum
1538 887 185 58 adaequat
1676 887 185 58 virtutem
1815 887 139 58 primi
1908 887 185 58 agentis,
2031 887 108 58 puta,

1284 929 192 49 producero
1432 929 162 49 aliquid
1550 929 89 49 de
1594 929 148 49 nihilo
1697 929 74 49 :
1727 929 103 49 hoc
1786 929 118 49 emm,
1860 929 89 49 vt
1904 929 148 49 dictum
2007 929 118 49 est,
2066 929 74 49 re-

1281 971 149 48 quirit
1386 971 194 48 infinitam
1535 971 209 48 potentiam,
1699 971 134 48 cuius
1789 971 179 48 creatura
1923 971 105 48 non
1983 971 105 48 est
2028 971 105 48 capax

1277 1011 137 57 tunc
1363 1011 154 57 talis
1466 1011 223 57 productio
1637 1011 223 57 nequaquam
1809 1011 172 57 potest
1912 1011 223 57 communicari

1264 1042 172 48 creaturae.

1312 1081 107 60 Ad
1366 1081 215 60 secundum
1527 1081 143 60 nego
1616 1081 215 60 minorem.
1777 1081 107 60 Ad
1831 1081 268 60 probationem
2028 1081 107 60 pri-

1280 1125 108 43 mam
1341 1125 201 43 dicendum,
1496 1125 124 43 quod
1574 1125 170 43 quamuis
1698 1125 170 43 negatio
1821 1125 232 43 determinata
1992 1125 139 43 alicuiu

1282 1161 187 46 creaturae
1426 1161 144 46 possit
1526 1161 115 46 dici
1598 1161 158 46 finita,
1713 1161 86 46 eo
1757 1161 115 46 quod
1829 1161 101 46 non
1886 1161 115 46 plus
1958 1161 144 46 negat,
2045 1161 86 46 quan

1274 1200 153 61 illud,
1381 1200 122 61 quod
1457 1200 214 61 affirmatur
1625 1200 244 61 affirmatione
1823 1200 229 61 determinata
2007 1200 122 61 sibi
2068 1200 76 61 op-

1285 1247 157 53 posita,
1399 1247 128 53 puta,
1484 1247 100 53 cum
1541 1247 171 53 dicitur,
1670 1247 100 53 non
1727 1247 143 53 lapis:
1827 1247 114 53 tunc
1898 1247 157 53 negatur
2012 1247 114 53 sola
2069 1247 57 53 en

1275 1288 145 40 titas
1371 1288 193 40 lapidis:
1516 1288 145 40 tamen
1612 1288 177 40 negatio
1741 1288 209 40 communis,
1901 1288 80 40 &
1917 1288 225 40 indetermina-

1282 1323 89 45 te
1327 1323 207 45 respiciens
1489 1323 148 45 omnia,
1593 1323 133 45 puta,
1682 1323 104 45 cum
1741 1323 163 45 dicitur
1860 1323 148 45 nihil,
1963 1323 148 45 potest
2052 1323 89 45 dici

1287 1359 203 58 infinita:
1444 1359 110 58 nam
1506 1359 141 58 purum
1600 1359 141 58 nihil
1694 1359 110 58 non
1757 1359 141 58 solum
1851 1359 141 58 negat
1945 1359 188 58 labidem,
2070 1359 78 58 vel

1283 1401 180 43 lignum:
1413 1401 114 43 sed
1479 1401 229 43 totaliter,
1658 1401 82 43 &
1691 1401 278 43 vniuersaliter
1919 1401 147 43 negat
2017 1401 147 43 Deum,
2099 1401 49 43 &

1288 1441 139 51 omnem
1380 1441 200 51 creaturam
1534 1441 77 51 &
1565 1441 123 51 ideo
1642 1441 185 51 negatiue
1781 1441 108 51 est
1842 1441 123 51 quid
1919 1441 216 51 infinitum,
2073 1441 62 51 ec

1286 1482 128 60 quod
1366 1482 96 60 ad
1414 1482 160 60 nullam
1526 1482 208 60 entitatem
1686 1482 208 60 positiuam
1846 1482 144 60 habet
1942 1482 176 60 aliquam
2054 1482 80 60 con

1255 1517 226 46 formitatem.

1318 1539 105 71 Ad
1370 1539 210 71 secundam
1527 1539 262 71 probationem
1737 1539 140 71 nego
1824 1539 315 71 consequentiam.
2069 1539 70 71 Ad

1276 1590 250 54 probationem
1476 1590 216 54 dicendum,
1643 1590 133 54 quod
1726 1590 166 54 maior,
1842 1590 83 54 &
1876 1590 150 54 minor
1959 1590 183 54 resisten-

1285 1641 116 45 tia
1352 1641 116 45 non
1418 1641 182 45 faciunt
1550 1641 198 45 maiorem,
1699 1641 116 45 vel
1765 1641 182 45 minorem
1897 1641 281 45 difficultatem

1278 1675 88 54 in
1322 1675 175 54 transitu
1454 1675 132 54 vnius
1542 1675 161 54 termini
1659 1675 88 54 in
1702 1675 175 54 alterum,
1834 1675 117 54 nisi
1907 1675 102 54 cum
1966 1675 132 54 maior
2039 1675 102 54 resi-

1288 1715 166 50 stentia
1409 1715 181 50 prouenit
1544 1715 90 50 ex
1589 1715 151 50 maiori
1695 1715 256 50 difformitate:
1906 1715 136 50 Licet
1996 1715 121 50 enim
2057 1715 90 50 fri-

1284 1753 141 54 gidum
1378 1753 141 54 magis
1473 1753 188 54 repugnet
1614 1753 173 54 calido,
1739 1753 125 54 quam
1818 1753 157 54 dulci:
1927 1753 110 54 tum
1990 1753 125 54 quia
2053 1753 94 54 fri-

1292 1797 168 46 sidum,
1410 1797 84 46 &
1443 1797 185 46 calidum
1578 1797 185 46 maiorem
1712 1797 302 46 conuenientiam,
1964 1797 84 46 &
1981 1797 151 46 confor-

1281 1838 150 47 mitate
1386 1838 150 47 habent
1491 1838 90 47 in
1536 1838 180 47 proximo,
1671 1838 75 47 &
1701 1838 180 47 naturali
1835 1838 195 47 subiecto;
1985 1838 120 47 quam
2045 1838 90 47 fri-

1279 1869 148 54 gidum,
1383 1869 74 54 &
1412 1869 148 54 dulce:
1515 1869 118 54 ideo
1589 1869 177 54 facilior
1722 1869 103 54 est
1781 1869 192 54 transitus
1928 1869 89 54 de
1973 1869 162 54 frigido
2076 1869 59 54 ad

1280 1916 193 48 calidum,
1425 1916 129 48 quam
1505 1916 96 48 de
1553 1916 177 48 frigido
1682 1916 96 48 ad
1730 1916 161 48 dulce:
1843 1916 113 48 Cum
1907 1916 129 48 ergo
1987 1916 145 48 nulla
2068 1916 64 48 si

1271 1949 141 57 maior
1365 1949 250 57 difformitas,
1569 1949 125 57 quam
1647 1949 141 57 inter
1741 1949 125 57 ens,
1819 1949 78 57 &
1851 1949 157 57 nihil:
1960 1949 110 57 nam
2023 1949 125 57 ens,
2101 1949 78 57 &

1277 1989 142 57 nihil
1372 1989 95 57 in
1420 1989 142 57 nullo
1514 1989 253 57 communicant:
1720 1989 127 57 ideo
1799 1989 95 57 in
1847 1989 190 57 transitu
1989 1989 95 57 de
2020 1989 127 57 nihilo

1279 2029 92 54 ad
1325 2029 122 54 ens,
1401 2029 107 54 vel
1462 2029 214 54 econuerso,
1631 2029 138 54 multo
1723 2029 138 54 maior
1815 2029 214 54 requiritur
1968 2029 168 54 potentia,

1294 2069 110 50 uam
1357 2069 95 50 in
1405 2069 189 50 transitu
1546 2069 95 50 de
1594 2069 110 50 vno
1657 2069 252 50 contrariorum
1862 2069 95 50 ad
1893 2069 158 50 alterum.

1324 2107 101 49 Ad
1375 2107 184 49 tertiam
1509 2107 251 49 probationem
1710 2107 201 49 dicedum,
1861 2107 134 49 quod
1945 2107 184 49 quamuis
2062 2107 67 49 ra

1287 2137 115 65 tio
1352 2137 180 65 idealis
1483 2137 115 65 per
1548 2137 278 65 comparationem
1778 2137 98 65 ad
1827 2137 180 65 nostrum
1941 2137 213 65 intellectum

1286 2183 244 56 concipiatur
1481 2183 179 56 tamquam
1612 2183 179 56 finita,
1742 2183 81 56 &
1775 2183 261 56 determinata:
1986 2183 147 56 tamen
2068 2183 65 56 ex

1290 2221 118 63 arte
1364 2221 118 63 rei,
1438 2221 177 63 quelibet
1570 2221 118 63 idea
1644 2221 103 63 est
1703 2221 221 63 simpliciter
1880 2221 192 63 infinita,
2027 2221 88 63 eo
2057 2221 88 63 quod

1291 2264 166 50 ealiter
1411 2264 120 50 idem
1487 2264 105 50 sit
1547 2264 75 50 :
1577 2264 120 50 quod
1652 2264 120 50 ipsa
1728 2264 151 50 diuina
1833 2264 196 50 essentia.
1983 2264 105 50 Hic
2029 2264 105 50 tamer

1288 2299 73 58 d
1318 2299 175 58 praesens
1449 2299 161 58 breuius
1566 2299 175 58 transeo:
1698 2299 117 58 quia
1771 2299 88 58 de
1814 2299 102 58 hoc
1873 2299 190 58 prolixius
2004 2299 132 58 tractau

1279 2337 124 47 libro
1362 2337 124 47 primo
1445 2337 124 47 dist.
1528 2337 97 47 38.
1583 2337 111 47 art.
1639 2337 55 47 1.

1313 2370 103 72 Ad
1364 2370 189 72 tertium
1502 2370 138 72 nego
1588 2370 258 72 antecedens.
1795 2370 103 72 Ad
1846 2370 258 72 probationem
2036 2370 103 72 nego

1280 2422 195 54 maiorem.
1426 2422 146 54 Licet
1523 2422 130 54 enim
1604 2422 130 54 homo
1685 2422 113 54 sit
1750 2422 195 54 nobilior
1896 2422 195 54 dracone:
2026 2422 113 54 tamen

1278 2457 129 53 homo
1359 2457 178 53 generat
1488 2457 194 53 hominem,
1633 2457 145 53 licet
1730 2457 113 53 non
1795 2457 162 53 possit
1908 2457 194 53 generare
2037 2457 97 53 dra-

1288 2496 145 59 conem.
1389 2496 101 59 Est
1447 2496 130 59 etiam
1533 2496 217 59 specialiter
1707 2496 116 59 illa
1779 2496 130 59 maior
1866 2496 145 59 falsa,
1967 2496 145 59 quando
2054 2496 87 59 dif-

1270 2533 199 67 ficilior
1419 2533 116 67 est
1486 2533 149 67 modus
1585 2533 232 67 producendi
1767 2533 248 67 ignobilius,
1966 2533 132 67 quam
2032 2533 116 67 modus

1277 2583 218 56 producendi
1449 2583 203 56 nobilius,
1605 2583 140 56 sicut
1698 2583 109 56 est
1761 2583 94 56 in
1808 2583 218 56 proposito:
1979 2583 109 56 Nam
2026 2583 109 56 mate-

1284 2613 104 56 ria
1344 2613 208 56 producitur
1507 2613 89 56 de
1552 2613 164 56 nihilo:
1671 2613 104 56 sed
1730 2613 134 56 forma
1820 2613 208 56 producitur
1983 2613 89 56 de
2013 2613 119 56 aliquo

1285 2655 165 47 acilius
1405 2655 135 47 autem
1495 2655 105 47 est
1554 2655 165 47 aliquid
1674 2655 195 47 producere
1824 2655 90 47 de
1869 2655 165 47 aliquo,
1988 2655 120 47 quam
2048 2655 90 47 ali-

1279 2687 136 59 quid
1364 2687 102 59 de
1415 2687 186 59 nihilo.

1306 2730 101 58 Ad
1357 2730 186 58 quartum
1492 2730 135 58 nego
1576 2730 253 58 antecedens,
1779 2730 135 58 quia
1863 2730 152 58 agens
1947 2730 186 58 naturalem

1272 2771 108 52 non
1333 2771 154 52 potest
1441 2771 169 52 tollere
1564 2771 169 52 formam,
1687 2771 123 52 nisi
1764 2771 231 52 derelinquat
1933 2771 200 52 priuationem

1271 2814 123 58 eius
1347 2814 92 58 in
1393 2814 184 58 materia,
1532 2814 184 58 priuatio
1670 2814 138 58 autem
1762 2814 107 58 non
1823 2814 107 58 est
1884 2814 230 58 simpliciter
2053 2814 77 58 ne-

1282 2848 149 63 gatio,
1386 2848 104 63 sed
1446 2848 104 63 est
1505 2848 164 63 negatio
1624 2848 89 63 in
1669 2848 179 63 subiecto
1803 2848 119 63 apto
1877 2848 134 63 nato,
1966 2848 89 63 vt
1996 2848 134 63 dicitus

1278 2897 99 36 3.
1327 2897 330 36 methaphificorum.
1607 2897 115 36 Est
1673 2897 132 36 enim
1756 2897 198 36 priuatio
1904 2897 198 36 carentia
2036 2897 99 36 for-

1280 2934 108 57 mae
1341 2934 108 57 cum
1403 2934 216 57 aptitudine
1573 2934 93 57 ad
1619 2934 124 57 eam,
1697 2934 93 57 vt
1743 2934 170 57 dicitur
1866 2934 139 57 primo
1944 2934 185 57 phisicorum

1277 2967 124 55 Ideo
1354 2967 155 55 nullum
1462 2967 139 55 agens
1555 2967 186 55 naturale
1695 2967 155 55 potest
1803 2967 201 55 totaliter
1942 2967 186 55 annihilare

1271 3010 187 58 formam:
1407 3010 136 58 quia
1492 3010 187 58 quamuis
1628 3010 153 58 ipsam
1731 3010 221 58 corrumpat
1901 3010 204 58 secundum
2037 3010 102 58 suum

1284 3044 126 76 esse
1363 3044 189 76 actuale:
1504 3044 141 76 tamen
1599 3044 204 76 relinquit
1756 3044 110 76 eam
1819 3044 94 76 in
1866 3044 173 76 materia
1976 3044 157 76 secundum
