<?xml version="1.0" encoding="UTF-8"?>
<alto xmlns:xsi="http://www.w3.org/2001/XMLSchema-instance"
      xmlns="http://www.loc.gov/standards/alto/ns-v2#"
      xmlns:page="http://schema.primaresearch.org/PAGE/gts/pagecontent/2013-07-15"
      xsi:schemaLocation="http://www.loc.gov/standards/alto/ns-v2# http://www.loc.gov/standards/alto/alto.xsd">
   <Description>
      <MeasurementUnit>pixel</MeasurementUnit>
      <OCRProcessing ID="IdOcr">
         <ocrProcessingStep>
            <processingDateTime>2020-10-28T20:24:33.64-04:00</processingDateTime>
            <processingSoftware>
               <softwareCreator>READ COOP</softwareCreator>
               <softwareName>Transkribus</softwareName>
            </processingSoftware>
         </ocrProcessingStep>
      </OCRProcessing>
   </Description>
   <Tags/>
   <Layout>
      <Page ID="Page1" PHYSICAL_IMG_NR="1" HEIGHT="3536" WIDTH="2398">
         <TopMargin HEIGHT="0" WIDTH="2398" VPOS="0" HPOS="0"/>
         <LeftMargin HEIGHT="3536" WIDTH="0" VPOS="0" HPOS="0"/>
         <RightMargin HEIGHT="3536" WIDTH="0" VPOS="0" HPOS="2398"/>
         <BottomMargin HEIGHT="0" WIDTH="2398" VPOS="3536" HPOS="0"/>
         <PrintSpace HEIGHT="3536" WIDTH="2398" VPOS="0" HPOS="0">
            <TextBlock ID="r2" HEIGHT="2930" WIDTH="861" VPOS="238" HPOS="206">
               <Shape>
                  <Polygon POINTS="206,238 206,3168 1067,3168 1067,238"/>
               </Shape>
               <TextLine ID="r2l2"
                         BASELINE="334"
                         HEIGHT="53"
                         WIDTH="854"
                         VPOS="281"
                         HPOS="200">
                  <String HEIGHT="53"
                          WIDTH="148"
                          VPOS="281"
                          HPOS="184"
                          CONTENT="erat,"/>
                  <SP HEIGHT="53" WIDTH="16" VPOS="281" HPOS="331"/>
                  <String HEIGHT="53"
                          WIDTH="131"
                          VPOS="281"
                          HPOS="282"
                          CONTENT="leum"/>
                  <SP HEIGHT="53" WIDTH="16" VPOS="281" HPOS="414"/>
                  <String HEIGHT="53"
                          WIDTH="148"
                          VPOS="281"
                          HPOS="364"
                          CONTENT="primo"/>
                  <SP HEIGHT="53" WIDTH="16" VPOS="281" HPOS="512"/>
                  <String HEIGHT="53"
                          WIDTH="279"
                          VPOS="281"
                          HPOS="463"
                          CONTENT="baptixabatur."/>
                  <SP HEIGHT="53" WIDTH="16" VPOS="281" HPOS="742"/>
                  <String HEIGHT="53"
                          WIDTH="148"
                          VPOS="281"
                          HPOS="693"
                          CONTENT="Minor"/>
                  <SP HEIGHT="53" WIDTH="16" VPOS="281" HPOS="841"/>
                  <String HEIGHT="53"
                          WIDTH="214"
                          VPOS="281"
                          HPOS="791"
                          CONTENT="similiter"/>
                  <SP HEIGHT="53" WIDTH="16" VPOS="281" HPOS="1005"/>
                  <String HEIGHT="53"
                          WIDTH="115"
                          VPOS="281"
                          HPOS="939"
                          CONTENT="patet"/>
               </TextLine>
               <TextLine ID="r2l3"
                         BASELINE="381"
                         HEIGHT="48"
                         WIDTH="862"
                         VPOS="333"
                         HPOS="208">
                  <String HEIGHT="48"
                          WIDTH="119"
                          VPOS="333"
                          HPOS="193"
                          CONTENT="quia"/>
                  <SP HEIGHT="48" WIDTH="15" VPOS="333" HPOS="312"/>
                  <String HEIGHT="48"
                          WIDTH="163"
                          VPOS="333"
                          HPOS="267"
                          CONTENT="propter"/>
                  <SP HEIGHT="48" WIDTH="15" VPOS="333" HPOS="431"/>
                  <String HEIGHT="48"
                          WIDTH="134"
                          VPOS="333"
                          HPOS="386"
                          CONTENT="illud"/>
                  <SP HEIGHT="48" WIDTH="15" VPOS="333" HPOS="520"/>
                  <String HEIGHT="48"
                          WIDTH="163"
                          VPOS="333"
                          HPOS="476"
                          CONTENT="mortale"/>
                  <SP HEIGHT="48" WIDTH="15" VPOS="333" HPOS="639"/>
                  <String HEIGHT="48"
                          WIDTH="208"
                          VPOS="333"
                          HPOS="594"
                          CONTENT="propositum"/>
                  <SP HEIGHT="48" WIDTH="15" VPOS="333" HPOS="802"/>
                  <String HEIGHT="48" WIDTH="104" VPOS="333" HPOS="758" CONTENT="nec"/>
                  <SP HEIGHT="48" WIDTH="15" VPOS="333" HPOS="862"/>
                  <String HEIGHT="48"
                          WIDTH="163"
                          VPOS="333"
                          HPOS="817"
                          CONTENT="recipit"/>
                  <SP HEIGHT="48" WIDTH="15" VPOS="333" HPOS="981"/>
                  <String HEIGHT="48"
                          WIDTH="149"
                          VPOS="333"
                          HPOS="921"
                          CONTENT="gratiam,"/>
               </TextLine>
               <TextLine ID="r2l4"
                         BASELINE="425"
                         HEIGHT="51"
                         WIDTH="829"
                         VPOS="374"
                         HPOS="207">
                  <String HEIGHT="51" WIDTH="112" VPOS="374" HPOS="191" CONTENT="nec"/>
                  <SP HEIGHT="51" WIDTH="16" VPOS="374" HPOS="303"/>
                  <String HEIGHT="51"
                          WIDTH="223"
                          VPOS="374"
                          HPOS="255"
                          CONTENT="caritatem,"/>
                  <SP HEIGHT="51" WIDTH="16" VPOS="374" HPOS="478"/>
                  <String HEIGHT="51" WIDTH="112" VPOS="374" HPOS="430" CONTENT="nec"/>
                  <SP HEIGHT="51" WIDTH="16" VPOS="374" HPOS="542"/>
                  <String HEIGHT="51"
                          WIDTH="175"
                          VPOS="374"
                          HPOS="494"
                          CONTENT="aliquam"/>
                  <SP HEIGHT="51" WIDTH="16" VPOS="374" HPOS="669"/>
                  <String HEIGHT="51"
                          WIDTH="143"
                          VPOS="374"
                          HPOS="622"
                          CONTENT="aliam"/>
                  <SP HEIGHT="51" WIDTH="16" VPOS="374" HPOS="765"/>
                  <String HEIGHT="51"
                          WIDTH="207"
                          VPOS="374"
                          HPOS="717"
                          CONTENT="gratuitam"/>
                  <SP HEIGHT="51" WIDTH="16" VPOS="374" HPOS="924"/>
                  <String HEIGHT="51"
                          WIDTH="175"
                          VPOS="374"
                          HPOS="861"
                          CONTENT="virtutem."/>
               </TextLine>
               <TextLine ID="r2l5"
                         BASELINE="457"
                         HEIGHT="51"
                         WIDTH="815"
                         VPOS="406"
                         HPOS="248">
                  <String HEIGHT="51" WIDTH="108" VPOS="406" HPOS="233" CONTENT="Sed"/>
                  <SP HEIGHT="51" WIDTH="15" VPOS="406" HPOS="340"/>
                  <String HEIGHT="51"
                          WIDTH="154"
                          VPOS="406"
                          HPOS="294"
                          CONTENT="contra"/>
                  <SP HEIGHT="51" WIDTH="15" VPOS="406" HPOS="448"/>
                  <String HEIGHT="51"
                          WIDTH="138"
                          VPOS="406"
                          HPOS="402"
                          CONTENT="istud"/>
                  <SP HEIGHT="51" WIDTH="15" VPOS="406" HPOS="540"/>
                  <String HEIGHT="51" WIDTH="108" VPOS="406" HPOS="494" CONTENT="est"/>
                  <SP HEIGHT="51" WIDTH="15" VPOS="406" HPOS="602"/>
                  <String HEIGHT="51"
                          WIDTH="169"
                          VPOS="406"
                          HPOS="556"
                          CONTENT="quaedam"/>
                  <SP HEIGHT="51" WIDTH="15" VPOS="406" HPOS="725"/>
                  <String HEIGHT="51"
                          WIDTH="154"
                          VPOS="406"
                          HPOS="679"
                          CONTENT="opinio"/>
                  <SP HEIGHT="51" WIDTH="15" VPOS="406" HPOS="832"/>
                  <String HEIGHT="51"
                          WIDTH="185"
                          VPOS="406"
                          HPOS="786"
                          CONTENT="antiqua,"/>
                  <SP HEIGHT="51" WIDTH="15" VPOS="406" HPOS="971"/>
                  <String HEIGHT="51"
                          WIDTH="123"
                          VPOS="406"
                          HPOS="925"
                          CONTENT="quae"/>
                  <SP HEIGHT="51" WIDTH="15" VPOS="406" HPOS="1048"/>
                  <String HEIGHT="51"
                          WIDTH="77"
                          VPOS="406"
                          HPOS="986"
                          CONTENT="po"
                          SUBS_TYPE="HypPart1"
                          SUBS_CONTENT="ponit,"/>
                  <HYP CONTENT="-"/>
               </TextLine>
               <TextLine ID="r2l6"
                         BASELINE="494"
                         HEIGHT="47"
                         WIDTH="860"
                         VPOS="447"
                         HPOS="208">
                  <String HEIGHT="47"
                          WIDTH="125"
                          VPOS="447"
                          HPOS="192"
                          CONTENT="nit,"
                          SUBS_TYPE="HypPart2"
                          SUBS_CONTENT="ponit,"/>
                  <SP HEIGHT="47" WIDTH="16" VPOS="447" HPOS="317"/>
                  <String HEIGHT="47"
                          WIDTH="125"
                          VPOS="447"
                          HPOS="271"
                          CONTENT="quod"/>
                  <SP HEIGHT="47" WIDTH="16" VPOS="447" HPOS="396"/>
                  <String HEIGHT="47"
                          WIDTH="203"
                          VPOS="447"
                          HPOS="349"
                          CONTENT="character"/>
                  <SP HEIGHT="47" WIDTH="16" VPOS="447" HPOS="552"/>
                  <String HEIGHT="47" WIDTH="109" VPOS="447" HPOS="505" CONTENT="non"/>
                  <SP HEIGHT="47" WIDTH="16" VPOS="447" HPOS="615"/>
                  <String HEIGHT="47"
                          WIDTH="141"
                          VPOS="447"
                          HPOS="568"
                          CONTENT="dicat"/>
                  <SP HEIGHT="47" WIDTH="16" VPOS="447" HPOS="708"/>
                  <String HEIGHT="47"
                          WIDTH="172"
                          VPOS="447"
                          HPOS="661"
                          CONTENT="aliquam"/>
                  <SP HEIGHT="47" WIDTH="16" VPOS="447" HPOS="833"/>
                  <String HEIGHT="47"
                          WIDTH="203"
                          VPOS="447"
                          HPOS="787"
                          CONTENT="entitatem"/>
                  <SP HEIGHT="47" WIDTH="16" VPOS="447" HPOS="990"/>
                  <String HEIGHT="47"
                          WIDTH="141"
                          VPOS="447"
                          HPOS="927"
                          CONTENT="realem."/>
               </TextLine>
               <TextLine ID="r2l7"
                         BASELINE="531"
                         HEIGHT="48"
                         WIDTH="838"
                         VPOS="483"
                         HPOS="220">
                  <String HEIGHT="48" WIDTH="87" VPOS="483" HPOS="203" CONTENT="1"/>
                  <SP HEIGHT="48" WIDTH="17" VPOS="483" HPOS="290"/>
                  <String HEIGHT="48"
                          WIDTH="140"
                          VPOS="483"
                          HPOS="237"
                          CONTENT="Quia"/>
                  <SP HEIGHT="48" WIDTH="17" VPOS="483" HPOS="377"/>
                  <String HEIGHT="48"
                          WIDTH="175"
                          VPOS="483"
                          HPOS="325"
                          CONTENT="omnia,"/>
                  <SP HEIGHT="48" WIDTH="17" VPOS="483" HPOS="499"/>
                  <String HEIGHT="48" WIDTH="122" VPOS="483" HPOS="447" CONTENT="que"/>
                  <SP HEIGHT="48" WIDTH="17" VPOS="483" HPOS="569"/>
                  <String HEIGHT="48"
                          WIDTH="210"
                          VPOS="483"
                          HPOS="517"
                          CONTENT="saluanda"/>
                  <SP HEIGHT="48" WIDTH="17" VPOS="483" HPOS="726"/>
                  <String HEIGHT="48"
                          WIDTH="140"
                          VPOS="483"
                          HPOS="674"
                          CONTENT="sunt"/>
                  <SP HEIGHT="48" WIDTH="17" VPOS="483" HPOS="814"/>
                  <String HEIGHT="48"
                          WIDTH="157"
                          VPOS="483"
                          HPOS="761"
                          CONTENT="circa"/>
                  <SP HEIGHT="48" WIDTH="17" VPOS="483" HPOS="918"/>
                  <String HEIGHT="48"
                          WIDTH="210"
                          VPOS="483"
                          HPOS="849"
                          CONTENT="sacramenta"/>
               </TextLine>
               <TextLine ID="r2l8"
                         BASELINE="566"
                         HEIGHT="41"
                         WIDTH="847"
                         VPOS="525"
                         HPOS="211">
                  <String HEIGHT="41"
                          WIDTH="134"
                          VPOS="525"
                          HPOS="196"
                          CONTENT="aeque"/>
                  <SP HEIGHT="41" WIDTH="15" VPOS="525" HPOS="330"/>
                  <String HEIGHT="41"
                          WIDTH="119"
                          VPOS="525"
                          HPOS="285"
                          CONTENT="bene"/>
                  <SP HEIGHT="41" WIDTH="15" VPOS="525" HPOS="404"/>
                  <String HEIGHT="41"
                          WIDTH="163"
                          VPOS="525"
                          HPOS="360"
                          CONTENT="saluari"/>
                  <SP HEIGHT="41" WIDTH="15" VPOS="525" HPOS="523"/>
                  <String HEIGHT="41"
                          WIDTH="163"
                          VPOS="525"
                          HPOS="478"
                          CONTENT="possunt"/>
                  <SP HEIGHT="41" WIDTH="15" VPOS="525" HPOS="642"/>
                  <String HEIGHT="41"
                          WIDTH="119"
                          VPOS="525"
                          HPOS="597"
                          CONTENT="sine"/>
                  <SP HEIGHT="41" WIDTH="15" VPOS="525" HPOS="716"/>
                  <String HEIGHT="41"
                          WIDTH="223"
                          VPOS="525"
                          HPOS="672"
                          CONTENT="charactere,"/>
                  <SP HEIGHT="41" WIDTH="15" VPOS="525" HPOS="895"/>
                  <String HEIGHT="41"
                          WIDTH="134"
                          VPOS="525"
                          HPOS="850"
                          CONTENT="sicut"/>
                  <SP HEIGHT="41" WIDTH="15" VPOS="525" HPOS="984"/>
                  <String HEIGHT="41" WIDTH="104" VPOS="525" HPOS="939" CONTENT="cum"/>
                  <SP HEIGHT="41" WIDTH="15" VPOS="525" HPOS="1043"/>
                  <String HEIGHT="41" WIDTH="74" VPOS="525" HPOS="984" CONTENT="eo."/>
               </TextLine>
               <TextLine ID="r2l9"
                         BASELINE="608"
                         HEIGHT="44"
                         WIDTH="847"
                         VPOS="564"
                         HPOS="214">
                  <String HEIGHT="44"
                          WIDTH="130"
                          VPOS="564"
                          HPOS="198"
                          CONTENT="ergo"/>
                  <SP HEIGHT="44" WIDTH="16" VPOS="564" HPOS="328"/>
                  <String HEIGHT="44"
                          WIDTH="212"
                          VPOS="564"
                          HPOS="279"
                          CONTENT="character"/>
                  <SP HEIGHT="44" WIDTH="16" VPOS="564" HPOS="491"/>
                  <String HEIGHT="44" WIDTH="114" VPOS="564" HPOS="442" CONTENT="non"/>
                  <SP HEIGHT="44" WIDTH="16" VPOS="564" HPOS="556"/>
                  <String HEIGHT="44" WIDTH="114" VPOS="564" HPOS="507" CONTENT="est"/>
                  <SP HEIGHT="44" WIDTH="16" VPOS="564" HPOS="621"/>
                  <String HEIGHT="44"
                          WIDTH="212"
                          VPOS="564"
                          HPOS="572"
                          CONTENT="ponendus."/>
                  <SP HEIGHT="44" WIDTH="16" VPOS="564" HPOS="784"/>
                  <String HEIGHT="44"
                          WIDTH="261"
                          VPOS="564"
                          HPOS="735"
                          CONTENT="Consequentia"/>
                  <SP HEIGHT="44" WIDTH="16" VPOS="564" HPOS="996"/>
                  <String HEIGHT="44"
                          WIDTH="130"
                          VPOS="564"
                          HPOS="931"
                          CONTENT="patet,"/>
               </TextLine>
               <TextLine ID="r2l10"
                         BASELINE="655"
                         HEIGHT="48"
                         WIDTH="848"
                         VPOS="607"
                         HPOS="211">
                  <String HEIGHT="48"
                          WIDTH="115"
                          VPOS="607"
                          HPOS="197"
                          CONTENT="quia"/>
                  <SP HEIGHT="48" WIDTH="14" VPOS="607" HPOS="312"/>
                  <String HEIGHT="48"
                          WIDTH="158"
                          VPOS="607"
                          HPOS="268"
                          CONTENT="frustra"/>
                  <SP HEIGHT="48" WIDTH="14" VPOS="607" HPOS="427"/>
                  <String HEIGHT="48" WIDTH="101" VPOS="607" HPOS="383" CONTENT="fit"/>
                  <SP HEIGHT="48" WIDTH="14" VPOS="607" HPOS="484"/>
                  <String HEIGHT="48" WIDTH="101" VPOS="607" HPOS="441" CONTENT="per"/>
                  <SP HEIGHT="48" WIDTH="14" VPOS="607" HPOS="542"/>
                  <String HEIGHT="48"
                          WIDTH="144"
                          VPOS="607"
                          HPOS="498"
                          CONTENT="plura,"/>
                  <SP HEIGHT="48" WIDTH="14" VPOS="607" HPOS="642"/>
                  <String HEIGHT="48"
                          WIDTH="115"
                          VPOS="607"
                          HPOS="599"
                          CONTENT="quod"/>
                  <SP HEIGHT="48" WIDTH="14" VPOS="607" HPOS="714"/>
                  <String HEIGHT="48"
                          WIDTH="129"
                          VPOS="607"
                          HPOS="671"
                          CONTENT="aeque"/>
                  <SP HEIGHT="48" WIDTH="14" VPOS="607" HPOS="800"/>
                  <String HEIGHT="48"
                          WIDTH="129"
                          VPOS="607"
                          HPOS="757"
                          CONTENT="bene,"/>
                  <SP HEIGHT="48" WIDTH="14" VPOS="607" HPOS="887"/>
                  <String HEIGHT="48" WIDTH="101" VPOS="607" HPOS="843" CONTENT="vel"/>
                  <SP HEIGHT="48" WIDTH="14" VPOS="607" HPOS="944"/>
                  <String HEIGHT="48"
                          WIDTH="144"
                          VPOS="607"
                          HPOS="901"
                          CONTENT="fieri,"/>
                  <SP HEIGHT="48" WIDTH="14" VPOS="607" HPOS="1045"/>
                  <String HEIGHT="48" WIDTH="72" VPOS="607" HPOS="987" CONTENT="vel"/>
               </TextLine>
               <TextLine ID="r2l11"
                         BASELINE="692"
                         HEIGHT="47"
                         WIDTH="845"
                         VPOS="645"
                         HPOS="207">
                  <String HEIGHT="47"
                          WIDTH="160"
                          VPOS="645"
                          HPOS="192"
                          CONTENT="saluari"/>
                  <SP HEIGHT="47" WIDTH="15" VPOS="645" HPOS="353"/>
                  <String HEIGHT="47"
                          WIDTH="146"
                          VPOS="645"
                          HPOS="309"
                          CONTENT="potest"/>
                  <SP HEIGHT="47" WIDTH="15" VPOS="645" HPOS="455"/>
                  <String HEIGHT="47" WIDTH="102" VPOS="645" HPOS="411" CONTENT="per"/>
                  <SP HEIGHT="47" WIDTH="15" VPOS="645" HPOS="513"/>
                  <String HEIGHT="47"
                          WIDTH="189"
                          VPOS="645"
                          HPOS="469"
                          CONTENT="pauciora,"/>
                  <SP HEIGHT="47" WIDTH="15" VPOS="645" HPOS="659"/>
                  <String HEIGHT="47" WIDTH="87" VPOS="645" HPOS="615" CONTENT="vt"/>
                  <SP HEIGHT="47" WIDTH="15" VPOS="645" HPOS="702"/>
                  <String HEIGHT="47"
                          WIDTH="146"
                          VPOS="645"
                          HPOS="659"
                          CONTENT="patet."/>
                  <SP HEIGHT="47" WIDTH="15" VPOS="645" HPOS="804"/>
                  <String HEIGHT="47" WIDTH="87" VPOS="645" HPOS="761" CONTENT="1."/>
                  <SP HEIGHT="47" WIDTH="15" VPOS="645" HPOS="848"/>
                  <String HEIGHT="47"
                          WIDTH="175"
                          VPOS="645"
                          HPOS="804"
                          CONTENT="Physico."/>
                  <SP HEIGHT="47" WIDTH="15" VPOS="645" HPOS="979"/>
                  <String HEIGHT="47"
                          WIDTH="131"
                          VPOS="645"
                          HPOS="921"
                          CONTENT="Antece"
                          SUBS_TYPE="HypPart1"
                          SUBS_CONTENT="Antecedens"/>
                  <HYP CONTENT="-"/>
               </TextLine>
               <TextLine ID="r2l12"
                         BASELINE="729"
                         HEIGHT="46"
                         WIDTH="842"
                         VPOS="683"
                         HPOS="219">
                  <String HEIGHT="46"
                          WIDTH="127"
                          VPOS="683"
                          HPOS="203"
                          CONTENT="dens"
                          SUBS_TYPE="HypPart2"
                          SUBS_CONTENT="Antecedens"/>
                  <SP HEIGHT="46" WIDTH="16" VPOS="683" HPOS="330"/>
                  <String HEIGHT="46"
                          WIDTH="207"
                          VPOS="683"
                          HPOS="283"
                          CONTENT="probatur:"/>
                  <SP HEIGHT="46" WIDTH="16" VPOS="683" HPOS="489"/>
                  <String HEIGHT="46"
                          WIDTH="127"
                          VPOS="683"
                          HPOS="441"
                          CONTENT="quia"/>
                  <SP HEIGHT="46" WIDTH="16" VPOS="683" HPOS="569"/>
                  <String HEIGHT="46"
                          WIDTH="143"
                          VPOS="683"
                          HPOS="521"
                          CONTENT="isti,"/>
                  <SP HEIGHT="46" WIDTH="16" VPOS="683" HPOS="664"/>
                  <String HEIGHT="46" WIDTH="111" VPOS="683" HPOS="616" CONTENT="qui"/>
                  <SP HEIGHT="46" WIDTH="16" VPOS="683" HPOS="727"/>
                  <String HEIGHT="46"
                          WIDTH="159"
                          VPOS="683"
                          HPOS="680"
                          CONTENT="ponunt"/>
                  <SP HEIGHT="46" WIDTH="16" VPOS="683" HPOS="839"/>
                  <String HEIGHT="46"
                          WIDTH="254"
                          VPOS="683"
                          HPOS="791"
                          CONTENT="characterem,"/>
                  <SP HEIGHT="46" WIDTH="16" VPOS="683" HPOS="1045"/>
                  <String HEIGHT="46" WIDTH="79" VPOS="683" HPOS="982" CONTENT="pro"/>
               </TextLine>
               <TextLine ID="r2l13"
                         BASELINE="764"
                         HEIGHT="41"
                         WIDTH="843"
                         VPOS="723"
                         HPOS="209">
                  <String HEIGHT="41"
                          WIDTH="152"
                          VPOS="723"
                          HPOS="192"
                          CONTENT="tanto"/>
                  <SP HEIGHT="41" WIDTH="17" VPOS="723" HPOS="344"/>
                  <String HEIGHT="41"
                          WIDTH="202"
                          VPOS="723"
                          HPOS="293"
                          CONTENT="videntur"/>
                  <SP HEIGHT="41" WIDTH="17" VPOS="723" HPOS="496"/>
                  <String HEIGHT="41" WIDTH="118" VPOS="723" HPOS="445" CONTENT="eum"/>
                  <SP HEIGHT="41" WIDTH="17" VPOS="723" HPOS="563"/>
                  <String HEIGHT="41"
                          WIDTH="185"
                          VPOS="723"
                          HPOS="512"
                          CONTENT="ponere,"/>
                  <SP HEIGHT="41" WIDTH="17" VPOS="723" HPOS="698"/>
                  <String HEIGHT="41" WIDTH="101" VPOS="723" HPOS="647" CONTENT="vt"/>
                  <SP HEIGHT="41" WIDTH="17" VPOS="723" HPOS="749"/>
                  <String HEIGHT="41" WIDTH="118" VPOS="723" HPOS="698" CONTENT="Deo"/>
                  <SP HEIGHT="41" WIDTH="17" VPOS="723" HPOS="816"/>
                  <String HEIGHT="41"
                          WIDTH="270"
                          VPOS="723"
                          HPOS="765"
                          CONTENT="conformemur,"/>
                  <SP HEIGHT="41" WIDTH="17" VPOS="723" HPOS="1035"/>
                  <String HEIGHT="41" WIDTH="84" VPOS="723" HPOS="968" CONTENT="Chr"/>
               </TextLine>
               <TextLine ID="r2l14"
                         BASELINE="809"
                         HEIGHT="47"
                         WIDTH="836"
                         VPOS="762"
                         HPOS="213">
                  <String HEIGHT="47" WIDTH="106" VPOS="762" HPOS="198" CONTENT="sto"/>
                  <SP HEIGHT="47" WIDTH="15" VPOS="762" HPOS="304"/>
                  <String HEIGHT="47"
                          WIDTH="258"
                          VPOS="762"
                          HPOS="259"
                          CONTENT="configuremur,"/>
                  <SP HEIGHT="47" WIDTH="15" VPOS="762" HPOS="517"/>
                  <String HEIGHT="47"
                          WIDTH="198"
                          VPOS="762"
                          HPOS="471"
                          CONTENT="fidelibus"/>
                  <SP HEIGHT="47" WIDTH="15" VPOS="762" HPOS="669"/>
                  <String HEIGHT="47"
                          WIDTH="228"
                          VPOS="762"
                          HPOS="623"
                          CONTENT="assimilemur"/>
                  <SP HEIGHT="47" WIDTH="15" VPOS="762" HPOS="851"/>
                  <String HEIGHT="47" WIDTH="91" VPOS="762" HPOS="806" CONTENT="ad"/>
                  <SP HEIGHT="47" WIDTH="15" VPOS="762" HPOS="897"/>
                  <String HEIGHT="47"
                          WIDTH="122"
                          VPOS="762"
                          HPOS="851"
                          CONTENT="vsum"/>
                  <SP HEIGHT="47" WIDTH="15" VPOS="762" HPOS="973"/>
                  <String HEIGHT="47"
                          WIDTH="137"
                          VPOS="762"
                          HPOS="912"
                          CONTENT="virtuo"
                          SUBS_TYPE="HypPart1"
                          SUBS_CONTENT="virtuosorum"/>
                  <HYP CONTENT="-"/>
               </TextLine>
               <TextLine ID="r2l15"
                         BASELINE="849"
                         HEIGHT="47"
                         WIDTH="851"
                         VPOS="802"
                         HPOS="201">
                  <String HEIGHT="47"
                          WIDTH="150"
                          VPOS="802"
                          HPOS="184"
                          CONTENT="sorum"
                          SUBS_TYPE="HypPart2"
                          SUBS_CONTENT="virtuosorum"/>
                  <SP HEIGHT="47" WIDTH="17" VPOS="802" HPOS="334"/>
                  <String HEIGHT="47"
                          WIDTH="167"
                          VPOS="802"
                          HPOS="284"
                          CONTENT="actuum"/>
                  <SP HEIGHT="47" WIDTH="17" VPOS="802" HPOS="451"/>
                  <String HEIGHT="47"
                          WIDTH="234"
                          VPOS="802"
                          HPOS="401"
                          CONTENT="deputemur,"/>
                  <SP HEIGHT="47" WIDTH="17" VPOS="802" HPOS="635"/>
                  <String HEIGHT="47" WIDTH="83" VPOS="802" HPOS="585" CONTENT="&amp;"/>
                  <SP HEIGHT="47" WIDTH="17" VPOS="802" HPOS="668"/>
                  <String HEIGHT="47" WIDTH="100" VPOS="802" HPOS="618" CONTENT="vt"/>
                  <SP HEIGHT="47" WIDTH="17" VPOS="802" HPOS="718"/>
                  <String HEIGHT="47"
                          WIDTH="200"
                          VPOS="802"
                          HPOS="668"
                          CONTENT="mediante"/>
                  <SP HEIGHT="47" WIDTH="17" VPOS="802" HPOS="868"/>
                  <String HEIGHT="47"
                          WIDTH="234"
                          VPOS="802"
                          HPOS="818"
                          CONTENT="charactere"/>
                  <SP HEIGHT="47" WIDTH="17" VPOS="802" HPOS="1052"/>
                  <String HEIGHT="47" WIDTH="67" VPOS="802" HPOS="985" CONTENT="ac"/>
               </TextLine>
               <TextLine ID="r2l16"
                         BASELINE="892"
                         HEIGHT="52"
                         WIDTH="841"
                         VPOS="840"
                         HPOS="211">
                  <String HEIGHT="52"
                          WIDTH="238"
                          VPOS="840"
                          HPOS="195"
                          CONTENT="receptionem"/>
                  <SP HEIGHT="52" WIDTH="16" VPOS="840" HPOS="433"/>
                  <String HEIGHT="52"
                          WIDTH="175"
                          VPOS="840"
                          HPOS="386"
                          CONTENT="gratiae"/>
                  <SP HEIGHT="52" WIDTH="16" VPOS="840" HPOS="560"/>
                  <String HEIGHT="52"
                          WIDTH="238"
                          VPOS="840"
                          HPOS="512"
                          CONTENT="disponamur,"/>
                  <SP HEIGHT="52" WIDTH="16" VPOS="840" HPOS="751"/>
                  <String HEIGHT="52" WIDTH="79" VPOS="840" HPOS="703" CONTENT="&amp;"/>
                  <SP HEIGHT="52" WIDTH="16" VPOS="840" HPOS="782"/>
                  <String HEIGHT="52"
                          WIDTH="254"
                          VPOS="840"
                          HPOS="735"
                          CONTENT="praeparemur:"/>
                  <SP HEIGHT="52" WIDTH="16" VPOS="840" HPOS="989"/>
                  <String HEIGHT="52" WIDTH="111" VPOS="840" HPOS="941" CONTENT="sed"/>
                  <SP HEIGHT="52" WIDTH="16" VPOS="840" HPOS="1052"/>
                  <String HEIGHT="52" WIDTH="63" VPOS="840" HPOS="989" CONTENT="ac"/>
               </TextLine>
               <TextLine ID="r2l17"
                         BASELINE="927"
                         HEIGHT="52"
                         WIDTH="852"
                         VPOS="875"
                         HPOS="209">
                  <String HEIGHT="52"
                          WIDTH="137"
                          VPOS="875"
                          HPOS="194"
                          CONTENT="omnia"/>
                  <SP HEIGHT="52" WIDTH="15" VPOS="875" HPOS="331"/>
                  <String HEIGHT="52"
                          WIDTH="243"
                          VPOS="875"
                          HPOS="285"
                          CONTENT="praecedentia"/>
                  <SP HEIGHT="52" WIDTH="15" VPOS="875" HPOS="529"/>
                  <String HEIGHT="52"
                          WIDTH="167"
                          VPOS="875"
                          HPOS="483"
                          CONTENT="praeter"/>
                  <SP HEIGHT="52" WIDTH="15" VPOS="875" HPOS="650"/>
                  <String HEIGHT="52"
                          WIDTH="167"
                          VPOS="875"
                          HPOS="605"
                          CONTENT="vltimum"/>
                  <SP HEIGHT="52" WIDTH="15" VPOS="875" HPOS="772"/>
                  <String HEIGHT="52"
                          WIDTH="213"
                          VPOS="875"
                          HPOS="726"
                          CONTENT="sufficiunt"/>
                  <SP HEIGHT="52" WIDTH="15" VPOS="875" HPOS="939"/>
                  <String HEIGHT="52"
                          WIDTH="137"
                          VPOS="875"
                          HPOS="894"
                          CONTENT="fides"/>
                  <SP HEIGHT="52" WIDTH="15" VPOS="875" HPOS="1031"/>
                  <String HEIGHT="52"
                          WIDTH="91"
                          VPOS="875"
                          HPOS="970"
                          CONTENT="gra"
                          SUBS_TYPE="HypPart1"
                          SUBS_CONTENT="gratia,"/>
                  <HYP CONTENT="-"/>
               </TextLine>
               <TextLine ID="r2l18"
                         BASELINE="963"
                         HEIGHT="45"
                         WIDTH="845"
                         VPOS="918"
                         HPOS="210">
                  <String HEIGHT="45"
                          WIDTH="121"
                          VPOS="918"
                          HPOS="195"
                          CONTENT="tia,"
                          SUBS_TYPE="HypPart2"
                          SUBS_CONTENT="gratia,"/>
                  <SP HEIGHT="45" WIDTH="15" VPOS="918" HPOS="316"/>
                  <String HEIGHT="45" WIDTH="75" VPOS="918" HPOS="270" CONTENT="&amp;"/>
                  <SP HEIGHT="45" WIDTH="15" VPOS="918" HPOS="346"/>
                  <String HEIGHT="45"
                          WIDTH="181"
                          VPOS="918"
                          HPOS="301"
                          CONTENT="caritas,"/>
                  <SP HEIGHT="45" WIDTH="15" VPOS="918" HPOS="482"/>
                  <String HEIGHT="45"
                          WIDTH="121"
                          VPOS="918"
                          HPOS="436"
                          CONTENT="quae"/>
                  <SP HEIGHT="45" WIDTH="15" VPOS="918" HPOS="557"/>
                  <String HEIGHT="45"
                          WIDTH="121"
                          VPOS="918"
                          HPOS="512"
                          CONTENT="deus"/>
                  <SP HEIGHT="45" WIDTH="15" VPOS="918" HPOS="633"/>
                  <String HEIGHT="45"
                          WIDTH="136"
                          VPOS="918"
                          HPOS="587"
                          CONTENT="nobis"/>
                  <SP HEIGHT="45" WIDTH="15" VPOS="918" HPOS="723"/>
                  <String HEIGHT="45"
                          WIDTH="196"
                          VPOS="918"
                          HPOS="678"
                          CONTENT="infundit,"/>
                  <SP HEIGHT="45" WIDTH="15" VPOS="918" HPOS="874"/>
                  <String HEIGHT="45" WIDTH="106" VPOS="918" HPOS="829" CONTENT="cum"/>
                  <SP HEIGHT="45" WIDTH="15" VPOS="918" HPOS="934"/>
                  <String HEIGHT="45"
                          WIDTH="181"
                          VPOS="918"
                          HPOS="874"
                          CONTENT="suscipimus"/>
               </TextLine>
               <TextLine ID="r2l19"
                         BASELINE="1001"
                         HEIGHT="41"
                         WIDTH="855"
                         VPOS="960"
                         HPOS="201">
                  <String HEIGHT="41"
                          WIDTH="251"
                          VPOS="960"
                          HPOS="184"
                          CONTENT="sacramenta:"/>
                  <SP HEIGHT="41" WIDTH="17" VPOS="960" HPOS="436"/>
                  <String HEIGHT="41" WIDTH="117" VPOS="960" HPOS="385" CONTENT="Nec"/>
                  <SP HEIGHT="41" WIDTH="17" VPOS="960" HPOS="503"/>
                  <String HEIGHT="41"
                          WIDTH="151"
                          VPOS="960"
                          HPOS="452"
                          CONTENT="etiam"/>
                  <SP HEIGHT="41" WIDTH="17" VPOS="960" HPOS="603"/>
                  <String HEIGHT="41"
                          WIDTH="184"
                          VPOS="960"
                          HPOS="553"
                          CONTENT="vltimum"/>
                  <SP HEIGHT="41" WIDTH="17" VPOS="960" HPOS="737"/>
                  <String HEIGHT="41" WIDTH="117" VPOS="960" HPOS="687" CONTENT="est"/>
                  <SP HEIGHT="41" WIDTH="17" VPOS="960" HPOS="805"/>
                  <String HEIGHT="41"
                          WIDTH="268"
                          VPOS="960"
                          HPOS="754"
                          CONTENT="necessarium:"/>
                  <SP HEIGHT="41" WIDTH="17" VPOS="960" HPOS="1022"/>
                  <String HEIGHT="41"
                          WIDTH="101"
                          VPOS="960"
                          HPOS="955"
                          CONTENT="quia"/>
               </TextLine>
               <TextLine ID="r2l20"
                         BASELINE="1045"
                         HEIGHT="48"
                         WIDTH="851"
                         VPOS="997"
                         HPOS="213">
                  <String HEIGHT="48"
                          WIDTH="205"
                          VPOS="997"
                          HPOS="198"
                          CONTENT="disposito,"/>
                  <SP HEIGHT="48" WIDTH="15" VPOS="997" HPOS="404"/>
                  <String HEIGHT="48" WIDTH="103" VPOS="997" HPOS="360" CONTENT="vel"/>
                  <SP HEIGHT="48" WIDTH="15" VPOS="997" HPOS="462"/>
                  <String HEIGHT="48"
                          WIDTH="205"
                          VPOS="997"
                          HPOS="418"
                          CONTENT="requiritur"/>
                  <SP HEIGHT="48" WIDTH="15" VPOS="997" HPOS="624"/>
                  <String HEIGHT="48"
                          WIDTH="161"
                          VPOS="997"
                          HPOS="580"
                          CONTENT="propter"/>
                  <SP HEIGHT="48" WIDTH="15" VPOS="997" HPOS="741"/>
                  <String HEIGHT="48"
                          WIDTH="264"
                          VPOS="997"
                          HPOS="697"
                          CONTENT="indispositonem"/>
                  <SP HEIGHT="48" WIDTH="15" VPOS="997" HPOS="961"/>
                  <String HEIGHT="48"
                          WIDTH="161"
                          VPOS="997"
                          HPOS="903"
                          CONTENT="subiecti,"/>
               </TextLine>
               <TextLine ID="r2l21"
                         BASELINE="1085"
                         HEIGHT="43"
                         WIDTH="854"
                         VPOS="1042"
                         HPOS="213">
                  <String HEIGHT="43"
                          WIDTH="115"
                          VPOS="1042"
                          HPOS="197"
                          CONTENT="vel"/>
                  <SP HEIGHT="43" WIDTH="16" VPOS="1042" HPOS="312"/>
                  <String HEIGHT="43"
                          WIDTH="181"
                          VPOS="1042"
                          HPOS="262"
                          CONTENT="propter"/>
                  <SP HEIGHT="43" WIDTH="16" VPOS="1042" HPOS="443"/>
                  <String HEIGHT="43"
                          WIDTH="246"
                          VPOS="1042"
                          HPOS="394"
                          CONTENT="impotentiam"/>
                  <SP HEIGHT="43" WIDTH="16" VPOS="1042" HPOS="640"/>
                  <String HEIGHT="43"
                          WIDTH="197"
                          VPOS="1042"
                          HPOS="591"
                          CONTENT="agentis:"/>
                  <SP HEIGHT="43" WIDTH="16" VPOS="1042" HPOS="788"/>
                  <String HEIGHT="43"
                          WIDTH="115"
                          VPOS="1042"
                          HPOS="739"
                          CONTENT="sed"/>
                  <SP HEIGHT="43" WIDTH="16" VPOS="1042" HPOS="854"/>
                  <String HEIGHT="43"
                          WIDTH="181"
                          VPOS="1042"
                          HPOS="804"
                          CONTENT="propter"/>
                  <SP HEIGHT="43" WIDTH="16" VPOS="1042" HPOS="985"/>
                  <String HEIGHT="43"
                          WIDTH="148"
                          VPOS="1042"
                          HPOS="919"
                          CONTENT="neutrum"/>
               </TextLine>
               <TextLine ID="r2l22"
                         BASELINE="1129"
                         HEIGHT="51"
                         WIDTH="855"
                         VPOS="1078"
                         HPOS="210">
                  <String HEIGHT="51"
                          WIDTH="181"
                          VPOS="1078"
                          HPOS="194"
                          CONTENT="istorum"/>
                  <SP HEIGHT="51" WIDTH="16" VPOS="1078" HPOS="374"/>
                  <String HEIGHT="51"
                          WIDTH="197"
                          VPOS="1078"
                          HPOS="325"
                          CONTENT="ponendus"/>
                  <SP HEIGHT="51" WIDTH="16" VPOS="1078" HPOS="522"/>
                  <String HEIGHT="51"
                          WIDTH="115"
                          VPOS="1078"
                          HPOS="473"
                          CONTENT="est"/>
                  <SP HEIGHT="51" WIDTH="16" VPOS="1078" HPOS="588"/>
                  <String HEIGHT="51"
                          WIDTH="230"
                          VPOS="1078"
                          HPOS="539"
                          CONTENT="character:"/>
                  <SP HEIGHT="51" WIDTH="16" VPOS="1078" HPOS="769"/>
                  <String HEIGHT="51"
                          WIDTH="132"
                          VPOS="1078"
                          HPOS="720"
                          CONTENT="quia"/>
                  <SP HEIGHT="51" WIDTH="16" VPOS="1078" HPOS="851"/>
                  <String HEIGHT="51"
                          WIDTH="148"
                          VPOS="1078"
                          HPOS="802"
                          CONTENT="anima"/>
                  <SP HEIGHT="51" WIDTH="16" VPOS="1078" HPOS="950"/>
                  <String HEIGHT="51"
                          WIDTH="115"
                          VPOS="1078"
                          HPOS="901"
                          CONTENT="est"/>
                  <SP HEIGHT="51" WIDTH="16" VPOS="1078" HPOS="1016"/>
                  <String HEIGHT="51"
                          WIDTH="115"
                          VPOS="1078"
                          HPOS="950"
                          CONTENT="summe"/>
               </TextLine>
               <TextLine ID="r2l23"
                         BASELINE="1165"
                         HEIGHT="47"
                         WIDTH="854"
                         VPOS="1118"
                         HPOS="202">
                  <String HEIGHT="47"
                          WIDTH="188"
                          VPOS="1118"
                          HPOS="188"
                          CONTENT="disposita"/>
                  <SP HEIGHT="47" WIDTH="14" VPOS="1118" HPOS="376"/>
                  <String HEIGHT="47" WIDTH="87" VPOS="1118" HPOS="332" CONTENT="ad"/>
                  <SP HEIGHT="47" WIDTH="14" VPOS="1118" HPOS="419"/>
                  <String HEIGHT="47"
                          WIDTH="159"
                          VPOS="1118"
                          HPOS="376"
                          CONTENT="gratiam"/>
                  <SP HEIGHT="47" WIDTH="14" VPOS="1118" HPOS="535"/>
                  <String HEIGHT="47" WIDTH="87" VPOS="1118" HPOS="491" CONTENT="ex"/>
                  <SP HEIGHT="47" WIDTH="14" VPOS="1118" HPOS="578"/>
                  <String HEIGHT="47"
                          WIDTH="101"
                          VPOS="1118"
                          HPOS="535"
                          CONTENT="se,"/>
                  <SP HEIGHT="47" WIDTH="14" VPOS="1118" HPOS="636"/>
                  <String HEIGHT="47" WIDTH="72" VPOS="1118" HPOS="593" CONTENT="&amp;"/>
                  <SP HEIGHT="47" WIDTH="14" VPOS="1118" HPOS="665"/>
                  <String HEIGHT="47" WIDTH="87" VPOS="1118" HPOS="622" CONTENT="in"/>
                  <SP HEIGHT="47" WIDTH="14" VPOS="1118" HPOS="709"/>
                  <String HEIGHT="47"
                          WIDTH="116"
                          VPOS="1118"
                          HPOS="665"
                          CONTENT="Deo,"/>
                  <SP HEIGHT="47" WIDTH="14" VPOS="1118" HPOS="781"/>
                  <String HEIGHT="47"
                          WIDTH="101"
                          VPOS="1118"
                          HPOS="738"
                          CONTENT="qui"/>
                  <SP HEIGHT="47" WIDTH="14" VPOS="1118" HPOS="839"/>
                  <String HEIGHT="47"
                          WIDTH="159"
                          VPOS="1118"
                          HPOS="795"
                          CONTENT="efficit"/>
                  <SP HEIGHT="47" WIDTH="14" VPOS="1118" HPOS="955"/>
                  <String HEIGHT="47"
                          WIDTH="174"
                          VPOS="1118"
                          HPOS="911"
                          CONTENT="gratiam,"/>
                  <SP HEIGHT="47" WIDTH="14" VPOS="1118" HPOS="1085"/>
                  <String HEIGHT="47" WIDTH="29" VPOS="1118" HPOS="1027" CONTENT=""/>
               </TextLine>
               <TextLine ID="r2l24"
                         BASELINE="1207"
                         HEIGHT="53"
                         WIDTH="314"
                         VPOS="1154"
                         HPOS="205">
                  <String HEIGHT="53"
                          WIDTH="141"
                          VPOS="1154"
                          HPOS="189"
                          CONTENT="nulla"/>
                  <SP HEIGHT="53" WIDTH="16" VPOS="1154" HPOS="331"/>
                  <String HEIGHT="53"
                          WIDTH="110"
                          VPOS="1154"
                          HPOS="284"
                          CONTENT="est"/>
                  <SP HEIGHT="53" WIDTH="16" VPOS="1154" HPOS="393"/>
                  <String HEIGHT="53"
                          WIDTH="188"
                          VPOS="1154"
                          HPOS="331"
                          CONTENT="impotentia"/>
               </TextLine>
               <TextLine ID="r2l25"
                         BASELINE="1245"
                         HEIGHT="59"
                         WIDTH="848"
                         VPOS="1186"
                         HPOS="213">
                  <String HEIGHT="59" WIDTH="85" VPOS="1186" HPOS="196" CONTENT="2"/>
                  <SP HEIGHT="59" WIDTH="17" VPOS="1186" HPOS="281"/>
                  <String HEIGHT="59"
                          WIDTH="237"
                          VPOS="1186"
                          HPOS="230"
                          CONTENT="Praeterea,"/>
                  <SP HEIGHT="59" WIDTH="17" VPOS="1186" HPOS="467"/>
                  <String HEIGHT="59"
                          WIDTH="136"
                          VPOS="1186"
                          HPOS="417"
                          CONTENT="omne"/>
                  <SP HEIGHT="59" WIDTH="17" VPOS="1186" HPOS="552"/>
                  <String HEIGHT="59"
                          WIDTH="153"
                          VPOS="1186"
                          HPOS="501"
                          CONTENT="donum"/>
                  <SP HEIGHT="59" WIDTH="17" VPOS="1186" HPOS="654"/>
                  <String HEIGHT="59"
                          WIDTH="119"
                          VPOS="1186"
                          HPOS="603"
                          CONTENT="Dei"/>
                  <SP HEIGHT="59" WIDTH="17" VPOS="1186" HPOS="722"/>
                  <String HEIGHT="59"
                          WIDTH="305"
                          VPOS="1186"
                          HPOS="671"
                          CONTENT="supernaturale,"/>
                  <SP HEIGHT="59" WIDTH="17" VPOS="1186" HPOS="976"/>
                  <String HEIGHT="59"
                          WIDTH="119"
                          VPOS="1186"
                          HPOS="925"
                          CONTENT="aut"/>
                  <SP HEIGHT="59" WIDTH="17" VPOS="1186" HPOS="1044"/>
                  <String HEIGHT="59" WIDTH="85" VPOS="1186" HPOS="976" CONTENT="est"/>
               </TextLine>
               <TextLine ID="r2l26"
                         BASELINE="1285"
                         HEIGHT="55"
                         WIDTH="860"
                         VPOS="1230"
                         HPOS="204">
                  <String HEIGHT="55"
                          WIDTH="156"
                          VPOS="1230"
                          HPOS="188"
                          CONTENT="gratis"/>
                  <SP HEIGHT="55" WIDTH="16" VPOS="1230" HPOS="345"/>
                  <String HEIGHT="55"
                          WIDTH="156"
                          VPOS="1230"
                          HPOS="298"
                          CONTENT="datum,"/>
                  <SP HEIGHT="55" WIDTH="16" VPOS="1230" HPOS="454"/>
                  <String HEIGHT="55"
                          WIDTH="109"
                          VPOS="1230"
                          HPOS="407"
                          CONTENT="aut"/>
                  <SP HEIGHT="55" WIDTH="16" VPOS="1230" HPOS="517"/>
                  <String HEIGHT="55"
                          WIDTH="156"
                          VPOS="1230"
                          HPOS="470"
                          CONTENT="gratum"/>
                  <SP HEIGHT="55" WIDTH="16" VPOS="1230" HPOS="626"/>
                  <String HEIGHT="55"
                          WIDTH="188"
                          VPOS="1230"
                          HPOS="579"
                          CONTENT="faciens:"/>
                  <SP HEIGHT="55" WIDTH="16" VPOS="1230" HPOS="767"/>
                  <String HEIGHT="55"
                          WIDTH="109"
                          VPOS="1230"
                          HPOS="720"
                          CONTENT="sed"/>
                  <SP HEIGHT="55" WIDTH="16" VPOS="1230" HPOS="829"/>
                  <String HEIGHT="55"
                          WIDTH="203"
                          VPOS="1230"
                          HPOS="783"
                          CONTENT="character"/>
                  <SP HEIGHT="55" WIDTH="16" VPOS="1230" HPOS="986"/>
                  <String HEIGHT="55"
                          WIDTH="109"
                          VPOS="1230"
                          HPOS="939"
                          CONTENT="non"/>
                  <SP HEIGHT="55" WIDTH="16" VPOS="1230" HPOS="1048"/>
                  <String HEIGHT="55" WIDTH="78" VPOS="1230" HPOS="986" CONTENT="est"/>
               </TextLine>
               <TextLine ID="r2l27"
                         BASELINE="1320"
                         HEIGHT="37"
                         WIDTH="850"
                         VPOS="1283"
                         HPOS="205">
                  <String HEIGHT="37"
                          WIDTH="144"
                          VPOS="1283"
                          HPOS="189"
                          CONTENT="donum"/>
                  <SP HEIGHT="37" WIDTH="16" VPOS="1283" HPOS="333"/>
                  <String HEIGHT="37"
                          WIDTH="273"
                          VPOS="1283"
                          HPOS="285"
                          CONTENT="supernaturale"/>
                  <SP HEIGHT="37" WIDTH="16" VPOS="1283" HPOS="558"/>
                  <String HEIGHT="37"
                          WIDTH="160"
                          VPOS="1283"
                          HPOS="510"
                          CONTENT="gratis"/>
                  <SP HEIGHT="37" WIDTH="16" VPOS="1283" HPOS="670"/>
                  <String HEIGHT="37"
                          WIDTH="160"
                          VPOS="1283"
                          HPOS="622"
                          CONTENT="datum:"/>
                  <SP HEIGHT="37" WIDTH="16" VPOS="1283" HPOS="782"/>
                  <String HEIGHT="37"
                          WIDTH="128"
                          VPOS="1283"
                          HPOS="734"
                          CONTENT="quia"/>
                  <SP HEIGHT="37" WIDTH="16" VPOS="1283" HPOS="863"/>
                  <String HEIGHT="37"
                          WIDTH="144"
                          VPOS="1283"
                          HPOS="814"
                          CONTENT="talia"/>
                  <SP HEIGHT="37" WIDTH="16" VPOS="1283" HPOS="959"/>
                  <String HEIGHT="37"
                          WIDTH="128"
                          VPOS="1283"
                          HPOS="911"
                          CONTENT="dona"/>
                  <SP HEIGHT="37" WIDTH="16" VPOS="1283" HPOS="1039"/>
                  <String HEIGHT="37"
                          WIDTH="80"
                          VPOS="1283"
                          HPOS="975"
                          CONTENT="nu"
                          SUBS_TYPE="HypPart1"
                          SUBS_CONTENT="numerat"/>
                  <HYP CONTENT="-"/>
               </TextLine>
               <TextLine ID="r2l28"
                         BASELINE="1363"
                         HEIGHT="50"
                         WIDTH="850"
                         VPOS="1313"
                         HPOS="205">
                  <String HEIGHT="50"
                          WIDTH="144"
                          VPOS="1313"
                          HPOS="189"
                          CONTENT="merat"
                          SUBS_TYPE="HypPart2"
                          SUBS_CONTENT="numerat"/>
                  <SP HEIGHT="50" WIDTH="16" VPOS="1313" HPOS="333"/>
                  <String HEIGHT="50"
                          WIDTH="225"
                          VPOS="1313"
                          HPOS="285"
                          CONTENT="Apostolus,"/>
                  <SP HEIGHT="50" WIDTH="16" VPOS="1313" HPOS="510"/>
                  <String HEIGHT="50" WIDTH="80" VPOS="1313" HPOS="462" CONTENT="&amp;"/>
                  <SP HEIGHT="50" WIDTH="16" VPOS="1313" HPOS="542"/>
                  <String HEIGHT="50"
                          WIDTH="176"
                          VPOS="1313"
                          HPOS="494"
                          CONTENT="interea"/>
                  <SP HEIGHT="50" WIDTH="16" VPOS="1313" HPOS="670"/>
                  <String HEIGHT="50"
                          WIDTH="112"
                          VPOS="1313"
                          HPOS="622"
                          CONTENT="non"/>
                  <SP HEIGHT="50" WIDTH="16" VPOS="1313" HPOS="734"/>
                  <String HEIGHT="50"
                          WIDTH="225"
                          VPOS="1313"
                          HPOS="686"
                          CONTENT="connumerat"/>
                  <SP HEIGHT="50" WIDTH="16" VPOS="1313" HPOS="911"/>
                  <String HEIGHT="50"
                          WIDTH="208"
                          VPOS="1313"
                          HPOS="847"
                          CONTENT="characterem"/>
               </TextLine>
               <TextLine ID="r2l29"
                         BASELINE="1403"
                         HEIGHT="50"
                         WIDTH="840"
                         VPOS="1353"
                         HPOS="214">
                  <String HEIGHT="50"
                          WIDTH="107"
                          VPOS="1353"
                          HPOS="199"
                          CONTENT="Nec"/>
                  <SP HEIGHT="50" WIDTH="15" VPOS="1353" HPOS="306"/>
                  <String HEIGHT="50"
                          WIDTH="153"
                          VPOS="1353"
                          HPOS="260"
                          CONTENT="gratum"/>
                  <SP HEIGHT="50" WIDTH="15" VPOS="1353" HPOS="413"/>
                  <String HEIGHT="50"
                          WIDTH="183"
                          VPOS="1353"
                          HPOS="367"
                          CONTENT="faciens:"/>
                  <SP HEIGHT="50" WIDTH="15" VPOS="1353" HPOS="550"/>
                  <String HEIGHT="50"
                          WIDTH="122"
                          VPOS="1353"
                          HPOS="504"
                          CONTENT="quia"/>
                  <SP HEIGHT="50" WIDTH="15" VPOS="1353" HPOS="626"/>
                  <String HEIGHT="50"
                          WIDTH="137"
                          VPOS="1353"
                          HPOS="581"
                          CONTENT="etiam"/>
                  <SP HEIGHT="50" WIDTH="15" VPOS="1353" HPOS="718"/>
                  <String HEIGHT="50"
                          WIDTH="183"
                          VPOS="1353"
                          HPOS="672"
                          CONTENT="ponentes"/>
                  <SP HEIGHT="50" WIDTH="15" VPOS="1353" HPOS="855"/>
                  <String HEIGHT="50"
                          WIDTH="229"
                          VPOS="1353"
                          HPOS="810"
                          CONTENT="characterem"/>
                  <SP HEIGHT="50" WIDTH="15" VPOS="1353" HPOS="1039"/>
                  <String HEIGHT="50"
                          WIDTH="76"
                          VPOS="1353"
                          HPOS="978"
                          CONTENT="di"
                          SUBS_TYPE="HypPart1"
                          SUBS_CONTENT="dicunt,"/>
                  <HYP CONTENT="-"/>
               </TextLine>
               <TextLine ID="r2l30"
                         BASELINE="1437"
                         HEIGHT="46"
                         WIDTH="818"
                         VPOS="1391"
                         HPOS="211">
                  <String HEIGHT="46"
                          WIDTH="136"
                          VPOS="1391"
                          HPOS="196"
                          CONTENT="cunt,"
                          SUBS_TYPE="HypPart2"
                          SUBS_CONTENT="dicunt,"/>
                  <SP HEIGHT="46" WIDTH="15" VPOS="1391" HPOS="332"/>
                  <String HEIGHT="46"
                          WIDTH="121"
                          VPOS="1391"
                          HPOS="287"
                          CONTENT="quod"/>
                  <SP HEIGHT="46" WIDTH="15" VPOS="1391" HPOS="408"/>
                  <String HEIGHT="46"
                          WIDTH="197"
                          VPOS="1391"
                          HPOS="362"
                          CONTENT="character"/>
                  <SP HEIGHT="46" WIDTH="15" VPOS="1391" HPOS="559"/>
                  <String HEIGHT="46"
                          WIDTH="151"
                          VPOS="1391"
                          HPOS="514"
                          CONTENT="potest"/>
                  <SP HEIGHT="46" WIDTH="15" VPOS="1391" HPOS="665"/>
                  <String HEIGHT="46"
                          WIDTH="136"
                          VPOS="1391"
                          HPOS="620"
                          CONTENT="stare"/>
                  <SP HEIGHT="46" WIDTH="15" VPOS="1391" HPOS="756"/>
                  <String HEIGHT="46"
                          WIDTH="106"
                          VPOS="1391"
                          HPOS="711"
                          CONTENT="cum"/>
                  <SP HEIGHT="46" WIDTH="15" VPOS="1391" HPOS="817"/>
                  <String HEIGHT="46"
                          WIDTH="167"
                          VPOS="1391"
                          HPOS="771"
                          CONTENT="mortali"/>
                  <SP HEIGHT="46" WIDTH="15" VPOS="1391" HPOS="938"/>
                  <String HEIGHT="46"
                          WIDTH="151"
                          VPOS="1391"
                          HPOS="878"
                          CONTENT="peccato."/>
               </TextLine>
               <TextLine ID="r2l31"
                         BASELINE="1483"
                         HEIGHT="48"
                         WIDTH="833"
                         VPOS="1435"
                         HPOS="225">
                  <String HEIGHT="48" WIDTH="73" VPOS="1435" HPOS="210" CONTENT="3"/>
                  <SP HEIGHT="48" WIDTH="15" VPOS="1435" HPOS="283"/>
                  <String HEIGHT="48"
                          WIDTH="205"
                          VPOS="1435"
                          HPOS="240"
                          CONTENT="Praeterea,"/>
                  <SP HEIGHT="48" WIDTH="15" VPOS="1435" HPOS="444"/>
                  <String HEIGHT="48" WIDTH="88" VPOS="1435" HPOS="400" CONTENT="si"/>
                  <SP HEIGHT="48" WIDTH="15" VPOS="1435" HPOS="488"/>
                  <String HEIGHT="48"
                          WIDTH="190"
                          VPOS="1435"
                          HPOS="444"
                          CONTENT="character"/>
                  <SP HEIGHT="48" WIDTH="15" VPOS="1435" HPOS="634"/>
                  <String HEIGHT="48"
                          WIDTH="132"
                          VPOS="1435"
                          HPOS="590"
                          CONTENT="esset"/>
                  <SP HEIGHT="48" WIDTH="15" VPOS="1435" HPOS="722"/>
                  <String HEIGHT="48"
                          WIDTH="161"
                          VPOS="1435"
                          HPOS="678"
                          CONTENT="aliquid"/>
                  <SP HEIGHT="48" WIDTH="15" VPOS="1435" HPOS="839"/>
                  <String HEIGHT="48"
                          WIDTH="146"
                          VPOS="1435"
                          HPOS="795"
                          CONTENT="reale,"/>
                  <SP HEIGHT="48" WIDTH="15" VPOS="1435" HPOS="941"/>
                  <String HEIGHT="48"
                          WIDTH="102"
                          VPOS="1435"
                          HPOS="897"
                          CONTENT="vel"/>
                  <SP HEIGHT="48" WIDTH="15" VPOS="1435" HPOS="1000"/>
                  <String HEIGHT="48"
                          WIDTH="117"
                          VPOS="1435"
                          HPOS="941"
                          CONTENT="conue"
                          SUBS_TYPE="HypPart1"
                          SUBS_CONTENT="conueniret"/>
                  <HYP CONTENT="-"/>
               </TextLine>
               <TextLine ID="r2l32"
                         BASELINE="1518"
                         HEIGHT="46"
                         WIDTH="852"
                         VPOS="1472"
                         HPOS="207">
                  <String HEIGHT="46"
                          WIDTH="139"
                          VPOS="1472"
                          HPOS="192"
                          CONTENT="niret"
                          SUBS_TYPE="HypPart2"
                          SUBS_CONTENT="conueniret"/>
                  <SP HEIGHT="46" WIDTH="15" VPOS="1472" HPOS="331"/>
                  <String HEIGHT="46"
                          WIDTH="155"
                          VPOS="1472"
                          HPOS="284"
                          CONTENT="homini"/>
                  <SP HEIGHT="46" WIDTH="15" VPOS="1472" HPOS="439"/>
                  <String HEIGHT="46"
                          WIDTH="248"
                          VPOS="1472"
                          HPOS="393"
                          CONTENT="naturaliter,"/>
                  <SP HEIGHT="46" WIDTH="15" VPOS="1472" HPOS="641"/>
                  <String HEIGHT="46"
                          WIDTH="108"
                          VPOS="1472"
                          HPOS="594"
                          CONTENT="vel"/>
                  <SP HEIGHT="46" WIDTH="15" VPOS="1472" HPOS="703"/>
                  <String HEIGHT="46"
                          WIDTH="139"
                          VPOS="1472"
                          HPOS="656"
                          CONTENT="esset"/>
                  <SP HEIGHT="46" WIDTH="15" VPOS="1472" HPOS="796"/>
                  <String HEIGHT="46"
                          WIDTH="263"
                          VPOS="1472"
                          HPOS="749"
                          CONTENT="supernaturale"/>
                  <SP HEIGHT="46" WIDTH="15" VPOS="1472" HPOS="1013"/>
                  <String HEIGHT="46"
                          WIDTH="108"
                          VPOS="1472"
                          HPOS="951"
                          CONTENT="donum"/>
               </TextLine>
               <TextLine ID="r2l33"
                         BASELINE="1559"
                         HEIGHT="47"
                         WIDTH="848"
                         VPOS="1512"
                         HPOS="213">
                  <String HEIGHT="47"
                          WIDTH="128"
                          VPOS="1512"
                          HPOS="197"
                          CONTENT="Dei."/>
                  <SP HEIGHT="47" WIDTH="16" VPOS="1512" HPOS="325"/>
                  <String HEIGHT="47"
                          WIDTH="112"
                          VPOS="1512"
                          HPOS="277"
                          CONTENT="Non"/>
                  <SP HEIGHT="47" WIDTH="16" VPOS="1512" HPOS="389"/>
                  <String HEIGHT="47"
                          WIDTH="160"
                          VPOS="1512"
                          HPOS="341"
                          CONTENT="potest"/>
                  <SP HEIGHT="47" WIDTH="16" VPOS="1512" HPOS="501"/>
                  <String HEIGHT="47"
                          WIDTH="128"
                          VPOS="1512"
                          HPOS="453"
                          CONTENT="dari"/>
                  <SP HEIGHT="47" WIDTH="16" VPOS="1512" HPOS="581"/>
                  <String HEIGHT="47"
                          WIDTH="176"
                          VPOS="1512"
                          HPOS="533"
                          CONTENT="primum,"/>
                  <SP HEIGHT="47" WIDTH="16" VPOS="1512" HPOS="709"/>
                  <String HEIGHT="47" WIDTH="96" VPOS="1512" HPOS="661" CONTENT="vt"/>
                  <SP HEIGHT="47" WIDTH="16" VPOS="1512" HPOS="757"/>
                  <String HEIGHT="47"
                          WIDTH="144"
                          VPOS="1512"
                          HPOS="709"
                          CONTENT="etiam"/>
                  <SP HEIGHT="47" WIDTH="16" VPOS="1512" HPOS="853"/>
                  <String HEIGHT="47"
                          WIDTH="128"
                          VPOS="1512"
                          HPOS="805"
                          CONTENT="illi"/>
                  <SP HEIGHT="47" WIDTH="16" VPOS="1512" HPOS="933"/>
                  <String HEIGHT="47"
                          WIDTH="192"
                          VPOS="1512"
                          HPOS="869"
                          CONTENT="concedunt,"/>
               </TextLine>
               <TextLine ID="r2l34"
                         BASELINE="1602"
                         HEIGHT="51"
                         WIDTH="836"
                         VPOS="1551"
                         HPOS="216">
                  <String HEIGHT="51"
                          WIDTH="106"
                          VPOS="1551"
                          HPOS="201"
                          CONTENT="qui"/>
                  <SP HEIGHT="51" WIDTH="15" VPOS="1551" HPOS="307"/>
                  <String HEIGHT="51"
                          WIDTH="152"
                          VPOS="1551"
                          HPOS="262"
                          CONTENT="ponunt"/>
                  <SP HEIGHT="51" WIDTH="15" VPOS="1551" HPOS="414"/>
                  <String HEIGHT="51"
                          WIDTH="228"
                          VPOS="1551"
                          HPOS="368"
                          CONTENT="characterem"/>
                  <SP HEIGHT="51" WIDTH="15" VPOS="1551" HPOS="596"/>
                  <String HEIGHT="51"
                          WIDTH="122"
                          VPOS="1551"
                          HPOS="550"
                          CONTENT="esse"/>
                  <SP HEIGHT="51" WIDTH="15" VPOS="1551" HPOS="672"/>
                  <String HEIGHT="51"
                          WIDTH="167"
                          VPOS="1551"
                          HPOS="626"
                          CONTENT="aliquid"/>
                  <SP HEIGHT="51" WIDTH="15" VPOS="1551" HPOS="794"/>
                  <String HEIGHT="51"
                          WIDTH="152"
                          VPOS="1551"
                          HPOS="748"
                          CONTENT="reale."/>
                  <SP HEIGHT="51" WIDTH="15" VPOS="1551" HPOS="900"/>
                  <String HEIGHT="51"
                          WIDTH="106"
                          VPOS="1551"
                          HPOS="854"
                          CONTENT="Nec"/>
                  <SP HEIGHT="51" WIDTH="15" VPOS="1551" HPOS="961"/>
                  <String HEIGHT="51"
                          WIDTH="152"
                          VPOS="1551"
                          HPOS="900"
                          CONTENT="secundum"/>
               </TextLine>
               <TextLine ID="r2l35"
                         BASELINE="1638"
                         HEIGHT="53"
                         WIDTH="851"
                         VPOS="1585"
                         HPOS="207">
                  <String HEIGHT="53"
                          WIDTH="124"
                          VPOS="1585"
                          HPOS="192"
                          CONTENT="quia"/>
                  <SP HEIGHT="53" WIDTH="15" VPOS="1585" HPOS="315"/>
                  <String HEIGHT="53"
                          WIDTH="155"
                          VPOS="1585"
                          HPOS="269"
                          CONTENT="nullus"/>
                  <SP HEIGHT="53" WIDTH="15" VPOS="1585" HPOS="424"/>
                  <String HEIGHT="53"
                          WIDTH="170"
                          VPOS="1585"
                          HPOS="377"
                          CONTENT="recipit"/>
                  <SP HEIGHT="53" WIDTH="15" VPOS="1585" HPOS="547"/>
                  <String HEIGHT="53"
                          WIDTH="263"
                          VPOS="1585"
                          HPOS="501"
                          CONTENT="supernaturale"/>
                  <SP HEIGHT="53" WIDTH="15" VPOS="1585" HPOS="764"/>
                  <String HEIGHT="53"
                          WIDTH="139"
                          VPOS="1585"
                          HPOS="718"
                          CONTENT="donum"/>
                  <SP HEIGHT="53" WIDTH="15" VPOS="1585" HPOS="857"/>
                  <String HEIGHT="53"
                          WIDTH="124"
                          VPOS="1585"
                          HPOS="810"
                          CONTENT="Dei,"/>
                  <SP HEIGHT="53" WIDTH="15" VPOS="1585" HPOS="934"/>
                  <String HEIGHT="53"
                          WIDTH="108"
                          VPOS="1585"
                          HPOS="888"
                          CONTENT="per"/>
                  <SP HEIGHT="53" WIDTH="15" VPOS="1585" HPOS="996"/>
                  <String HEIGHT="53"
                          WIDTH="124"
                          VPOS="1585"
                          HPOS="934"
                          CONTENT="illud;"/>
               </TextLine>
               <TextLine ID="r2l36"
                         BASELINE="1673"
                         HEIGHT="43"
                         WIDTH="845"
                         VPOS="1630"
                         HPOS="216">
                  <String HEIGHT="43"
                          WIDTH="114"
                          VPOS="1630"
                          HPOS="200"
                          CONTENT="quo"/>
                  <SP HEIGHT="43" WIDTH="16" VPOS="1630" HPOS="314"/>
                  <String HEIGHT="43"
                          WIDTH="228"
                          VPOS="1630"
                          HPOS="265"
                          CONTENT="mortaliter"/>
                  <SP HEIGHT="43" WIDTH="16" VPOS="1630" HPOS="492"/>
                  <String HEIGHT="43"
                          WIDTH="179"
                          VPOS="1630"
                          HPOS="444"
                          CONTENT="peccat:"/>
                  <SP HEIGHT="43" WIDTH="16" VPOS="1630" HPOS="622"/>
                  <String HEIGHT="43"
                          WIDTH="114"
                          VPOS="1630"
                          HPOS="574"
                          CONTENT="sed"/>
                  <SP HEIGHT="43" WIDTH="16" VPOS="1630" HPOS="687"/>
                  <String HEIGHT="43"
                          WIDTH="195"
                          VPOS="1630"
                          HPOS="639"
                          CONTENT="accedens"/>
                  <SP HEIGHT="43" WIDTH="16" VPOS="1630" HPOS="834"/>
                  <String HEIGHT="43" WIDTH="98" VPOS="1630" HPOS="785" CONTENT="ad"/>
                  <SP HEIGHT="43" WIDTH="16" VPOS="1630" HPOS="882"/>
                  <String HEIGHT="43"
                          WIDTH="211"
                          VPOS="1630"
                          HPOS="834"
                          CONTENT="baptismum"/>
                  <SP HEIGHT="43" WIDTH="16" VPOS="1630" HPOS="1045"/>
                  <String HEIGHT="43" WIDTH="81" VPOS="1630" HPOS="980" CONTENT="cum"/>
               </TextLine>
               <TextLine ID="r2l37"
                         BASELINE="1719"
                         HEIGHT="49"
                         WIDTH="859"
                         VPOS="1670"
                         HPOS="206">
                  <String HEIGHT="49"
                          WIDTH="223"
                          VPOS="1670"
                          HPOS="190"
                          CONTENT="intentione"/>
                  <SP HEIGHT="49" WIDTH="16" VPOS="1670" HPOS="413"/>
                  <String HEIGHT="49"
                          WIDTH="223"
                          VPOS="1670"
                          HPOS="365"
                          CONTENT="mortaliter"/>
                  <SP HEIGHT="49" WIDTH="16" VPOS="1670" HPOS="588"/>
                  <String HEIGHT="49"
                          WIDTH="207"
                          VPOS="1670"
                          HPOS="540"
                          CONTENT="peccandi,"/>
                  <SP HEIGHT="49" WIDTH="16" VPOS="1670" HPOS="747"/>
                  <String HEIGHT="49"
                          WIDTH="127"
                          VPOS="1670"
                          HPOS="699"
                          CONTENT="ille"/>
                  <SP HEIGHT="49" WIDTH="16" VPOS="1670" HPOS="826"/>
                  <String HEIGHT="49"
                          WIDTH="223"
                          VPOS="1670"
                          HPOS="779"
                          CONTENT="mortaliter"/>
                  <SP HEIGHT="49" WIDTH="16" VPOS="1670" HPOS="1001"/>
                  <String HEIGHT="49"
                          WIDTH="127"
                          VPOS="1670"
                          HPOS="938"
                          CONTENT="peccat"/>
               </TextLine>
               <TextLine ID="r2l38"
                         BASELINE="1754"
                         HEIGHT="49"
                         WIDTH="848"
                         VPOS="1705"
                         HPOS="206">
                  <String HEIGHT="49"
                          WIDTH="173"
                          VPOS="1705"
                          HPOS="190"
                          CONTENT="ratione"/>
                  <SP HEIGHT="49" WIDTH="16" VPOS="1705" HPOS="363"/>
                  <String HEIGHT="49"
                          WIDTH="283"
                          VPOS="1705"
                          HPOS="316"
                          CONTENT="irreuerentiae,"/>
                  <SP HEIGHT="49" WIDTH="16" VPOS="1705" HPOS="599"/>
                  <String HEIGHT="49"
                          WIDTH="126"
                          VPOS="1705"
                          HPOS="551"
                          CONTENT="quam"/>
                  <SP HEIGHT="49" WIDTH="16" VPOS="1705" HPOS="677"/>
                  <String HEIGHT="49"
                          WIDTH="173"
                          VPOS="1705"
                          HPOS="630"
                          CONTENT="exhibet"/>
                  <SP HEIGHT="49" WIDTH="16" VPOS="1705" HPOS="803"/>
                  <String HEIGHT="49"
                          WIDTH="236"
                          VPOS="1705"
                          HPOS="756"
                          CONTENT="sacramento,"/>
                  <SP HEIGHT="49" WIDTH="16" VPOS="1705" HPOS="991"/>
                  <String HEIGHT="49" WIDTH="79" VPOS="1705" HPOS="944" CONTENT="&amp;"/>
                  <SP HEIGHT="49" WIDTH="16" VPOS="1705" HPOS="1023"/>
                  <String HEIGHT="49"
                          WIDTH="94"
                          VPOS="1705"
                          HPOS="960"
                          CONTENT="ipsi"/>
               </TextLine>
               <TextLine ID="r2l39"
                         BASELINE="1794"
                         HEIGHT="47"
                         WIDTH="844"
                         VPOS="1747"
                         HPOS="213">
                  <String HEIGHT="47"
                          WIDTH="163"
                          VPOS="1747"
                          HPOS="198"
                          CONTENT="recipit"/>
                  <SP HEIGHT="47" WIDTH="15" VPOS="1747" HPOS="361"/>
                  <String HEIGHT="47"
                          WIDTH="237"
                          VPOS="1747"
                          HPOS="317"
                          CONTENT="characterem,"/>
                  <SP HEIGHT="47" WIDTH="15" VPOS="1747" HPOS="554"/>
                  <String HEIGHT="47" WIDTH="89" VPOS="1747" HPOS="509" CONTENT="vt"/>
                  <SP HEIGHT="47" WIDTH="15" VPOS="1747" HPOS="598"/>
                  <String HEIGHT="47"
                          WIDTH="118"
                          VPOS="1747"
                          HPOS="554"
                          CONTENT="illi"/>
                  <SP HEIGHT="47" WIDTH="15" VPOS="1747" HPOS="672"/>
                  <String HEIGHT="47"
                          WIDTH="163"
                          VPOS="1747"
                          HPOS="628"
                          CONTENT="dicunt,"/>
                  <SP HEIGHT="47" WIDTH="15" VPOS="1747" HPOS="790"/>
                  <String HEIGHT="47"
                          WIDTH="104"
                          VPOS="1747"
                          HPOS="746"
                          CONTENT="qui"/>
                  <SP HEIGHT="47" WIDTH="15" VPOS="1747" HPOS="850"/>
                  <String HEIGHT="47"
                          WIDTH="148"
                          VPOS="1747"
                          HPOS="805"
                          CONTENT="ponunt"/>
                  <SP HEIGHT="47" WIDTH="15" VPOS="1747" HPOS="953"/>
                  <String HEIGHT="47"
                          WIDTH="163"
                          VPOS="1747"
                          HPOS="894"
                          CONTENT="characte"
                          SUBS_TYPE="HypPart1"
                          SUBS_CONTENT="characterem"/>
                  <HYP CONTENT="-"/>
               </TextLine>
               <TextLine ID="r2l40"
                         BASELINE="1845"
                         HEIGHT="61"
                         WIDTH="829"
                         VPOS="1784"
                         HPOS="225">
                  <String HEIGHT="61"
                          WIDTH="106"
                          VPOS="1784"
                          HPOS="210"
                          CONTENT="rem"
                          SUBS_TYPE="HypPart2"
                          SUBS_CONTENT="characterem"/>
                  <SP HEIGHT="61" WIDTH="15" VPOS="1784" HPOS="315"/>
                  <String HEIGHT="61"
                          WIDTH="121"
                          VPOS="1784"
                          HPOS="270"
                          CONTENT="esse"/>
                  <SP HEIGHT="61" WIDTH="15" VPOS="1784" HPOS="391"/>
                  <String HEIGHT="61"
                          WIDTH="166"
                          VPOS="1784"
                          HPOS="346"
                          CONTENT="aliquid"/>
                  <SP HEIGHT="61" WIDTH="15" VPOS="1784" HPOS="511"/>
                  <String HEIGHT="61"
                          WIDTH="151"
                          VPOS="1784"
                          HPOS="466"
                          CONTENT="reale:"/>
                  <SP HEIGHT="61" WIDTH="15" VPOS="1784" HPOS="617"/>
                  <String HEIGHT="61"
                          WIDTH="121"
                          VPOS="1784"
                          HPOS="572"
                          CONTENT="ergo"/>
                  <SP HEIGHT="61" WIDTH="15" VPOS="1784" HPOS="692"/>
                  <String HEIGHT="61"
                          WIDTH="196"
                          VPOS="1784"
                          HPOS="647"
                          CONTENT="character"/>
                  <SP HEIGHT="61" WIDTH="15" VPOS="1784" HPOS="843"/>
                  <String HEIGHT="61"
                          WIDTH="106"
                          VPOS="1784"
                          HPOS="798"
                          CONTENT="non"/>
                  <SP HEIGHT="61" WIDTH="15" VPOS="1784" HPOS="903"/>
                  <String HEIGHT="61"
                          WIDTH="151"
                          VPOS="1784"
                          HPOS="858"
                          CONTENT="potest"/>
                  <SP HEIGHT="61" WIDTH="15" VPOS="1784" HPOS="1009"/>
                  <String HEIGHT="61"
                          WIDTH="121"
                          VPOS="1784"
                          HPOS="964"
                          CONTENT="esse"/>
                  <SP HEIGHT="61" WIDTH="15" VPOS="1784" HPOS="1084"/>
                  <String HEIGHT="61" WIDTH="30" VPOS="1784" HPOS="1024" CONTENT=""/>
               </TextLine>
               <TextLine ID="r2l41"
                         BASELINE="1878"
                         HEIGHT="53"
                         WIDTH="402"
                         VPOS="1825"
                         HPOS="218">
                  <String HEIGHT="53"
                          WIDTH="285"
                          VPOS="1825"
                          HPOS="201"
                          CONTENT="supernaturale"/>
                  <SP HEIGHT="53" WIDTH="17" VPOS="1825" HPOS="486"/>
                  <String HEIGHT="53"
                          WIDTH="151"
                          VPOS="1825"
                          HPOS="436"
                          CONTENT="donum"/>
                  <SP HEIGHT="53" WIDTH="17" VPOS="1825" HPOS="587"/>
                  <String HEIGHT="53"
                          WIDTH="101"
                          VPOS="1825"
                          HPOS="520"
                          CONTENT="Dei"
                          SUBS_TYPE="HypPart1"
                          SUBS_CONTENT="DeiPraeterea,"/>
                  <HYP CONTENT="-"/>
               </TextLine>
               <TextLine ID="r2l42"
                         BASELINE="1910"
                         HEIGHT="45"
                         WIDTH="762"
                         VPOS="1865"
                         HPOS="291">
                  <String HEIGHT="45"
                          WIDTH="218"
                          VPOS="1865"
                          HPOS="275"
                          CONTENT="Praeterea,"
                          SUBS_TYPE="HypPart2"
                          SUBS_CONTENT="DeiPraeterea,"/>
                  <SP HEIGHT="45" WIDTH="16" VPOS="1865" HPOS="493"/>
                  <String HEIGHT="45"
                          WIDTH="156"
                          VPOS="1865"
                          HPOS="447"
                          CONTENT="illud,"/>
                  <SP HEIGHT="45" WIDTH="16" VPOS="1865" HPOS="602"/>
                  <String HEIGHT="45"
                          WIDTH="124"
                          VPOS="1865"
                          HPOS="555"
                          CONTENT="quod"/>
                  <SP HEIGHT="45" WIDTH="16" VPOS="1865" HPOS="680"/>
                  <String HEIGHT="45"
                          WIDTH="109"
                          VPOS="1865"
                          HPOS="633"
                          CONTENT="non"/>
                  <SP HEIGHT="45" WIDTH="16" VPOS="1865" HPOS="742"/>
                  <String HEIGHT="45"
                          WIDTH="202"
                          VPOS="1865"
                          HPOS="695"
                          CONTENT="inuenitur"/>
                  <SP HEIGHT="45" WIDTH="16" VPOS="1865" HPOS="897"/>
                  <String HEIGHT="45"
                          WIDTH="202"
                          VPOS="1865"
                          HPOS="851"
                          CONTENT="expressum"/>
                  <SP HEIGHT="45" WIDTH="16" VPOS="1865" HPOS="1053"/>
                  <String HEIGHT="45" WIDTH="62" VPOS="1865" HPOS="991" CONTENT="in"/>
               </TextLine>
               <TextLine ID="r2l44"
                         BASELINE="1949"
                         HEIGHT="50"
                         WIDTH="845"
                         VPOS="1899"
                         HPOS="215">
                  <String HEIGHT="50"
                          WIDTH="123"
                          VPOS="1899"
                          HPOS="201"
                          CONTENT="sacra"/>
                  <SP HEIGHT="50" WIDTH="14" VPOS="1899" HPOS="324"/>
                  <String HEIGHT="50"
                          WIDTH="191"
                          VPOS="1899"
                          HPOS="283"
                          CONTENT="scriptura,"/>
                  <SP HEIGHT="50" WIDTH="14" VPOS="1899" HPOS="474"/>
                  <String HEIGHT="50" WIDTH="95" VPOS="1899" HPOS="433" CONTENT="nec"/>
                  <SP HEIGHT="50" WIDTH="14" VPOS="1899" HPOS="528"/>
                  <String HEIGHT="50" WIDTH="82" VPOS="1899" HPOS="488" CONTENT="in"/>
                  <SP HEIGHT="50" WIDTH="14" VPOS="1899" HPOS="569"/>
                  <String HEIGHT="50"
                          WIDTH="177"
                          VPOS="1899"
                          HPOS="528"
                          CONTENT="articulis"/>
                  <SP HEIGHT="50" WIDTH="14" VPOS="1899" HPOS="706"/>
                  <String HEIGHT="50"
                          WIDTH="136"
                          VPOS="1899"
                          HPOS="665"
                          CONTENT="fidei,"/>
                  <SP HEIGHT="50" WIDTH="14" VPOS="1899" HPOS="801"/>
                  <String HEIGHT="50" WIDTH="95" VPOS="1899" HPOS="760" CONTENT="nec"/>
                  <SP HEIGHT="50" WIDTH="14" VPOS="1899" HPOS="856"/>
                  <String HEIGHT="50" WIDTH="82" VPOS="1899" HPOS="815" CONTENT="in"/>
                  <SP HEIGHT="50" WIDTH="14" VPOS="1899" HPOS="896"/>
                  <String HEIGHT="50"
                          WIDTH="136"
                          VPOS="1899"
                          HPOS="856"
                          CONTENT="dictis"/>
                  <SP HEIGHT="50" WIDTH="14" VPOS="1899" HPOS="992"/>
                  <String HEIGHT="50"
                          WIDTH="123"
                          VPOS="1899"
                          HPOS="937"
                          CONTENT="sancto"
                          SUBS_TYPE="HypPart1"
                          SUBS_CONTENT="sanctorum,"/>
                  <HYP CONTENT="-"/>
               </TextLine>
               <TextLine ID="r2l45"
                         BASELINE="1993"
                         HEIGHT="49"
                         WIDTH="849"
                         VPOS="1944"
                         HPOS="212">
                  <String HEIGHT="49"
                          WIDTH="119"
                          VPOS="1944"
                          HPOS="197"
                          CONTENT="rum,"
                          SUBS_TYPE="HypPart2"
                          SUBS_CONTENT="sanctorum,"/>
                  <SP HEIGHT="49" WIDTH="15" VPOS="1944" HPOS="316"/>
                  <String HEIGHT="49"
                          WIDTH="104"
                          VPOS="1944"
                          HPOS="272"
                          CONTENT="hoc"/>
                  <SP HEIGHT="49" WIDTH="15" VPOS="1944" HPOS="376"/>
                  <String HEIGHT="49"
                          WIDTH="104"
                          VPOS="1944"
                          HPOS="331"
                          CONTENT="non"/>
                  <SP HEIGHT="49" WIDTH="15" VPOS="1944" HPOS="435"/>
                  <String HEIGHT="49"
                          WIDTH="104"
                          VPOS="1944"
                          HPOS="391"
                          CONTENT="est"/>
                  <SP HEIGHT="49" WIDTH="15" VPOS="1944" HPOS="495"/>
                  <String HEIGHT="49"
                          WIDTH="164"
                          VPOS="1944"
                          HPOS="450"
                          CONTENT="necesse"/>
                  <SP HEIGHT="49" WIDTH="15" VPOS="1944" HPOS="614"/>
                  <String HEIGHT="49"
                          WIDTH="164"
                          VPOS="1944"
                          HPOS="569"
                          CONTENT="ponere:"/>
                  <SP HEIGHT="49" WIDTH="15" VPOS="1944" HPOS="733"/>
                  <String HEIGHT="49"
                          WIDTH="104"
                          VPOS="1944"
                          HPOS="689"
                          CONTENT="sed"/>
                  <SP HEIGHT="49" WIDTH="15" VPOS="1944" HPOS="793"/>
                  <String HEIGHT="49"
                          WIDTH="194"
                          VPOS="1944"
                          HPOS="748"
                          CONTENT="character"/>
                  <SP HEIGHT="49" WIDTH="15" VPOS="1944" HPOS="942"/>
                  <String HEIGHT="49"
                          WIDTH="104"
                          VPOS="1944"
                          HPOS="897"
                          CONTENT="est"/>
                  <SP HEIGHT="49" WIDTH="15" VPOS="1944" HPOS="1001"/>
                  <String HEIGHT="49"
                          WIDTH="119"
                          VPOS="1944"
                          HPOS="942"
                          CONTENT="huius"
                          SUBS_TYPE="HypPart1"
                          SUBS_CONTENT="huiusmodi:"/>
                  <HYP CONTENT="-"/>
               </TextLine>
               <TextLine ID="r2l46"
                         BASELINE="2029"
                         HEIGHT="41"
                         WIDTH="848"
                         VPOS="1988"
                         HPOS="209">
                  <String HEIGHT="41"
                          WIDTH="134"
                          VPOS="1988"
                          HPOS="194"
                          CONTENT="modi:"
                          SUBS_TYPE="HypPart2"
                          SUBS_CONTENT="huiusmodi:"/>
                  <SP HEIGHT="41" WIDTH="15" VPOS="1988" HPOS="328"/>
                  <String HEIGHT="41"
                          WIDTH="119"
                          VPOS="1988"
                          HPOS="283"
                          CONTENT="quia"/>
                  <SP HEIGHT="41" WIDTH="15" VPOS="1988" HPOS="402"/>
                  <String HEIGHT="41" WIDTH="89" VPOS="1988" HPOS="358" CONTENT="in"/>
                  <SP HEIGHT="41" WIDTH="15" VPOS="1988" HPOS="447"/>
                  <String HEIGHT="41"
                          WIDTH="193"
                          VPOS="1988"
                          HPOS="402"
                          CONTENT="scriptura"/>
                  <SP HEIGHT="41" WIDTH="15" VPOS="1988" HPOS="596"/>
                  <String HEIGHT="41"
                          WIDTH="134"
                          VPOS="1988"
                          HPOS="551"
                          CONTENT="sacra"/>
                  <SP HEIGHT="41" WIDTH="15" VPOS="1988" HPOS="685"/>
                  <String HEIGHT="41"
                          WIDTH="104"
                          VPOS="1988"
                          HPOS="640"
                          CONTENT="non"/>
                  <SP HEIGHT="41" WIDTH="15" VPOS="1988" HPOS="745"/>
                  <String HEIGHT="41"
                          WIDTH="193"
                          VPOS="1988"
                          HPOS="700"
                          CONTENT="inuenitur"/>
                  <SP HEIGHT="41" WIDTH="15" VPOS="1988" HPOS="893"/>
                  <String HEIGHT="41" WIDTH="89" VPOS="1988" HPOS="849" CONTENT="de"/>
                  <SP HEIGHT="41" WIDTH="15" VPOS="1988" HPOS="938"/>
                  <String HEIGHT="41"
                          WIDTH="179"
                          VPOS="1988"
                          HPOS="878"
                          CONTENT="charactero"/>
               </TextLine>
               <TextLine ID="r2l47"
                         BASELINE="2067"
                         HEIGHT="48"
                         WIDTH="829"
                         VPOS="2019"
                         HPOS="218">
                  <String HEIGHT="48"
                          WIDTH="239"
                          VPOS="2019"
                          HPOS="204"
                          CONTENT="sacramentali,"/>
                  <SP HEIGHT="48" WIDTH="14" VPOS="2019" HPOS="443"/>
                  <String HEIGHT="48" WIDTH="98" VPOS="2019" HPOS="401" CONTENT="sed"/>
                  <SP HEIGHT="48" WIDTH="14" VPOS="2019" HPOS="499"/>
                  <String HEIGHT="48" WIDTH="84" VPOS="2019" HPOS="457" CONTENT="de"/>
                  <SP HEIGHT="48" WIDTH="14" VPOS="2019" HPOS="541"/>
                  <String HEIGHT="48"
                          WIDTH="197"
                          VPOS="2019"
                          HPOS="499"
                          CONTENT="charactere"/>
                  <SP HEIGHT="48" WIDTH="14" VPOS="2019" HPOS="696"/>
                  <String HEIGHT="48"
                          WIDTH="155"
                          VPOS="2019"
                          HPOS="654"
                          CONTENT="bestiae"/>
                  <SP HEIGHT="48" WIDTH="14" VPOS="2019" HPOS="808"/>
                  <String HEIGHT="48"
                          WIDTH="141"
                          VPOS="2019"
                          HPOS="766"
                          CONTENT="solum,"/>
                  <SP HEIGHT="48" WIDTH="14" VPOS="2019" HPOS="906"/>
                  <String HEIGHT="48" WIDTH="84" VPOS="2019" HPOS="864" CONTENT="vt"/>
                  <SP HEIGHT="48" WIDTH="14" VPOS="2019" HPOS="949"/>
                  <String HEIGHT="48"
                          WIDTH="126"
                          VPOS="2019"
                          HPOS="906"
                          CONTENT="patet"/>
                  <SP HEIGHT="48" WIDTH="14" VPOS="2019" HPOS="1033"/>
                  <String HEIGHT="48" WIDTH="70" VPOS="2019" HPOS="977" CONTENT="Apo"/>
               </TextLine>
               <TextLine ID="r2l48"
                         BASELINE="2114"
                         HEIGHT="51"
                         WIDTH="839"
                         VPOS="2063"
                         HPOS="217">
                  <String HEIGHT="51"
                          WIDTH="120"
                          VPOS="2063"
                          HPOS="202"
                          CONTENT="cal."/>
                  <SP HEIGHT="51" WIDTH="15" VPOS="2063" HPOS="322"/>
                  <String HEIGHT="51"
                          WIDTH="105"
                          VPOS="2063"
                          HPOS="277"
                          CONTENT="15."/>
                  <SP HEIGHT="51" WIDTH="15" VPOS="2063" HPOS="382"/>
                  <String HEIGHT="51"
                          WIDTH="105"
                          VPOS="2063"
                          HPOS="337"
                          CONTENT="qui"/>
                  <SP HEIGHT="51" WIDTH="15" VPOS="2063" HPOS="442"/>
                  <String HEIGHT="51"
                          WIDTH="150"
                          VPOS="2063"
                          HPOS="397"
                          CONTENT="quidem"/>
                  <SP HEIGHT="51" WIDTH="15" VPOS="2063" HPOS="547"/>
                  <String HEIGHT="51"
                          WIDTH="195"
                          VPOS="2063"
                          HPOS="502"
                          CONTENT="character"/>
                  <SP HEIGHT="51" WIDTH="15" VPOS="2063" HPOS="696"/>
                  <String HEIGHT="51"
                          WIDTH="165"
                          VPOS="2063"
                          HPOS="651"
                          CONTENT="bestiae"/>
                  <SP HEIGHT="51" WIDTH="15" VPOS="2063" HPOS="816"/>
                  <String HEIGHT="51"
                          WIDTH="135"
                          VPOS="2063"
                          HPOS="771"
                          CONTENT="sonat"/>
                  <SP HEIGHT="51" WIDTH="15" VPOS="2063" HPOS="906"/>
                  <String HEIGHT="51" WIDTH="90" VPOS="2063" HPOS="861" CONTENT="in"/>
                  <SP HEIGHT="51" WIDTH="15" VPOS="2063" HPOS="951"/>
                  <String HEIGHT="51"
                          WIDTH="165"
                          VPOS="2063"
                          HPOS="906"
                          CONTENT="vitium,"/>
                  <SP HEIGHT="51" WIDTH="15" VPOS="2063" HPOS="1071"/>
                  <String HEIGHT="51" WIDTH="45" VPOS="2063" HPOS="1011" CONTENT="&amp;"/>
               </TextLine>
               <TextLine ID="r2l49"
                         BASELINE="2152"
                         HEIGHT="46"
                         WIDTH="836"
                         VPOS="2106"
                         HPOS="224">
                  <String HEIGHT="46"
                          WIDTH="181"
                          VPOS="2106"
                          HPOS="210"
                          CONTENT="peccatum."/>
                  <SP HEIGHT="46" WIDTH="14" VPOS="2106" HPOS="391"/>
                  <String HEIGHT="46" WIDTH="98" VPOS="2106" HPOS="349" CONTENT="Nec"/>
                  <SP HEIGHT="46" WIDTH="14" VPOS="2106" HPOS="447"/>
                  <String HEIGHT="46" WIDTH="84" VPOS="2106" HPOS="405" CONTENT="in"/>
                  <SP HEIGHT="46" WIDTH="14" VPOS="2106" HPOS="489"/>
                  <String HEIGHT="46"
                          WIDTH="181"
                          VPOS="2106"
                          HPOS="447"
                          CONTENT="articulis"/>
                  <SP HEIGHT="46" WIDTH="14" VPOS="2106" HPOS="628"/>
                  <String HEIGHT="46"
                          WIDTH="139"
                          VPOS="2106"
                          HPOS="586"
                          CONTENT="fidei,"/>
                  <SP HEIGHT="46" WIDTH="14" VPOS="2106" HPOS="726"/>
                  <String HEIGHT="46" WIDTH="84" VPOS="2106" HPOS="684" CONTENT="vt"/>
                  <SP HEIGHT="46" WIDTH="14" VPOS="2106" HPOS="767"/>
                  <String HEIGHT="46" WIDTH="84" VPOS="2106" HPOS="726" CONTENT="de"/>
                  <SP HEIGHT="46" WIDTH="14" VPOS="2106" HPOS="809"/>
                  <String HEIGHT="46" WIDTH="84" VPOS="2106" HPOS="767" CONTENT="se"/>
                  <SP HEIGHT="46" WIDTH="14" VPOS="2106" HPOS="851"/>
                  <String HEIGHT="46"
                          WIDTH="139"
                          VPOS="2106"
                          HPOS="809"
                          CONTENT="patet."/>
                  <SP HEIGHT="46" WIDTH="14" VPOS="2106" HPOS="949"/>
                  <String HEIGHT="46" WIDTH="98" VPOS="2106" HPOS="907" CONTENT="Nec"/>
                  <SP HEIGHT="46" WIDTH="14" VPOS="2106" HPOS="1004"/>
                  <String HEIGHT="46" WIDTH="84" VPOS="2106" HPOS="962" CONTENT="in"/>
                  <SP HEIGHT="46" WIDTH="14" VPOS="2106" HPOS="1046"/>
                  <String HEIGHT="46"
                          WIDTH="70"
                          VPOS="2106"
                          HPOS="990"
                          CONTENT="di"
                          SUBS_TYPE="HypPart1"
                          SUBS_CONTENT="dictis"/>
                  <HYP CONTENT="-"/>
               </TextLine>
               <TextLine ID="r2l50"
                         BASELINE="2186"
                         HEIGHT="46"
                         WIDTH="838"
                         VPOS="2140"
                         HPOS="216">
                  <String HEIGHT="46"
                          WIDTH="114"
                          VPOS="2140"
                          HPOS="202"
                          CONTENT="ctis"
                          SUBS_TYPE="HypPart2"
                          SUBS_CONTENT="dictis"/>
                  <SP HEIGHT="46" WIDTH="14" VPOS="2140" HPOS="315"/>
                  <String HEIGHT="46"
                          WIDTH="199"
                          VPOS="2140"
                          HPOS="273"
                          CONTENT="sanctorum:"/>
                  <SP HEIGHT="46" WIDTH="14" VPOS="2140" HPOS="472"/>
                  <String HEIGHT="46"
                          WIDTH="114"
                          VPOS="2140"
                          HPOS="429"
                          CONTENT="quia"/>
                  <SP HEIGHT="46" WIDTH="14" VPOS="2140" HPOS="543"/>
                  <String HEIGHT="46"
                          WIDTH="128"
                          VPOS="2140"
                          HPOS="500"
                          CONTENT="etiam"/>
                  <SP HEIGHT="46" WIDTH="14" VPOS="2140" HPOS="628"/>
                  <String HEIGHT="46"
                          WIDTH="213"
                          VPOS="2140"
                          HPOS="585"
                          CONTENT="Augustinus,"/>
                  <SP HEIGHT="46" WIDTH="14" VPOS="2140" HPOS="798"/>
                  <String HEIGHT="46" WIDTH="99" VPOS="2140" HPOS="756" CONTENT="qui"/>
                  <SP HEIGHT="46" WIDTH="14" VPOS="2140" HPOS="855"/>
                  <String HEIGHT="46"
                          WIDTH="114"
                          VPOS="2140"
                          HPOS="813"
                          CONTENT="plus"/>
                  <SP HEIGHT="46" WIDTH="14" VPOS="2140" HPOS="926"/>
                  <String HEIGHT="46"
                          WIDTH="156"
                          VPOS="2140"
                          HPOS="884"
                          CONTENT="ceteris"/>
                  <SP HEIGHT="46" WIDTH="14" VPOS="2140" HPOS="1040"/>
                  <String HEIGHT="46"
                          WIDTH="71"
                          VPOS="2140"
                          HPOS="983"
                          CONTENT="la"
                          SUBS_TYPE="HypPart1"
                          SUBS_CONTENT="laborauit"/>
                  <HYP CONTENT="-"/>
               </TextLine>
               <TextLine ID="r2l51"
                         BASELINE="2230"
                         HEIGHT="55"
                         WIDTH="829"
                         VPOS="2175"
                         HPOS="223">
                  <String HEIGHT="55"
                          WIDTH="175"
                          VPOS="2175"
                          HPOS="207"
                          CONTENT="borauit"
                          SUBS_TYPE="HypPart2"
                          SUBS_CONTENT="laborauit"/>
                  <SP HEIGHT="55" WIDTH="16" VPOS="2175" HPOS="382"/>
                  <String HEIGHT="55"
                          WIDTH="143"
                          VPOS="2175"
                          HPOS="335"
                          CONTENT="circa"/>
                  <SP HEIGHT="55" WIDTH="16" VPOS="2175" HPOS="478"/>
                  <String HEIGHT="55"
                          WIDTH="271"
                          VPOS="2175"
                          HPOS="430"
                          CONTENT="declarationem"/>
                  <SP HEIGHT="55" WIDTH="16" VPOS="2175" HPOS="701"/>
                  <String HEIGHT="55"
                          WIDTH="271"
                          VPOS="2175"
                          HPOS="653"
                          CONTENT="sacramentorum"/>
                  <SP HEIGHT="55" WIDTH="16" VPOS="2175" HPOS="924"/>
                  <String HEIGHT="55"
                          WIDTH="175"
                          VPOS="2175"
                          HPOS="877"
                          CONTENT="videtur"/>
                  <SP HEIGHT="55" WIDTH="16" VPOS="2175" HPOS="1052"/>
                  <String HEIGHT="55" WIDTH="64" VPOS="2175" HPOS="988" CONTENT="ma"/>
               </TextLine>
               <TextLine ID="r2l52"
                         BASELINE="2269"
                         HEIGHT="51"
                         WIDTH="828"
                         VPOS="2218"
                         HPOS="222">
                  <String HEIGHT="51"
                          WIDTH="107"
                          VPOS="2218"
                          HPOS="207"
                          CONTENT="pis"/>
                  <SP HEIGHT="51" WIDTH="15" VPOS="2218" HPOS="314"/>
                  <String HEIGHT="51"
                          WIDTH="153"
                          VPOS="2218"
                          HPOS="268"
                          CONTENT="negare"/>
                  <SP HEIGHT="51" WIDTH="15" VPOS="2218" HPOS="421"/>
                  <String HEIGHT="51"
                          WIDTH="245"
                          VPOS="2218"
                          HPOS="375"
                          CONTENT="characterem,"/>
                  <SP HEIGHT="51" WIDTH="15" VPOS="2218" HPOS="621"/>
                  <String HEIGHT="51"
                          WIDTH="123"
                          VPOS="2218"
                          HPOS="575"
                          CONTENT="quam"/>
                  <SP HEIGHT="51" WIDTH="15" VPOS="2218" HPOS="697"/>
                  <String HEIGHT="51"
                          WIDTH="169"
                          VPOS="2218"
                          HPOS="651"
                          CONTENT="ponere,"/>
                  <SP HEIGHT="51" WIDTH="15" VPOS="2218" HPOS="820"/>
                  <String HEIGHT="51"
                          WIDTH="107"
                          VPOS="2218"
                          HPOS="774"
                          CONTENT="cum"/>
                  <SP HEIGHT="51" WIDTH="15" VPOS="2218" HPOS="881"/>
                  <String HEIGHT="51"
                          WIDTH="123"
                          VPOS="2218"
                          HPOS="835"
                          CONTENT="ipse"/>
                  <SP HEIGHT="51" WIDTH="15" VPOS="2218" HPOS="958"/>
                  <String HEIGHT="51"
                          WIDTH="138"
                          VPOS="2218"
                          HPOS="912"
                          CONTENT="dicat"/>
                  <SP HEIGHT="51" WIDTH="15" VPOS="2218" HPOS="1050"/>
                  <String HEIGHT="51" WIDTH="61" VPOS="2218" HPOS="989" CONTENT="fi"/>
               </TextLine>
               <TextLine ID="r2l53"
                         BASELINE="2302"
                         HEIGHT="53"
                         WIDTH="840"
                         VPOS="2249"
                         HPOS="223">
                  <String HEIGHT="53"
                          WIDTH="127"
                          VPOS="2249"
                          HPOS="207"
                          CONTENT="ctos"/>
                  <SP HEIGHT="53" WIDTH="16" VPOS="2249" HPOS="334"/>
                  <String HEIGHT="53"
                          WIDTH="190"
                          VPOS="2249"
                          HPOS="286"
                          CONTENT="recipere"/>
                  <SP HEIGHT="53" WIDTH="16" VPOS="2249" HPOS="477"/>
                  <String HEIGHT="53"
                          WIDTH="254"
                          VPOS="2249"
                          HPOS="429"
                          CONTENT="sacramentum,"/>
                  <SP HEIGHT="53" WIDTH="16" VPOS="2249" HPOS="683"/>
                  <String HEIGHT="53" WIDTH="79" VPOS="2249" HPOS="635" CONTENT="&amp;"/>
                  <SP HEIGHT="53" WIDTH="16" VPOS="2249" HPOS="714"/>
                  <String HEIGHT="53"
                          WIDTH="111"
                          VPOS="2249"
                          HPOS="667"
                          CONTENT="non"/>
                  <SP HEIGHT="53" WIDTH="16" VPOS="2249" HPOS="778"/>
                  <String HEIGHT="53"
                          WIDTH="111"
                          VPOS="2249"
                          HPOS="730"
                          CONTENT="rem"/>
                  <SP HEIGHT="53" WIDTH="16" VPOS="2249" HPOS="841"/>
                  <String HEIGHT="53"
                          WIDTH="238"
                          VPOS="2249"
                          HPOS="794"
                          CONTENT="sacramenti,"/>
                  <SP HEIGHT="53" WIDTH="16" VPOS="2249" HPOS="1031"/>
                  <String HEIGHT="53"
                          WIDTH="95"
                          VPOS="2249"
                          HPOS="968"
                          CONTENT="quod"/>
               </TextLine>
               <TextLine ID="r2l54"
                         BASELINE="2348"
                         HEIGHT="50"
                         WIDTH="843"
                         VPOS="2298"
                         HPOS="215">
                  <String HEIGHT="50"
                          WIDTH="102"
                          VPOS="2298"
                          HPOS="200"
                          CONTENT="non"/>
                  <SP HEIGHT="50" WIDTH="15" VPOS="2298" HPOS="302"/>
                  <String HEIGHT="50"
                          WIDTH="131"
                          VPOS="2298"
                          HPOS="259"
                          CONTENT="esset"/>
                  <SP HEIGHT="50" WIDTH="15" VPOS="2298" HPOS="389"/>
                  <String HEIGHT="50"
                          WIDTH="145"
                          VPOS="2298"
                          HPOS="346"
                          CONTENT="verum,"/>
                  <SP HEIGHT="50" WIDTH="15" VPOS="2298" HPOS="491"/>
                  <String HEIGHT="50" WIDTH="87" VPOS="2298" HPOS="448" CONTENT="si"/>
                  <SP HEIGHT="50" WIDTH="15" VPOS="2298" HPOS="535"/>
                  <String HEIGHT="50"
                          WIDTH="102"
                          VPOS="2298"
                          HPOS="491"
                          CONTENT="cum"/>
                  <SP HEIGHT="50" WIDTH="15" VPOS="2298" HPOS="593"/>
                  <String HEIGHT="50"
                          WIDTH="203"
                          VPOS="2298"
                          HPOS="549"
                          CONTENT="sacramento"/>
                  <SP HEIGHT="50" WIDTH="15" VPOS="2298" HPOS="753"/>
                  <String HEIGHT="50"
                          WIDTH="203"
                          VPOS="2298"
                          HPOS="709"
                          CONTENT="reciperent"/>
                  <SP HEIGHT="50" WIDTH="15" VPOS="2298" HPOS="913"/>
                  <String HEIGHT="50"
                          WIDTH="203"
                          VPOS="2298"
                          HPOS="855"
                          CONTENT="characterem."/>
               </TextLine>
               <TextLine ID="r2l55"
                         BASELINE="2381"
                         HEIGHT="46"
                         WIDTH="800"
                         VPOS="2335"
                         HPOS="258">
                  <String HEIGHT="46"
                          WIDTH="131"
                          VPOS="2335"
                          HPOS="242"
                          CONTENT="lsta"/>
                  <SP HEIGHT="46" WIDTH="16" VPOS="2335" HPOS="372"/>
                  <String HEIGHT="46"
                          WIDTH="163"
                          VPOS="2335"
                          HPOS="323"
                          CONTENT="opinio"/>
                  <SP HEIGHT="46" WIDTH="16" VPOS="2335" HPOS="487"/>
                  <String HEIGHT="46" WIDTH="82" VPOS="2335" HPOS="438" CONTENT="a"/>
                  <SP HEIGHT="46" WIDTH="16" VPOS="2335" HPOS="519"/>
                  <String HEIGHT="46"
                          WIDTH="147"
                          VPOS="2335"
                          HPOS="470"
                          CONTENT="nullo"/>
                  <SP HEIGHT="46" WIDTH="16" VPOS="2335" HPOS="617"/>
                  <String HEIGHT="46"
                          WIDTH="212"
                          VPOS="2335"
                          HPOS="568"
                          CONTENT="catholico"/>
                  <SP HEIGHT="46" WIDTH="16" VPOS="2335" HPOS="780"/>
                  <String HEIGHT="46"
                          WIDTH="163"
                          VPOS="2335"
                          HPOS="731"
                          CONTENT="udetur"/>
                  <SP HEIGHT="46" WIDTH="16" VPOS="2335" HPOS="895"/>
                  <String HEIGHT="46"
                          WIDTH="131"
                          VPOS="2335"
                          HPOS="846"
                          CONTENT="esse"/>
                  <SP HEIGHT="46" WIDTH="16" VPOS="2335" HPOS="976"/>
                  <String HEIGHT="46"
                          WIDTH="147"
                          VPOS="2335"
                          HPOS="911"
                          CONTENT="tenenda"/>
               </TextLine>
               <TextLine ID="r2l56"
                         BASELINE="2427"
                         HEIGHT="49"
                         WIDTH="815"
                         VPOS="2378"
                         HPOS="239">
                  <String HEIGHT="49"
                          WIDTH="116"
                          VPOS="2378"
                          HPOS="224"
                          CONTENT="Quia"/>
                  <SP HEIGHT="49" WIDTH="15" VPOS="2378" HPOS="341"/>
                  <String HEIGHT="49"
                          WIDTH="131"
                          VPOS="2378"
                          HPOS="297"
                          CONTENT="sicut"/>
                  <SP HEIGHT="49" WIDTH="15" VPOS="2378" HPOS="428"/>
                  <String HEIGHT="49"
                          WIDTH="160"
                          VPOS="2378"
                          HPOS="385"
                          CONTENT="dicitur"/>
                  <SP HEIGHT="49" WIDTH="15" VPOS="2378" HPOS="545"/>
                  <String HEIGHT="49"
                          WIDTH="131"
                          VPOS="2378"
                          HPOS="501"
                          CONTENT="extra"/>
                  <SP HEIGHT="49" WIDTH="15" VPOS="2378" HPOS="632"/>
                  <String HEIGHT="49" WIDTH="87" VPOS="2378" HPOS="588" CONTENT="de"/>
                  <SP HEIGHT="49" WIDTH="15" VPOS="2378" HPOS="676"/>
                  <String HEIGHT="49"
                          WIDTH="218"
                          VPOS="2378"
                          HPOS="632"
                          CONTENT="haereticis,"/>
                  <SP HEIGHT="49" WIDTH="15" VPOS="2378" HPOS="850"/>
                  <String HEIGHT="49"
                          WIDTH="189"
                          VPOS="2378"
                          HPOS="807"
                          CONTENT="abolenda,"/>
                  <SP HEIGHT="49" WIDTH="15" VPOS="2378" HPOS="996"/>
                  <String HEIGHT="49" WIDTH="87" VPOS="2378" HPOS="952" CONTENT="de"/>
                  <SP HEIGHT="49" WIDTH="15" VPOS="2378" HPOS="1039"/>
                  <String HEIGHT="49"
                          WIDTH="73"
                          VPOS="2378"
                          HPOS="981"
                          CONTENT="sa"
                          SUBS_TYPE="HypPart1"
                          SUBS_CONTENT="sacramentis"/>
                  <HYP CONTENT="-"/>
               </TextLine>
               <TextLine ID="r2l57"
                         BASELINE="2465"
                         HEIGHT="47"
                         WIDTH="840"
                         VPOS="2418"
                         HPOS="218">
                  <String HEIGHT="47"
                          WIDTH="202"
                          VPOS="2418"
                          HPOS="202"
                          CONTENT="cramentis"
                          SUBS_TYPE="HypPart2"
                          SUBS_CONTENT="sacramentis"/>
                  <SP HEIGHT="47" WIDTH="16" VPOS="2418" HPOS="405"/>
                  <String HEIGHT="47"
                          WIDTH="202"
                          VPOS="2418"
                          HPOS="358"
                          CONTENT="ecclesiae"/>
                  <SP HEIGHT="47" WIDTH="16" VPOS="2418" HPOS="560"/>
                  <String HEIGHT="47"
                          WIDTH="218"
                          VPOS="2418"
                          HPOS="514"
                          CONTENT="sentiendum"/>
                  <SP HEIGHT="47" WIDTH="16" VPOS="2418" HPOS="731"/>
                  <String HEIGHT="47"
                          WIDTH="109"
                          VPOS="2418"
                          HPOS="685"
                          CONTENT="est"/>
                  <SP HEIGHT="47" WIDTH="16" VPOS="2418" HPOS="794"/>
                  <String HEIGHT="47"
                          WIDTH="140"
                          VPOS="2418"
                          HPOS="747"
                          CONTENT="sicut"/>
                  <SP HEIGHT="47" WIDTH="16" VPOS="2418" HPOS="887"/>
                  <String HEIGHT="47"
                          WIDTH="156"
                          VPOS="2418"
                          HPOS="840"
                          CONTENT="sentit"/>
                  <SP HEIGHT="47" WIDTH="16" VPOS="2418" HPOS="996"/>
                  <String HEIGHT="47"
                          WIDTH="124"
                          VPOS="2418"
                          HPOS="934"
                          CONTENT="Homan"
                          SUBS_TYPE="HypPart1"
                          SUBS_CONTENT="Homanecclesia:"/>
                  <HYP CONTENT="-"/>
               </TextLine>
               <TextLine ID="r2l58"
                         BASELINE="2502"
                         HEIGHT="49"
                         WIDTH="839"
                         VPOS="2453"
                         HPOS="222">
                  <String HEIGHT="49"
                          WIDTH="195"
                          VPOS="2453"
                          HPOS="207"
                          CONTENT="ecclesia:"
                          SUBS_TYPE="HypPart2"
                          SUBS_CONTENT="Homanecclesia:"/>
                  <SP HEIGHT="49" WIDTH="15" VPOS="2453" HPOS="402"/>
                  <String HEIGHT="49"
                          WIDTH="105"
                          VPOS="2453"
                          HPOS="357"
                          CONTENT="sed"/>
                  <SP HEIGHT="49" WIDTH="15" VPOS="2453" HPOS="462"/>
                  <String HEIGHT="49"
                          WIDTH="150"
                          VPOS="2453"
                          HPOS="417"
                          CONTENT="Homana"/>
                  <SP HEIGHT="49" WIDTH="15" VPOS="2453" HPOS="567"/>
                  <String HEIGHT="49"
                          WIDTH="180"
                          VPOS="2453"
                          HPOS="522"
                          CONTENT="ecclesia"/>
                  <SP HEIGHT="49" WIDTH="15" VPOS="2453" HPOS="701"/>
                  <String HEIGHT="49"
                          WIDTH="180"
                          VPOS="2453"
                          HPOS="656"
                          CONTENT="expresse"/>
                  <SP HEIGHT="49" WIDTH="15" VPOS="2453" HPOS="836"/>
                  <String HEIGHT="49"
                          WIDTH="135"
                          VPOS="2453"
                          HPOS="791"
                          CONTENT="ponit"/>
                  <SP HEIGHT="49" WIDTH="15" VPOS="2453" HPOS="926"/>
                  <String HEIGHT="49"
                          WIDTH="195"
                          VPOS="2453"
                          HPOS="866"
                          CONTENT="characterem"/>
               </TextLine>
               <TextLine ID="r2l59"
                         BASELINE="2541"
                         HEIGHT="44"
                         WIDTH="840"
                         VPOS="2497"
                         HPOS="219">
                  <String HEIGHT="44"
                          WIDTH="162"
                          VPOS="2497"
                          HPOS="204"
                          CONTENT="imprimi"/>
                  <SP HEIGHT="44" WIDTH="15" VPOS="2497" HPOS="366"/>
                  <String HEIGHT="44"
                          WIDTH="133"
                          VPOS="2497"
                          HPOS="322"
                          CONTENT="ipsis"/>
                  <SP HEIGHT="44" WIDTH="15" VPOS="2497" HPOS="455"/>
                  <String HEIGHT="44"
                          WIDTH="147"
                          VPOS="2497"
                          HPOS="411"
                          CONTENT="bapti)"/>
                  <SP HEIGHT="44" WIDTH="15" VPOS="2497" HPOS="558"/>
                  <String HEIGHT="44"
                          WIDTH="133"
                          VPOS="2497"
                          HPOS="514"
                          CONTENT="atis."/>
                  <SP HEIGHT="44" WIDTH="15" VPOS="2497" HPOS="646"/>
                  <String HEIGHT="44"
                          WIDTH="118"
                          VPOS="2497"
                          HPOS="602"
                          CONTENT="Vnde"/>
                  <SP HEIGHT="44" WIDTH="15" VPOS="2497" HPOS="720"/>
                  <String HEIGHT="44"
                          WIDTH="221"
                          VPOS="2497"
                          HPOS="676"
                          CONTENT="Innocentius"/>
                  <SP HEIGHT="44" WIDTH="15" VPOS="2497" HPOS="897"/>
                  <String HEIGHT="44"
                          WIDTH="162"
                          VPOS="2497"
                          HPOS="853"
                          CONTENT="tertius"/>
                  <SP HEIGHT="44" WIDTH="15" VPOS="2497" HPOS="1015"/>
                  <String HEIGHT="44"
                          WIDTH="103"
                          VPOS="2497"
                          HPOS="956"
                          CONTENT="extra"/>
               </TextLine>
               <TextLine ID="r2l60"
                         BASELINE="2575"
                         HEIGHT="48"
                         WIDTH="833"
                         VPOS="2527"
                         HPOS="222">
                  <String HEIGHT="48" WIDTH="83" VPOS="2527" HPOS="208" CONTENT="de"/>
                  <SP HEIGHT="48" WIDTH="14" VPOS="2527" HPOS="291"/>
                  <String HEIGHT="48"
                          WIDTH="180"
                          VPOS="2527"
                          HPOS="250"
                          CONTENT="baptismo,"/>
                  <SP HEIGHT="48" WIDTH="14" VPOS="2527" HPOS="430"/>
                  <String HEIGHT="48" WIDTH="69" VPOS="2527" HPOS="389" CONTENT="&amp;"/>
                  <SP HEIGHT="48" WIDTH="14" VPOS="2527" HPOS="458"/>
                  <String HEIGHT="48"
                          WIDTH="111"
                          VPOS="2527"
                          HPOS="416"
                          CONTENT="eius"/>
                  <SP HEIGHT="48" WIDTH="14" VPOS="2527" HPOS="527"/>
                  <String HEIGHT="48"
                          WIDTH="153"
                          VPOS="2527"
                          HPOS="486"
                          CONTENT="effectu"/>
                  <SP HEIGHT="48" WIDTH="14" VPOS="2527" HPOS="639"/>
                  <String HEIGHT="48"
                          WIDTH="167"
                          VPOS="2527"
                          HPOS="597"
                          CONTENT="maiores,"/>
                  <SP HEIGHT="48" WIDTH="14" VPOS="2527" HPOS="763"/>
                  <String HEIGHT="48" WIDTH="97" VPOS="2527" HPOS="722" CONTENT="sic"/>
                  <SP HEIGHT="48" WIDTH="14" VPOS="2527" HPOS="819"/>
                  <String HEIGHT="48"
                          WIDTH="111"
                          VPOS="2527"
                          HPOS="777"
                          CONTENT="ait."/>
                  <SP HEIGHT="48" WIDTH="14" VPOS="2527" HPOS="888"/>
                  <String HEIGHT="48" WIDTH="97" VPOS="2527" HPOS="847" CONTENT="Qui"/>
                  <SP HEIGHT="48" WIDTH="14" VPOS="2527" HPOS="944"/>
                  <String HEIGHT="48"
                          WIDTH="125"
                          VPOS="2527"
                          HPOS="902"
                          CONTENT="ficte"/>
                  <SP HEIGHT="48" WIDTH="14" VPOS="2527" HPOS="1027"/>
                  <String HEIGHT="48"
                          WIDTH="83"
                          VPOS="2527"
                          HPOS="972"
                          CONTENT="acc"
                          SUBS_TYPE="HypPart1"
                          SUBS_CONTENT="accdit"/>
                  <HYP CONTENT="-"/>
               </TextLine>
               <TextLine ID="r2l61"
                         BASELINE="2620"
                         HEIGHT="45"
                         WIDTH="846"
                         VPOS="2575"
                         HPOS="214">
                  <String HEIGHT="45"
                          WIDTH="104"
                          VPOS="2575"
                          HPOS="199"
                          CONTENT="dit"
                          SUBS_TYPE="HypPart2"
                          SUBS_CONTENT="accdit"/>
                  <SP HEIGHT="45" WIDTH="15" VPOS="2575" HPOS="303"/>
                  <String HEIGHT="45" WIDTH="89" VPOS="2575" HPOS="259" CONTENT="ad"/>
                  <SP HEIGHT="45" WIDTH="15" VPOS="2575" HPOS="348"/>
                  <String HEIGHT="45"
                          WIDTH="208"
                          VPOS="2575"
                          HPOS="303"
                          CONTENT="baptismum,"/>
                  <SP HEIGHT="45" WIDTH="15" VPOS="2575" HPOS="511"/>
                  <String HEIGHT="45"
                          WIDTH="223"
                          VPOS="2575"
                          HPOS="466"
                          CONTENT="characterem"/>
                  <SP HEIGHT="45" WIDTH="15" VPOS="2575" HPOS="689"/>
                  <String HEIGHT="45"
                          WIDTH="178"
                          VPOS="2575"
                          HPOS="644"
                          CONTENT="suscipit"/>
                  <SP HEIGHT="45" WIDTH="15" VPOS="2575" HPOS="823"/>
                  <String HEIGHT="45"
                          WIDTH="282"
                          VPOS="2575"
                          HPOS="778"
                          CONTENT="christianitatis"/>
                  <SP HEIGHT="45" WIDTH="15" VPOS="2575" HPOS="1060"/>
                  <String HEIGHT="45" WIDTH="59" VPOS="2575" HPOS="1001" CONTENT="im"/>
               </TextLine>
               <TextLine ID="r2l62"
                         BASELINE="2663"
                         HEIGHT="47"
                         WIDTH="836"
                         VPOS="2616"
                         HPOS="218">
                  <String HEIGHT="47"
                          WIDTH="193"
                          VPOS="2616"
                          HPOS="202"
                          CONTENT="pressum."/>
                  <SP HEIGHT="47" WIDTH="16" VPOS="2616" HPOS="395"/>
                  <String HEIGHT="47" WIDTH="96" VPOS="2616" HPOS="347" CONTENT="Et"/>
                  <SP HEIGHT="47" WIDTH="16" VPOS="2616" HPOS="443"/>
                  <String HEIGHT="47"
                          WIDTH="161"
                          VPOS="2616"
                          HPOS="395"
                          CONTENT="subdit"/>
                  <SP HEIGHT="47" WIDTH="16" VPOS="2616" HPOS="556"/>
                  <String HEIGHT="47"
                          WIDTH="177"
                          VPOS="2616"
                          HPOS="507"
                          CONTENT="ibidem."/>
                  <SP HEIGHT="47" WIDTH="16" VPOS="2616" HPOS="684"/>
                  <String HEIGHT="47"
                          WIDTH="129"
                          VPOS="2616"
                          HPOS="636"
                          CONTENT="Tunc"/>
                  <SP HEIGHT="47" WIDTH="16" VPOS="2616" HPOS="765"/>
                  <String HEIGHT="47"
                          WIDTH="241"
                          VPOS="2616"
                          HPOS="716"
                          CONTENT="characterem"/>
                  <SP HEIGHT="47" WIDTH="16" VPOS="2616" HPOS="958"/>
                  <String HEIGHT="47"
                          WIDTH="161"
                          VPOS="2616"
                          HPOS="893"
                          CONTENT="sacramen"/>
               </TextLine>
               <TextLine ID="r2l63"
                         BASELINE="2700"
                         HEIGHT="40"
                         WIDTH="849"
                         VPOS="2660"
                         HPOS="218">
                  <String HEIGHT="40"
                          WIDTH="142"
                          VPOS="2660"
                          HPOS="202"
                          CONTENT="talis"/>
                  <SP HEIGHT="40" WIDTH="16" VPOS="2660" HPOS="344"/>
                  <String HEIGHT="40"
                          WIDTH="189"
                          VPOS="2660"
                          HPOS="297"
                          CONTENT="imprimit"/>
                  <SP HEIGHT="40" WIDTH="16" VPOS="2660" HPOS="485"/>
                  <String HEIGHT="40"
                          WIDTH="204"
                          VPOS="2660"
                          HPOS="438"
                          CONTENT="operatio,"/>
                  <SP HEIGHT="40" WIDTH="16" VPOS="2660" HPOS="643"/>
                  <String HEIGHT="40"
                          WIDTH="110"
                          VPOS="2660"
                          HPOS="595"
                          CONTENT="cum"/>
                  <SP HEIGHT="40" WIDTH="16" VPOS="2660" HPOS="705"/>
                  <String HEIGHT="40"
                          WIDTH="157"
                          VPOS="2660"
                          HPOS="658"
                          CONTENT="obicem"/>
                  <SP HEIGHT="40" WIDTH="16" VPOS="2660" HPOS="815"/>
                  <String HEIGHT="40"
                          WIDTH="220"
                          VPOS="2660"
                          HPOS="768"
                          CONTENT="voluntatis"/>
                  <SP HEIGHT="40" WIDTH="16" VPOS="2660" HPOS="988"/>
                  <String HEIGHT="40"
                          WIDTH="142"
                          VPOS="2660"
                          HPOS="926"
                          CONTENT="contra"
                          SUBS_TYPE="HypPart1"
                          SUBS_CONTENT="contrariae"/>
                  <HYP CONTENT="-"/>
               </TextLine>
               <TextLine ID="r2l64"
                         BASELINE="2739"
                         HEIGHT="45"
                         WIDTH="846"
                         VPOS="2694"
                         HPOS="217">
                  <String HEIGHT="45"
                          WIDTH="117"
                          VPOS="2694"
                          HPOS="202"
                          CONTENT="riae"
                          SUBS_TYPE="HypPart2"
                          SUBS_CONTENT="contrariae"/>
                  <SP HEIGHT="45" WIDTH="15" VPOS="2694" HPOS="319"/>
                  <String HEIGHT="45"
                          WIDTH="102"
                          VPOS="2694"
                          HPOS="275"
                          CONTENT="non"/>
                  <SP HEIGHT="45" WIDTH="15" VPOS="2694" HPOS="377"/>
                  <String HEIGHT="45"
                          WIDTH="160"
                          VPOS="2694"
                          HPOS="334"
                          CONTENT="inuenit"/>
                  <SP HEIGHT="45" WIDTH="15" VPOS="2694" HPOS="494"/>
                  <String HEIGHT="45"
                          WIDTH="233"
                          VPOS="2694"
                          HPOS="450"
                          CONTENT="obsistentem,"/>
                  <SP HEIGHT="45" WIDTH="15" VPOS="2694" HPOS="684"/>
                  <String HEIGHT="45" WIDTH="88" VPOS="2694" HPOS="640" CONTENT="Ex"/>
                  <SP HEIGHT="45" WIDTH="15" VPOS="2694" HPOS="728"/>
                  <String HEIGHT="45"
                          WIDTH="102"
                          VPOS="2694"
                          HPOS="684"
                          CONTENT="quo"/>
                  <SP HEIGHT="45" WIDTH="15" VPOS="2694" HPOS="786"/>
                  <String HEIGHT="45"
                          WIDTH="146"
                          VPOS="2694"
                          HPOS="742"
                          CONTENT="patet,"/>
                  <SP HEIGHT="45" WIDTH="15" VPOS="2694" HPOS="888"/>
                  <String HEIGHT="45"
                          WIDTH="117"
                          VPOS="2694"
                          HPOS="844"
                          CONTENT="quod"/>
                  <SP HEIGHT="45" WIDTH="15" VPOS="2694" HPOS="961"/>
                  <String HEIGHT="45"
                          WIDTH="160"
                          VPOS="2694"
                          HPOS="903"
                          CONTENT="praedicta"/>
               </TextLine>
               <TextLine ID="r2l65"
                         BASELINE="2778"
                         HEIGHT="45"
                         WIDTH="833"
                         VPOS="2733"
                         HPOS="228">
                  <String HEIGHT="45"
                          WIDTH="151"
                          VPOS="2733"
                          HPOS="213"
                          CONTENT="opinio"/>
                  <SP HEIGHT="45" WIDTH="15" VPOS="2733" HPOS="364"/>
                  <String HEIGHT="45"
                          WIDTH="182"
                          VPOS="2733"
                          HPOS="319"
                          CONTENT="expresse"/>
                  <SP HEIGHT="45" WIDTH="15" VPOS="2733" HPOS="501"/>
                  <String HEIGHT="45"
                          WIDTH="167"
                          VPOS="2733"
                          HPOS="455"
                          CONTENT="videtur"/>
                  <SP HEIGHT="45" WIDTH="15" VPOS="2733" HPOS="622"/>
                  <String HEIGHT="45"
                          WIDTH="121"
                          VPOS="2733"
                          HPOS="576"
                          CONTENT="esse"/>
                  <SP HEIGHT="45" WIDTH="15" VPOS="2733" HPOS="698"/>
                  <String HEIGHT="45"
                          WIDTH="151"
                          VPOS="2733"
                          HPOS="652"
                          CONTENT="contra"/>
                  <SP HEIGHT="45" WIDTH="15" VPOS="2733" HPOS="804"/>
                  <String HEIGHT="45"
                          WIDTH="288"
                          VPOS="2733"
                          HPOS="758"
                          CONTENT="determinationem"/>
                  <SP HEIGHT="45" WIDTH="15" VPOS="2733" HPOS="1046"/>
                  <String HEIGHT="45"
                          WIDTH="76"
                          VPOS="2733"
                          HPOS="985"
                          CONTENT="ec"
                          SUBS_TYPE="HypPart1"
                          SUBS_CONTENT="ecclesiae,"/>
                  <HYP CONTENT="-"/>
               </TextLine>
               <TextLine ID="r2l66"
                         BASELINE="2813"
                         HEIGHT="47"
                         WIDTH="695"
                         VPOS="2766"
                         HPOS="222">
                  <String HEIGHT="47"
                          WIDTH="190"
                          VPOS="2766"
                          HPOS="206"
                          CONTENT="clesiae,"
                          SUBS_TYPE="HypPart2"
                          SUBS_CONTENT="ecclesiae,"/>
                  <SP HEIGHT="47" WIDTH="16" VPOS="2766" HPOS="396"/>
                  <String HEIGHT="47" WIDTH="79" VPOS="2766" HPOS="348" CONTENT="&amp;"/>
                  <SP HEIGHT="47" WIDTH="16" VPOS="2766" HPOS="427"/>
                  <String HEIGHT="47"
                          WIDTH="111"
                          VPOS="2766"
                          HPOS="380"
                          CONTENT="per"/>
                  <SP HEIGHT="47" WIDTH="16" VPOS="2766" HPOS="491"/>
                  <String HEIGHT="47"
                          WIDTH="221"
                          VPOS="2766"
                          HPOS="443"
                          CONTENT="consequens"/>
                  <SP HEIGHT="47" WIDTH="16" VPOS="2766" HPOS="664"/>
                  <String HEIGHT="47"
                          WIDTH="221"
                          VPOS="2766"
                          HPOS="617"
                          CONTENT="nullatenus"/>
                  <SP HEIGHT="47" WIDTH="16" VPOS="2766" HPOS="838"/>
                  <String HEIGHT="47"
                          WIDTH="142"
                          VPOS="2766"
                          HPOS="775"
                          CONTENT="tenenda"/>
               </TextLine>
               <TextLine ID="r2l67"
                         BASELINE="2854"
                         HEIGHT="49"
                         WIDTH="804"
                         VPOS="2805"
                         HPOS="264">
                  <String HEIGHT="49" WIDTH="98" VPOS="2805" HPOS="248" CONTENT="Ad"/>
                  <SP HEIGHT="49" WIDTH="16" VPOS="2805" HPOS="346"/>
                  <String HEIGHT="49"
                          WIDTH="164"
                          VPOS="2805"
                          HPOS="297"
                          CONTENT="primum"/>
                  <SP HEIGHT="49" WIDTH="16" VPOS="2805" HPOS="461"/>
                  <String HEIGHT="49"
                          WIDTH="213"
                          VPOS="2805"
                          HPOS="412"
                          CONTENT="dicendum,"/>
                  <SP HEIGHT="49" WIDTH="16" VPOS="2805" HPOS="625"/>
                  <String HEIGHT="49"
                          WIDTH="131"
                          VPOS="2805"
                          HPOS="576"
                          CONTENT="quod"/>
                  <SP HEIGHT="49" WIDTH="16" VPOS="2805" HPOS="707"/>
                  <String HEIGHT="49"
                          WIDTH="148"
                          VPOS="2805"
                          HPOS="658"
                          CONTENT="minor"/>
                  <SP HEIGHT="49" WIDTH="16" VPOS="2805" HPOS="805"/>
                  <String HEIGHT="49"
                          WIDTH="115"
                          VPOS="2805"
                          HPOS="756"
                          CONTENT="est"/>
                  <SP HEIGHT="49" WIDTH="16" VPOS="2805" HPOS="871"/>
                  <String HEIGHT="49"
                          WIDTH="148"
                          VPOS="2805"
                          HPOS="822"
                          CONTENT="vera:"/>
                  <SP HEIGHT="49" WIDTH="16" VPOS="2805" HPOS="970"/>
                  <String HEIGHT="49"
                          WIDTH="131"
                          VPOS="2805"
                          HPOS="920"
                          CONTENT="quia"/>
                  <SP HEIGHT="49" WIDTH="16" VPOS="2805" HPOS="1052"/>
                  <String HEIGHT="49" WIDTH="82" VPOS="2805" HPOS="986" CONTENT="mul"/>
               </TextLine>
               <TextLine ID="r2l68"
                         BASELINE="2900"
                         HEIGHT="51"
                         WIDTH="829"
                         VPOS="2849"
                         HPOS="233">
                  <String HEIGHT="51" WIDTH="86" VPOS="2849" HPOS="219" CONTENT="ti"/>
                  <SP HEIGHT="51" WIDTH="14" VPOS="2849" HPOS="304"/>
                  <String HEIGHT="51"
                          WIDTH="186"
                          VPOS="2849"
                          HPOS="262"
                          CONTENT="baptixati"/>
                  <SP HEIGHT="51" WIDTH="14" VPOS="2849" HPOS="447"/>
                  <String HEIGHT="51"
                          WIDTH="129"
                          VPOS="2849"
                          HPOS="405"
                          CONTENT="sunt,"/>
                  <SP HEIGHT="51" WIDTH="14" VPOS="2849" HPOS="533"/>
                  <String HEIGHT="51"
                          WIDTH="100"
                          VPOS="2849"
                          HPOS="490"
                          CONTENT="qui"/>
                  <SP HEIGHT="51" WIDTH="14" VPOS="2849" HPOS="590"/>
                  <String HEIGHT="51" WIDTH="71" VPOS="2849" HPOS="547" CONTENT="a"/>
                  <SP HEIGHT="51" WIDTH="14" VPOS="2849" HPOS="619"/>
                  <String HEIGHT="51"
                          WIDTH="100"
                          VPOS="2849"
                          HPOS="576"
                          CONTENT="non"/>
                  <SP HEIGHT="51" WIDTH="14" VPOS="2849" HPOS="676"/>
                  <String HEIGHT="51"
                          WIDTH="200"
                          VPOS="2849"
                          HPOS="633"
                          CONTENT="baptixatis"/>
                  <SP HEIGHT="51" WIDTH="14" VPOS="2849" HPOS="833"/>
                  <String HEIGHT="51"
                          WIDTH="257"
                          VPOS="2849"
                          HPOS="790"
                          CONTENT="distinguuntur,"/>
                  <SP HEIGHT="51" WIDTH="14" VPOS="2849" HPOS="1048"/>
                  <String HEIGHT="51" WIDTH="71" VPOS="2849" HPOS="991" CONTENT="qui"/>
               </TextLine>
               <TextLine ID="r2l69"
                         BASELINE="2935"
                         HEIGHT="39"
                         WIDTH="838"
                         VPOS="2896"
                         HPOS="227">
                  <String HEIGHT="39"
                          WIDTH="140"
                          VPOS="2896"
                          HPOS="211"
                          CONTENT="tamen"/>
                  <SP HEIGHT="39" WIDTH="16" VPOS="2896" HPOS="351"/>
                  <String HEIGHT="39"
                          WIDTH="109"
                          VPOS="2896"
                          HPOS="305"
                          CONTENT="nec"/>
                  <SP HEIGHT="39" WIDTH="16" VPOS="2896" HPOS="413"/>
                  <String HEIGHT="39"
                          WIDTH="155"
                          VPOS="2896"
                          HPOS="367"
                          CONTENT="habent"/>
                  <SP HEIGHT="39" WIDTH="16" VPOS="2896" HPOS="522"/>
                  <String HEIGHT="39"
                          WIDTH="155"
                          VPOS="2896"
                          HPOS="475"
                          CONTENT="fidem,"/>
                  <SP HEIGHT="39" WIDTH="16" VPOS="2896" HPOS="630"/>
                  <String HEIGHT="39"
                          WIDTH="109"
                          VPOS="2896"
                          HPOS="584"
                          CONTENT="nec"/>
                  <SP HEIGHT="39" WIDTH="16" VPOS="2896" HPOS="693"/>
                  <String HEIGHT="39"
                          WIDTH="186"
                          VPOS="2896"
                          HPOS="646"
                          CONTENT="gratiam,"/>
                  <SP HEIGHT="39" WIDTH="16" VPOS="2896" HPOS="832"/>
                  <String HEIGHT="39"
                          WIDTH="109"
                          VPOS="2896"
                          HPOS="786"
                          CONTENT="nec"/>
                  <SP HEIGHT="39" WIDTH="16" VPOS="2896" HPOS="894"/>
                  <String HEIGHT="39"
                          WIDTH="233"
                          VPOS="2896"
                          HPOS="832"
                          CONTENT="characterem;:"/>
               </TextLine>
               <TextLine ID="r2l70"
                         BASELINE="2968"
                         HEIGHT="46"
                         WIDTH="835"
                         VPOS="2922"
                         HPOS="231">
                  <String HEIGHT="46"
                          WIDTH="134"
                          VPOS="2922"
                          HPOS="216"
                          CONTENT="sicut"/>
                  <SP HEIGHT="46" WIDTH="15" VPOS="2922" HPOS="350"/>
                  <String HEIGHT="46"
                          WIDTH="134"
                          VPOS="2922"
                          HPOS="306"
                          CONTENT="patet"/>
                  <SP HEIGHT="46" WIDTH="15" VPOS="2922" HPOS="440"/>
                  <String HEIGHT="46" WIDTH="89" VPOS="2922" HPOS="395" CONTENT="de"/>
                  <SP HEIGHT="46" WIDTH="15" VPOS="2922" HPOS="484"/>
                  <String HEIGHT="46"
                          WIDTH="119"
                          VPOS="2922"
                          HPOS="440"
                          CONTENT="his,"/>
                  <SP HEIGHT="46" WIDTH="15" VPOS="2922" HPOS="559"/>
                  <String HEIGHT="46"
                          WIDTH="104"
                          VPOS="2922"
                          HPOS="514"
                          CONTENT="qui"/>
                  <SP HEIGHT="46" WIDTH="15" VPOS="2922" HPOS="619"/>
                  <String HEIGHT="46"
                          WIDTH="119"
                          VPOS="2922"
                          HPOS="574"
                          CONTENT="post"/>
                  <SP HEIGHT="46" WIDTH="15" VPOS="2922" HPOS="693"/>
                  <String HEIGHT="46"
                          WIDTH="194"
                          VPOS="2922"
                          HPOS="649"
                          CONTENT="baptismum"/>
                  <SP HEIGHT="46" WIDTH="15" VPOS="2922" HPOS="842"/>
                  <String HEIGHT="46"
                          WIDTH="179"
                          VPOS="2922"
                          HPOS="798"
                          CONTENT="labuntur"/>
                  <SP HEIGHT="46" WIDTH="15" VPOS="2922" HPOS="977"/>
                  <String HEIGHT="46" WIDTH="89" VPOS="2922" HPOS="932" CONTENT="in"/>
                  <SP HEIGHT="46" WIDTH="15" VPOS="2922" HPOS="1021"/>
                  <String HEIGHT="46"
                          WIDTH="104"
                          VPOS="2922"
                          HPOS="962"
                          CONTENT="here"
                          SUBS_TYPE="HypPart1"
                          SUBS_CONTENT="heresim,"/>
                  <HYP CONTENT="-"/>
               </TextLine>
               <TextLine ID="r2l71"
                         BASELINE="3011"
                         HEIGHT="41"
                         WIDTH="854"
                         VPOS="2970"
                         HPOS="215">
                  <String HEIGHT="41"
                          WIDTH="127"
                          VPOS="2970"
                          HPOS="199"
                          CONTENT="sim,"
                          SUBS_TYPE="HypPart2"
                          SUBS_CONTENT="heresim,"/>
                  <SP HEIGHT="41" WIDTH="16" VPOS="2970" HPOS="326"/>
                  <String HEIGHT="41"
                          WIDTH="158"
                          VPOS="2970"
                          HPOS="278"
                          CONTENT="quorum"/>
                  <SP HEIGHT="41" WIDTH="16" VPOS="2970" HPOS="436"/>
                  <String HEIGHT="41"
                          WIDTH="269"
                          VPOS="2970"
                          HPOS="389"
                          CONTENT="distinctionem"/>
                  <SP HEIGHT="41" WIDTH="16" VPOS="2970" HPOS="658"/>
                  <String HEIGHT="41" WIDTH="79" VPOS="2970" HPOS="610" CONTENT="a"/>
                  <SP HEIGHT="41" WIDTH="16" VPOS="2970" HPOS="689"/>
                  <String HEIGHT="41"
                          WIDTH="111"
                          VPOS="2970"
                          HPOS="642"
                          CONTENT="non"/>
                  <SP HEIGHT="41" WIDTH="16" VPOS="2970" HPOS="753"/>
                  <String HEIGHT="41"
                          WIDTH="221"
                          VPOS="2970"
                          HPOS="705"
                          CONTENT="baptixatis"/>
                  <SP HEIGHT="41" WIDTH="16" VPOS="2970" HPOS="927"/>
                  <String HEIGHT="41"
                          WIDTH="174"
                          VPOS="2970"
                          HPOS="879"
                          CONTENT="saluare"/>
                  <SP HEIGHT="41" WIDTH="16" VPOS="2970" HPOS="1053"/>
                  <String HEIGHT="41" WIDTH="79" VPOS="2970" HPOS="990" CONTENT="non"/>
               </TextLine>
               <TextLine ID="r2l72"
                         BASELINE="3060"
                         HEIGHT="48"
                         WIDTH="848"
                         VPOS="3012"
                         HPOS="218">
                  <String HEIGHT="48"
                          WIDTH="212"
                          VPOS="3012"
                          HPOS="202"
                          CONTENT="possemus,"/>
                  <SP HEIGHT="48" WIDTH="16" VPOS="3012" HPOS="414"/>
                  <String HEIGHT="48" WIDTH="98" VPOS="3012" HPOS="365" CONTENT="si"/>
                  <SP HEIGHT="48" WIDTH="16" VPOS="3012" HPOS="463"/>
                  <String HEIGHT="48"
                          WIDTH="245"
                          VPOS="3012"
                          HPOS="414"
                          CONTENT="characterem"/>
                  <SP HEIGHT="48" WIDTH="16" VPOS="3012" HPOS="658"/>
                  <String HEIGHT="48"
                          WIDTH="114"
                          VPOS="3012"
                          HPOS="609"
                          CONTENT="non"/>
                  <SP HEIGHT="48" WIDTH="16" VPOS="3012" HPOS="724"/>
                  <String HEIGHT="48"
                          WIDTH="228"
                          VPOS="3012"
                          HPOS="675"
                          CONTENT="poneremus."/>
                  <SP HEIGHT="48" WIDTH="16" VPOS="3012" HPOS="903"/>
                  <String HEIGHT="48"
                          WIDTH="147"
                          VPOS="3012"
                          HPOS="854"
                          CONTENT="Etiam"/>
                  <SP HEIGHT="48" WIDTH="16" VPOS="3012" HPOS="1001"/>
                  <String HEIGHT="48"
                          WIDTH="130"
                          VPOS="3012"
                          HPOS="936"
                          CONTENT="falsum"/>
               </TextLine>
               <TextLine ID="r2l73"
                         BASELINE="3089"
                         HEIGHT="40"
                         WIDTH="846"
                         VPOS="3049"
                         HPOS="221">
                  <String HEIGHT="40"
                          WIDTH="199"
                          VPOS="3049"
                          HPOS="204"
                          CONTENT="assumunt"/>
                  <SP HEIGHT="40" WIDTH="17" VPOS="3049" HPOS="403"/>
                  <String HEIGHT="40"
                          WIDTH="116"
                          VPOS="3049"
                          HPOS="354"
                          CONTENT="cum"/>
                  <SP HEIGHT="40" WIDTH="17" VPOS="3049" HPOS="470"/>
                  <String HEIGHT="40"
                          WIDTH="166"
                          VPOS="3049"
                          HPOS="420"
                          CONTENT="dicunt"/>
                  <SP HEIGHT="40" WIDTH="17" VPOS="3049" HPOS="586"/>
                  <String HEIGHT="40"
                          WIDTH="133"
                          VPOS="3049"
                          HPOS="536"
                          CONTENT="quod"/>
                  <SP HEIGHT="40" WIDTH="17" VPOS="3049" HPOS="669"/>
                  <String HEIGHT="40"
                          WIDTH="149"
                          VPOS="3049"
                          HPOS="619"
                          CONTENT="anima"/>
                  <SP HEIGHT="40" WIDTH="17" VPOS="3049" HPOS="768"/>
                  <String HEIGHT="40"
                          WIDTH="232"
                          VPOS="3049"
                          HPOS="719"
                          CONTENT="rationalis"/>
                  <SP HEIGHT="40" WIDTH="17" VPOS="3049" HPOS="951"/>
                  <String HEIGHT="40"
                          WIDTH="116"
                          VPOS="3049"
                          HPOS="901"
                          CONTENT="sit"/>
                  <SP HEIGHT="40" WIDTH="17" VPOS="3049" HPOS="1017"/>
                  <String HEIGHT="40"
                          WIDTH="116"
                          VPOS="3049"
                          HPOS="951"
                          CONTENT="summe"/>
               </TextLine>
               <TextLine ID="r2l74"
                         BASELINE="3128"
                         HEIGHT="47"
                         WIDTH="840"
                         VPOS="3081"
                         HPOS="224">
                  <String HEIGHT="47"
                          WIDTH="185"
                          VPOS="3081"
                          HPOS="210"
                          CONTENT="disposita"/>
                  <SP HEIGHT="47" WIDTH="14" VPOS="3081" HPOS="395"/>
                  <String HEIGHT="47" WIDTH="85" VPOS="3081" HPOS="352" CONTENT="ex"/>
                  <SP HEIGHT="47" WIDTH="14" VPOS="3081" HPOS="438"/>
                  <String HEIGHT="47" WIDTH="85" VPOS="3081" HPOS="395" CONTENT="se"/>
                  <SP HEIGHT="47" WIDTH="14" VPOS="3081" HPOS="480"/>
                  <String HEIGHT="47" WIDTH="85" VPOS="3081" HPOS="438" CONTENT="ad"/>
                  <SP HEIGHT="47" WIDTH="14" VPOS="3081" HPOS="523"/>
                  <String HEIGHT="47"
                          WIDTH="214"
                          VPOS="3081"
                          HPOS="480"
                          CONTENT="receptionem"/>
                  <SP HEIGHT="47" WIDTH="14" VPOS="3081" HPOS="694"/>
                  <String HEIGHT="47"
                          WIDTH="171"
                          VPOS="3081"
                          HPOS="651"
                          CONTENT="gratiae:"/>
                  <SP HEIGHT="47" WIDTH="14" VPOS="3081" HPOS="822"/>
                  <String HEIGHT="47"
                          WIDTH="114"
                          VPOS="3081"
                          HPOS="779"
                          CONTENT="quia"/>
                  <SP HEIGHT="47" WIDTH="14" VPOS="3081" HPOS="893"/>
                  <String HEIGHT="47"
                          WIDTH="128"
                          VPOS="3081"
                          HPOS="850"
                          CONTENT="omnis"/>
                  <SP HEIGHT="47" WIDTH="14" VPOS="3081" HPOS="979"/>
                  <String HEIGHT="47"
                          WIDTH="114"
                          VPOS="3081"
                          HPOS="936"
                          CONTENT="illa"/>
                  <SP HEIGHT="47" WIDTH="14" VPOS="3081" HPOS="1050"/>
                  <String HEIGHT="47" WIDTH="71" VPOS="3081" HPOS="993" CONTENT="for"/>
               </TextLine>
               <TextLine ID="r2l75"
                         BASELINE="3185"
                         HEIGHT="62"
                         WIDTH="847"
                         VPOS="3123"
                         HPOS="224">
                  <String HEIGHT="62" WIDTH="91" VPOS="3123" HPOS="209" CONTENT="ma"/>
                  <SP HEIGHT="62" WIDTH="15" VPOS="3123" HPOS="300"/>
                  <String HEIGHT="62"
                          WIDTH="227"
                          VPOS="3123"
                          HPOS="254"
                          CONTENT="naturaliter"/>
                  <SP HEIGHT="62" WIDTH="15" VPOS="3123" HPOS="481"/>
                  <String HEIGHT="62"
                          WIDTH="197"
                          VPOS="3123"
                          HPOS="436"
                          CONTENT="inducitur"/>
                  <SP HEIGHT="62" WIDTH="15" VPOS="3123" HPOS="632"/>
                  <String HEIGHT="62" WIDTH="91" VPOS="3123" HPOS="587" CONTENT="in"/>
                  <SP HEIGHT="62" WIDTH="15" VPOS="3123" HPOS="678"/>
                  <String HEIGHT="62"
                          WIDTH="212"
                          VPOS="3123"
                          HPOS="632"
                          CONTENT="subiectum,"/>
                  <SP HEIGHT="62" WIDTH="15" VPOS="3123" HPOS="844"/>
                  <String HEIGHT="62" WIDTH="91" VPOS="3123" HPOS="799" CONTENT="ad"/>
                  <SP HEIGHT="62" WIDTH="15" VPOS="3123" HPOS="890"/>
                  <String HEIGHT="62"
                          WIDTH="121"
                          VPOS="3123"
                          HPOS="844"
                          CONTENT="quam"/>
                  <SP HEIGHT="62" WIDTH="15" VPOS="3123" HPOS="965"/>
                  <String HEIGHT="62"
                          WIDTH="166"
                          VPOS="3123"
                          HPOS="905"
                          CONTENT="subiectum"/>
               </TextLine>
            </TextBlock>
            <TextBlock ID="TextRegion_1603046501022_6011"
                       HEIGHT="2964"
                       WIDTH="854"
                       VPOS="240"
                       HPOS="1106">
               <Shape>
                  <Polygon POINTS="1106,240 1960,240 1960,3204 1106,3204"/>
               </Shape>
               <TextLine ID="r3l4"
                         BASELINE="340"
                         HEIGHT="61"
                         WIDTH="848"
                         VPOS="279"
                         HPOS="1107">
                  <String HEIGHT="61" WIDTH="89" VPOS="279" HPOS="1092" CONTENT="ex"/>
                  <SP HEIGHT="61" WIDTH="15" VPOS="279" HPOS="1181"/>
                  <String HEIGHT="61" WIDTH="89" VPOS="279" HPOS="1137" CONTENT="se"/>
                  <SP HEIGHT="61" WIDTH="15" VPOS="279" HPOS="1226"/>
                  <String HEIGHT="61"
                          WIDTH="104"
                          VPOS="279"
                          HPOS="1181"
                          CONTENT="est"/>
                  <SP HEIGHT="61" WIDTH="15" VPOS="279" HPOS="1286"/>
                  <String HEIGHT="61"
                          WIDTH="134"
                          VPOS="279"
                          HPOS="1241"
                          CONTENT="summe"/>
                  <SP HEIGHT="61" WIDTH="15" VPOS="279" HPOS="1375"/>
                  <String HEIGHT="61"
                          WIDTH="223"
                          VPOS="279"
                          HPOS="1330"
                          CONTENT="dispositum,"/>
                  <SP HEIGHT="61" WIDTH="15" VPOS="279" HPOS="1553"/>
                  <String HEIGHT="61" WIDTH="74" VPOS="279" HPOS="1509" CONTENT="&amp;"/>
                  <SP HEIGHT="61" WIDTH="15" VPOS="279" HPOS="1583"/>
                  <String HEIGHT="61"
                          WIDTH="104"
                          VPOS="279"
                          HPOS="1538"
                          CONTENT="sic"/>
                  <SP HEIGHT="61" WIDTH="15" VPOS="279" HPOS="1643"/>
                  <String HEIGHT="61"
                          WIDTH="149"
                          VPOS="279"
                          HPOS="1598"
                          CONTENT="gratia"/>
                  <SP HEIGHT="61" WIDTH="15" VPOS="279" HPOS="1747"/>
                  <String HEIGHT="61"
                          WIDTH="134"
                          VPOS="279"
                          HPOS="1702"
                          CONTENT="esset"/>
                  <SP HEIGHT="61" WIDTH="15" VPOS="279" HPOS="1836"/>
                  <String HEIGHT="61"
                          WIDTH="134"
                          VPOS="279"
                          HPOS="1791"
                          CONTENT="forma"/>
                  <SP HEIGHT="61" WIDTH="15" VPOS="279" HPOS="1925"/>
                  <String HEIGHT="61"
                          WIDTH="89"
                          VPOS="279"
                          HPOS="1866"
                          CONTENT="natu"/>
               </TextLine>
               <TextLine ID="r3l5"
                         BASELINE="375"
                         HEIGHT="43"
                         WIDTH="844"
                         VPOS="332"
                         HPOS="1106">
                  <String HEIGHT="43"
                          WIDTH="141"
                          VPOS="332"
                          HPOS="1090"
                          CONTENT="ralis"/>
                  <SP HEIGHT="43" WIDTH="16" VPOS="332" HPOS="1231"/>
                  <String HEIGHT="43"
                          WIDTH="172"
                          VPOS="332"
                          HPOS="1184"
                          CONTENT="humanae"/>
                  <SP HEIGHT="43" WIDTH="16" VPOS="332" HPOS="1356"/>
                  <String HEIGHT="43"
                          WIDTH="172"
                          VPOS="332"
                          HPOS="1309"
                          CONTENT="animae,"/>
                  <SP HEIGHT="43" WIDTH="16" VPOS="332" HPOS="1481"/>
                  <String HEIGHT="43"
                          WIDTH="125"
                          VPOS="332"
                          HPOS="1434"
                          CONTENT="quod"/>
                  <SP HEIGHT="43" WIDTH="16" VPOS="332" HPOS="1559"/>
                  <String HEIGHT="43"
                          WIDTH="109"
                          VPOS="332"
                          HPOS="1512"
                          CONTENT="est"/>
                  <SP HEIGHT="43" WIDTH="16" VPOS="332" HPOS="1622"/>
                  <String HEIGHT="43"
                          WIDTH="266"
                          VPOS="332"
                          HPOS="1575"
                          CONTENT="inconueniens."/>
                  <SP HEIGHT="43" WIDTH="16" VPOS="332" HPOS="1841"/>
                  <String HEIGHT="43"
                          WIDTH="172"
                          VPOS="332"
                          HPOS="1778"
                          CONTENT="Praeterea"/>
               </TextLine>
               <TextLine ID="r3l6"
                         BASELINE="415"
                         HEIGHT="46"
                         WIDTH="848"
                         VPOS="369"
                         HPOS="1113">
                  <String HEIGHT="46"
                          WIDTH="139"
                          VPOS="369"
                          HPOS="1098"
                          CONTENT="anima"/>
                  <SP HEIGHT="46" WIDTH="15" VPOS="369" HPOS="1236"/>
                  <String HEIGHT="46"
                          WIDTH="170"
                          VPOS="369"
                          HPOS="1190"
                          CONTENT="infecta"/>
                  <SP HEIGHT="46" WIDTH="15" VPOS="369" HPOS="1360"/>
                  <String HEIGHT="46"
                          WIDTH="200"
                          VPOS="369"
                          HPOS="1313"
                          CONTENT="originali"/>
                  <SP HEIGHT="46" WIDTH="15" VPOS="369" HPOS="1514"/>
                  <String HEIGHT="46"
                          WIDTH="170"
                          VPOS="369"
                          HPOS="1468"
                          CONTENT="peccato"/>
                  <SP HEIGHT="46" WIDTH="15" VPOS="369" HPOS="1637"/>
                  <String HEIGHT="46"
                          WIDTH="108"
                          VPOS="369"
                          HPOS="1591"
                          CONTENT="non"/>
                  <SP HEIGHT="46" WIDTH="15" VPOS="369" HPOS="1699"/>
                  <String HEIGHT="46"
                          WIDTH="139"
                          VPOS="369"
                          HPOS="1653"
                          CONTENT="solum"/>
                  <SP HEIGHT="46" WIDTH="15" VPOS="369" HPOS="1791"/>
                  <String HEIGHT="46"
                          WIDTH="108"
                          VPOS="369"
                          HPOS="1745"
                          CONTENT="non"/>
                  <SP HEIGHT="46" WIDTH="15" VPOS="369" HPOS="1853"/>
                  <String HEIGHT="46"
                          WIDTH="108"
                          VPOS="369"
                          HPOS="1807"
                          CONTENT="est"/>
                  <SP HEIGHT="46" WIDTH="15" VPOS="369" HPOS="1915"/>
                  <String HEIGHT="46"
                          WIDTH="108"
                          VPOS="369"
                          HPOS="1853"
                          CONTENT="dispo"/>
               </TextLine>
               <TextLine ID="r3l7"
                         BASELINE="456"
                         HEIGHT="48"
                         WIDTH="857"
                         VPOS="408"
                         HPOS="1105">
                  <String HEIGHT="48"
                          WIDTH="116"
                          VPOS="408"
                          HPOS="1090"
                          CONTENT="sita"/>
                  <SP HEIGHT="48" WIDTH="15" VPOS="408" HPOS="1207"/>
                  <String HEIGHT="48" WIDTH="87" VPOS="408" HPOS="1163" CONTENT="ad"/>
                  <SP HEIGHT="48" WIDTH="15" VPOS="408" HPOS="1250"/>
                  <String HEIGHT="48"
                          WIDTH="174"
                          VPOS="408"
                          HPOS="1207"
                          CONTENT="gratiam,"/>
                  <SP HEIGHT="48" WIDTH="15" VPOS="408" HPOS="1381"/>
                  <String HEIGHT="48"
                          WIDTH="102"
                          VPOS="408"
                          HPOS="1337"
                          CONTENT="sed"/>
                  <SP HEIGHT="48" WIDTH="15" VPOS="408" HPOS="1439"/>
                  <String HEIGHT="48"
                          WIDTH="102"
                          VPOS="408"
                          HPOS="1396"
                          CONTENT="est"/>
                  <SP HEIGHT="48" WIDTH="15" VPOS="408" HPOS="1497"/>
                  <String HEIGHT="48"
                          WIDTH="189"
                          VPOS="408"
                          HPOS="1454"
                          CONTENT="disposita"/>
                  <SP HEIGHT="48" WIDTH="15" VPOS="408" HPOS="1642"/>
                  <String HEIGHT="48" WIDTH="87" VPOS="408" HPOS="1599" CONTENT="ad"/>
                  <SP HEIGHT="48" WIDTH="15" VPOS="408" HPOS="1686"/>
                  <String HEIGHT="48"
                          WIDTH="189"
                          VPOS="408"
                          HPOS="1642"
                          CONTENT="oppositum"/>
                  <SP HEIGHT="48" WIDTH="15" VPOS="408" HPOS="1831"/>
                  <String HEIGHT="48"
                          WIDTH="174"
                          VPOS="408"
                          HPOS="1788"
                          CONTENT="gratiae,"/>
                  <SP HEIGHT="48" WIDTH="15" VPOS="408" HPOS="1962"/>
                  <String HEIGHT="48" WIDTH="73" VPOS="408" HPOS="1918" CONTENT="&amp;"/>
                  <SP HEIGHT="48" WIDTH="15" VPOS="408" HPOS="1991"/>
                  <String HEIGHT="48" WIDTH="29" VPOS="408" HPOS="1933" CONTENT=""/>
               </TextLine>
               <TextLine ID="r3l8"
                         BASELINE="497"
                         HEIGHT="43"
                         WIDTH="843"
                         VPOS="454"
                         HPOS="1110">
                  <String HEIGHT="43"
                          WIDTH="102"
                          VPOS="454"
                          HPOS="1095"
                          CONTENT="est"/>
                  <SP HEIGHT="43" WIDTH="15" VPOS="454" HPOS="1197"/>
                  <String HEIGHT="43" WIDTH="87" VPOS="454" HPOS="1154" CONTENT="in"/>
                  <SP HEIGHT="43" WIDTH="15" VPOS="454" HPOS="1241"/>
                  <String HEIGHT="43"
                          WIDTH="174"
                          VPOS="454"
                          HPOS="1197"
                          CONTENT="opposita"/>
                  <SP HEIGHT="43" WIDTH="15" VPOS="454" HPOS="1372"/>
                  <String HEIGHT="43"
                          WIDTH="218"
                          VPOS="454"
                          HPOS="1328"
                          CONTENT="dispositone"/>
                  <SP HEIGHT="43" WIDTH="15" VPOS="454" HPOS="1546"/>
                  <String HEIGHT="43"
                          WIDTH="174"
                          VPOS="454"
                          HPOS="1502"
                          CONTENT="respectu"/>
                  <SP HEIGHT="43" WIDTH="15" VPOS="454" HPOS="1677"/>
                  <String HEIGHT="43"
                          WIDTH="174"
                          VPOS="454"
                          HPOS="1633"
                          CONTENT="gratiae:"/>
                  <SP HEIGHT="43" WIDTH="15" VPOS="454" HPOS="1808"/>
                  <String HEIGHT="43"
                          WIDTH="102"
                          VPOS="454"
                          HPOS="1764"
                          CONTENT="sed"/>
                  <SP HEIGHT="43" WIDTH="15" VPOS="454" HPOS="1866"/>
                  <String HEIGHT="43"
                          WIDTH="116"
                          VPOS="454"
                          HPOS="1822"
                          CONTENT="ante"/>
                  <SP HEIGHT="43" WIDTH="15" VPOS="454" HPOS="1938"/>
                  <String HEIGHT="43"
                          WIDTH="73"
                          VPOS="454"
                          HPOS="1880"
                          CONTENT="ba"
                          SUBS_TYPE="HypPart1"
                          SUBS_CONTENT="batismi"/>
                  <HYP CONTENT="-"/>
               </TextLine>
               <TextLine ID="r3l9"
                         BASELINE="538"
                         HEIGHT="47"
                         WIDTH="826"
                         VPOS="491"
                         HPOS="1126">
                  <String HEIGHT="47"
                          WIDTH="133"
                          VPOS="491"
                          HPOS="1111"
                          CONTENT="tismi"
                          SUBS_TYPE="HypPart2"
                          SUBS_CONTENT="batismi"/>
                  <SP HEIGHT="47" WIDTH="15" VPOS="491" HPOS="1244"/>
                  <String HEIGHT="47"
                          WIDTH="236"
                          VPOS="491"
                          HPOS="1200"
                          CONTENT="perceptionem"/>
                  <SP HEIGHT="47" WIDTH="15" VPOS="491" HPOS="1436"/>
                  <String HEIGHT="47"
                          WIDTH="133"
                          VPOS="491"
                          HPOS="1392"
                          CONTENT="anima"/>
                  <SP HEIGHT="47" WIDTH="15" VPOS="491" HPOS="1524"/>
                  <String HEIGHT="47"
                          WIDTH="103"
                          VPOS="491"
                          HPOS="1480"
                          CONTENT="est"/>
                  <SP HEIGHT="47" WIDTH="15" VPOS="491" HPOS="1583"/>
                  <String HEIGHT="47"
                          WIDTH="162"
                          VPOS="491"
                          HPOS="1539"
                          CONTENT="infecta"/>
                  <SP HEIGHT="47" WIDTH="15" VPOS="491" HPOS="1701"/>
                  <String HEIGHT="47"
                          WIDTH="162"
                          VPOS="491"
                          HPOS="1657"
                          CONTENT="peccato"/>
                  <SP HEIGHT="47" WIDTH="15" VPOS="491" HPOS="1819"/>
                  <String HEIGHT="47"
                          WIDTH="192"
                          VPOS="491"
                          HPOS="1760"
                          CONTENT="originali:s"/>
               </TextLine>
               <TextLine ID="r3l10"
                         BASELINE="581"
                         HEIGHT="50"
                         WIDTH="122"
                         VPOS="531"
                         HPOS="1104">
                  <String HEIGHT="50"
                          WIDTH="139"
                          VPOS="531"
                          HPOS="1087"
                          CONTENT="ergo"/>
                  <SP HEIGHT="50" WIDTH="17" VPOS="531" HPOS="1226"/>
                  <String HEIGHT="50" WIDTH="70" VPOS="531" HPOS="1156" CONTENT="&amp;c"/>
               </TextLine>
               <TextLine ID="r3l11"
                         BASELINE="620"
                         HEIGHT="61"
                         WIDTH="811"
                         VPOS="559"
                         HPOS="1147">
                  <String HEIGHT="61" WIDTH="95" VPOS="559" HPOS="1131" CONTENT="Ad"/>
                  <SP HEIGHT="61" WIDTH="16" VPOS="559" HPOS="1227"/>
                  <String HEIGHT="61"
                          WIDTH="191"
                          VPOS="559"
                          HPOS="1179"
                          CONTENT="secundum"/>
                  <SP HEIGHT="61" WIDTH="16" VPOS="559" HPOS="1370"/>
                  <String HEIGHT="61"
                          WIDTH="207"
                          VPOS="559"
                          HPOS="1322"
                          CONTENT="dicendum,"/>
                  <SP HEIGHT="61" WIDTH="16" VPOS="559" HPOS="1529"/>
                  <String HEIGHT="61"
                          WIDTH="127"
                          VPOS="559"
                          HPOS="1481"
                          CONTENT="quod"/>
                  <SP HEIGHT="61" WIDTH="16" VPOS="559" HPOS="1608"/>
                  <String HEIGHT="61"
                          WIDTH="207"
                          VPOS="559"
                          HPOS="1560"
                          CONTENT="character"/>
                  <SP HEIGHT="61" WIDTH="16" VPOS="559" HPOS="1767"/>
                  <String HEIGHT="61"
                          WIDTH="111"
                          VPOS="559"
                          HPOS="1719"
                          CONTENT="est"/>
                  <SP HEIGHT="61" WIDTH="16" VPOS="559" HPOS="1831"/>
                  <String HEIGHT="61"
                          WIDTH="143"
                          VPOS="559"
                          HPOS="1783"
                          CONTENT="donum"/>
                  <SP HEIGHT="61" WIDTH="16" VPOS="559" HPOS="1926"/>
                  <String HEIGHT="61"
                          WIDTH="95"
                          VPOS="559"
                          HPOS="1863"
                          CONTENT="gra"
                          SUBS_TYPE="HypPart1"
                          SUBS_CONTENT="gratis"/>
                  <HYP CONTENT="-"/>
               </TextLine>
               <TextLine ID="r3l12"
                         BASELINE="652"
                         HEIGHT="41"
                         WIDTH="850"
                         VPOS="611"
                         HPOS="1102">
                  <String HEIGHT="41"
                          WIDTH="106"
                          VPOS="611"
                          HPOS="1087"
                          CONTENT="tis"
                          SUBS_TYPE="HypPart2"
                          SUBS_CONTENT="gratis"/>
                  <SP HEIGHT="41" WIDTH="15" VPOS="611" HPOS="1193"/>
                  <String HEIGHT="41"
                          WIDTH="152"
                          VPOS="611"
                          HPOS="1148"
                          CONTENT="datum."/>
                  <SP HEIGHT="41" WIDTH="15" VPOS="611" HPOS="1299"/>
                  <String HEIGHT="41" WIDTH="91" VPOS="611" HPOS="1254" CONTENT="Ad"/>
                  <SP HEIGHT="41" WIDTH="15" VPOS="611" HPOS="1345"/>
                  <String HEIGHT="41"
                          WIDTH="228"
                          VPOS="611"
                          HPOS="1299"
                          CONTENT="probationem"/>
                  <SP HEIGHT="41" WIDTH="15" VPOS="611" HPOS="1527"/>
                  <String HEIGHT="41"
                          WIDTH="197"
                          VPOS="611"
                          HPOS="1481"
                          CONTENT="dicendum,"/>
                  <SP HEIGHT="41" WIDTH="15" VPOS="611" HPOS="1679"/>
                  <String HEIGHT="41"
                          WIDTH="121"
                          VPOS="611"
                          HPOS="1633"
                          CONTENT="quod"/>
                  <SP HEIGHT="41" WIDTH="15" VPOS="611" HPOS="1755"/>
                  <String HEIGHT="41"
                          WIDTH="137"
                          VPOS="611"
                          HPOS="1709"
                          CONTENT="multa"/>
                  <SP HEIGHT="41" WIDTH="15" VPOS="611" HPOS="1846"/>
                  <String HEIGHT="41"
                          WIDTH="121"
                          VPOS="611"
                          HPOS="1800"
                          CONTENT="alia"/>
                  <SP HEIGHT="41" WIDTH="15" VPOS="611" HPOS="1922"/>
                  <String HEIGHT="41"
                          WIDTH="91"
                          VPOS="611"
                          HPOS="1861"
                          CONTENT="sunt"/>
               </TextLine>
               <TextLine ID="r3l13"
                         BASELINE="696"
                         HEIGHT="54"
                         WIDTH="849"
                         VPOS="642"
                         HPOS="1110">
                  <String HEIGHT="54"
                          WIDTH="121"
                          VPOS="642"
                          HPOS="1095"
                          CONTENT="dona"/>
                  <SP HEIGHT="54" WIDTH="15" VPOS="642" HPOS="1216"/>
                  <String HEIGHT="54"
                          WIDTH="152"
                          VPOS="642"
                          HPOS="1171"
                          CONTENT="gratis"/>
                  <SP HEIGHT="54" WIDTH="15" VPOS="642" HPOS="1322"/>
                  <String HEIGHT="54"
                          WIDTH="136"
                          VPOS="642"
                          HPOS="1277"
                          CONTENT="data,"/>
                  <SP HEIGHT="54" WIDTH="15" VPOS="642" HPOS="1413"/>
                  <String HEIGHT="54"
                          WIDTH="121"
                          VPOS="642"
                          HPOS="1368"
                          CONTENT="puta"/>
                  <SP HEIGHT="54" WIDTH="15" VPOS="642" HPOS="1489"/>
                  <String HEIGHT="54"
                          WIDTH="121"
                          VPOS="642"
                          HPOS="1444"
                          CONTENT="sine"/>
                  <SP HEIGHT="54" WIDTH="15" VPOS="642" HPOS="1565"/>
                  <String HEIGHT="54"
                          WIDTH="167"
                          VPOS="642"
                          HPOS="1519"
                          CONTENT="meritis"/>
                  <SP HEIGHT="54" WIDTH="15" VPOS="642" HPOS="1686"/>
                  <String HEIGHT="54"
                          WIDTH="273"
                          VPOS="642"
                          HPOS="1641"
                          CONTENT="praecedentibus"/>
                  <SP HEIGHT="54" WIDTH="15" VPOS="642" HPOS="1914"/>
                  <String HEIGHT="54"
                          WIDTH="106"
                          VPOS="642"
                          HPOS="1853"
                          CONTENT="data,"/>
               </TextLine>
               <TextLine ID="r3l14"
                         BASELINE="735"
                         HEIGHT="50"
                         WIDTH="608"
                         VPOS="685"
                         HPOS="1107">
                  <String HEIGHT="50"
                          WIDTH="163"
                          VPOS="685"
                          HPOS="1092"
                          CONTENT="praeter"/>
                  <SP HEIGHT="50" WIDTH="15" VPOS="685" HPOS="1255"/>
                  <String HEIGHT="50"
                          WIDTH="133"
                          VPOS="685"
                          HPOS="1211"
                          CONTENT="illa,"/>
                  <SP HEIGHT="50" WIDTH="15" VPOS="685" HPOS="1344"/>
                  <String HEIGHT="50"
                          WIDTH="119"
                          VPOS="685"
                          HPOS="1300"
                          CONTENT="quae"/>
                  <SP HEIGHT="50" WIDTH="15" VPOS="685" HPOS="1418"/>
                  <String HEIGHT="50"
                          WIDTH="193"
                          VPOS="685"
                          HPOS="1374"
                          CONTENT="Apostolus"/>
                  <SP HEIGHT="50" WIDTH="15" VPOS="685" HPOS="1567"/>
                  <String HEIGHT="50"
                          WIDTH="104"
                          VPOS="685"
                          HPOS="1522"
                          CONTENT="ibi"/>
                  <SP HEIGHT="50" WIDTH="15" VPOS="685" HPOS="1626"/>
                  <String HEIGHT="50"
                          WIDTH="148"
                          VPOS="685"
                          HPOS="1567"
                          CONTENT="enumerat"/>
               </TextLine>
               <TextLine ID="r3l15"
                         BASELINE="773"
                         HEIGHT="47"
                         WIDTH="801"
                         VPOS="726"
                         HPOS="1145">
                  <String HEIGHT="47" WIDTH="91" VPOS="726" HPOS="1130" CONTENT="Ad"/>
                  <SP HEIGHT="47" WIDTH="15" VPOS="726" HPOS="1221"/>
                  <String HEIGHT="47"
                          WIDTH="166"
                          VPOS="726"
                          HPOS="1175"
                          CONTENT="tertium"/>
                  <SP HEIGHT="47" WIDTH="15" VPOS="726" HPOS="1341"/>
                  <String HEIGHT="47"
                          WIDTH="196"
                          VPOS="726"
                          HPOS="1296"
                          CONTENT="dicendum,"/>
                  <SP HEIGHT="47" WIDTH="15" VPOS="726" HPOS="1493"/>
                  <String HEIGHT="47"
                          WIDTH="121"
                          VPOS="726"
                          HPOS="1447"
                          CONTENT="quod"/>
                  <SP HEIGHT="47" WIDTH="15" VPOS="726" HPOS="1568"/>
                  <String HEIGHT="47"
                          WIDTH="196"
                          VPOS="726"
                          HPOS="1523"
                          CONTENT="character"/>
                  <SP HEIGHT="47" WIDTH="15" VPOS="726" HPOS="1719"/>
                  <String HEIGHT="47"
                          WIDTH="106"
                          VPOS="726"
                          HPOS="1674"
                          CONTENT="est"/>
                  <SP HEIGHT="47" WIDTH="15" VPOS="726" HPOS="1780"/>
                  <String HEIGHT="47"
                          WIDTH="227"
                          VPOS="726"
                          HPOS="1719"
                          CONTENT="supernaturale"/>
               </TextLine>
               <TextLine ID="r3l16"
                         BASELINE="810"
                         HEIGHT="46"
                         WIDTH="841"
                         VPOS="764"
                         HPOS="1102">
                  <String HEIGHT="46"
                          WIDTH="154"
                          VPOS="764"
                          HPOS="1085"
                          CONTENT="donum"/>
                  <SP HEIGHT="46" WIDTH="17" VPOS="764" HPOS="1239"/>
                  <String HEIGHT="46"
                          WIDTH="137"
                          VPOS="764"
                          HPOS="1188"
                          CONTENT="Dei."/>
                  <SP HEIGHT="46" WIDTH="17" VPOS="764" HPOS="1325"/>
                  <String HEIGHT="46" WIDTH="103" VPOS="764" HPOS="1274" CONTENT="Ad"/>
                  <SP HEIGHT="46" WIDTH="17" VPOS="764" HPOS="1377"/>
                  <String HEIGHT="46"
                          WIDTH="257"
                          VPOS="764"
                          HPOS="1325"
                          CONTENT="probationem"/>
                  <SP HEIGHT="46" WIDTH="17" VPOS="764" HPOS="1583"/>
                  <String HEIGHT="46"
                          WIDTH="223"
                          VPOS="764"
                          HPOS="1531"
                          CONTENT="dicendum,"/>
                  <SP HEIGHT="46" WIDTH="17" VPOS="764" HPOS="1754"/>
                  <String HEIGHT="46"
                          WIDTH="137"
                          VPOS="764"
                          HPOS="1703"
                          CONTENT="quod"/>
                  <SP HEIGHT="46" WIDTH="17" VPOS="764" HPOS="1840"/>
                  <String HEIGHT="46" WIDTH="103" VPOS="764" HPOS="1789" CONTENT="si"/>
                  <SP HEIGHT="46" WIDTH="17" VPOS="764" HPOS="1892"/>
                  <String HEIGHT="46"
                          WIDTH="120"
                          VPOS="764"
                          HPOS="1823"
                          CONTENT="minos"/>
               </TextLine>
               <TextLine ID="r3l17"
                         BASELINE="849"
                         HEIGHT="44"
                         WIDTH="848"
                         VPOS="805"
                         HPOS="1104">
                  <String HEIGHT="44"
                          WIDTH="219"
                          VPOS="805"
                          HPOS="1089"
                          CONTENT="acciperetur"/>
                  <SP HEIGHT="44" WIDTH="15" VPOS="805" HPOS="1309"/>
                  <String HEIGHT="44"
                          WIDTH="146"
                          VPOS="805"
                          HPOS="1265"
                          CONTENT="debite"/>
                  <SP HEIGHT="44" WIDTH="15" VPOS="805" HPOS="1411"/>
                  <String HEIGHT="44"
                          WIDTH="102"
                          VPOS="805"
                          HPOS="1367"
                          CONTENT="sub"/>
                  <SP HEIGHT="44" WIDTH="15" VPOS="805" HPOS="1470"/>
                  <String HEIGHT="44"
                          WIDTH="161"
                          VPOS="805"
                          HPOS="1426"
                          CONTENT="maiori,"/>
                  <SP HEIGHT="44" WIDTH="15" VPOS="805" HPOS="1586"/>
                  <String HEIGHT="44"
                          WIDTH="117"
                          VPOS="805"
                          HPOS="1543"
                          CONTENT="tunc"/>
                  <SP HEIGHT="44" WIDTH="15" VPOS="805" HPOS="1660"/>
                  <String HEIGHT="44"
                          WIDTH="132"
                          VPOS="805"
                          HPOS="1616"
                          CONTENT="esset"/>
                  <SP HEIGHT="44" WIDTH="15" VPOS="805" HPOS="1747"/>
                  <String HEIGHT="44"
                          WIDTH="146"
                          VPOS="805"
                          HPOS="1703"
                          CONTENT="falsa."/>
                  <SP HEIGHT="44" WIDTH="15" VPOS="805" HPOS="1850"/>
                  <String HEIGHT="44"
                          WIDTH="117"
                          VPOS="805"
                          HPOS="1806"
                          CONTENT="Ista"/>
                  <SP HEIGHT="44" WIDTH="15" VPOS="805" HPOS="1923"/>
                  <String HEIGHT="44"
                          WIDTH="88"
                          VPOS="805"
                          HPOS="1864"
                          CONTENT="enim"/>
               </TextLine>
               <TextLine ID="r3l18"
                         BASELINE="886"
                         HEIGHT="46"
                         WIDTH="831"
                         VPOS="840"
                         HPOS="1117">
                  <String HEIGHT="46"
                          WIDTH="136"
                          VPOS="840"
                          HPOS="1102"
                          CONTENT="esset"/>
                  <SP HEIGHT="46" WIDTH="15" VPOS="840" HPOS="1238"/>
                  <String HEIGHT="46"
                          WIDTH="151"
                          VPOS="840"
                          HPOS="1193"
                          CONTENT="minor,"/>
                  <SP HEIGHT="46" WIDTH="15" VPOS="840" HPOS="1344"/>
                  <String HEIGHT="46"
                          WIDTH="166"
                          VPOS="840"
                          HPOS="1298"
                          CONTENT="aliquis"/>
                  <SP HEIGHT="46" WIDTH="15" VPOS="840" HPOS="1465"/>
                  <String HEIGHT="46"
                          WIDTH="166"
                          VPOS="840"
                          HPOS="1419"
                          CONTENT="recipit"/>
                  <SP HEIGHT="46" WIDTH="15" VPOS="840" HPOS="1585"/>
                  <String HEIGHT="46"
                          WIDTH="227"
                          VPOS="840"
                          HPOS="1540"
                          CONTENT="characterem"/>
                  <SP HEIGHT="46" WIDTH="15" VPOS="840" HPOS="1767"/>
                  <String HEIGHT="46"
                          WIDTH="106"
                          VPOS="840"
                          HPOS="1721"
                          CONTENT="per"/>
                  <SP HEIGHT="46" WIDTH="15" VPOS="840" HPOS="1827"/>
                  <String HEIGHT="46"
                          WIDTH="151"
                          VPOS="840"
                          HPOS="1782"
                          CONTENT="illud,"/>
                  <SP HEIGHT="46" WIDTH="15" VPOS="840" HPOS="1933"/>
                  <String HEIGHT="46" WIDTH="76" VPOS="840" HPOS="1872" CONTENT="quo"/>
               </TextLine>
               <TextLine ID="r3l19"
                         BASELINE="927"
                         HEIGHT="42"
                         WIDTH="839"
                         VPOS="885"
                         HPOS="1107">
                  <String HEIGHT="42"
                          WIDTH="210"
                          VPOS="885"
                          HPOS="1092"
                          CONTENT="mortaliter"/>
                  <SP HEIGHT="42" WIDTH="15" VPOS="885" HPOS="1302"/>
                  <String HEIGHT="42"
                          WIDTH="165"
                          VPOS="885"
                          HPOS="1257"
                          CONTENT="peccat."/>
                  <SP HEIGHT="42" WIDTH="15" VPOS="885" HPOS="1422"/>
                  <String HEIGHT="42"
                          WIDTH="180"
                          VPOS="885"
                          HPOS="1377"
                          CONTENT="Peccatum"/>
                  <SP HEIGHT="42" WIDTH="15" VPOS="885" HPOS="1556"/>
                  <String HEIGHT="42"
                          WIDTH="120"
                          VPOS="885"
                          HPOS="1512"
                          CONTENT="enim"/>
                  <SP HEIGHT="42" WIDTH="15" VPOS="885" HPOS="1631"/>
                  <String HEIGHT="42"
                          WIDTH="105"
                          VPOS="885"
                          HPOS="1586"
                          CONTENT="non"/>
                  <SP HEIGHT="42" WIDTH="15" VPOS="885" HPOS="1691"/>
                  <String HEIGHT="42"
                          WIDTH="105"
                          VPOS="885"
                          HPOS="1646"
                          CONTENT="est"/>
                  <SP HEIGHT="42" WIDTH="15" VPOS="885" HPOS="1751"/>
                  <String HEIGHT="42"
                          WIDTH="150"
                          VPOS="885"
                          HPOS="1706"
                          CONTENT="alicui"/>
                  <SP HEIGHT="42" WIDTH="15" VPOS="885" HPOS="1856"/>
                  <String HEIGHT="42"
                          WIDTH="135"
                          VPOS="885"
                          HPOS="1811"
                          CONTENT="ratio"/>
                  <SP HEIGHT="42" WIDTH="15" VPOS="885" HPOS="1946"/>
                  <String HEIGHT="42" WIDTH="60" VPOS="885" HPOS="1886" CONTENT="re"/>
               </TextLine>
               <TextLine ID="r3l20"
                         BASELINE="959"
                         HEIGHT="38"
                         WIDTH="842"
                         VPOS="921"
                         HPOS="1107">
                  <String HEIGHT="38"
                          WIDTH="187"
                          VPOS="921"
                          HPOS="1091"
                          CONTENT="cipiendi"/>
                  <SP HEIGHT="38" WIDTH="16" VPOS="921" HPOS="1279"/>
                  <String HEIGHT="38"
                          WIDTH="249"
                          VPOS="921"
                          HPOS="1232"
                          CONTENT="characterem,"/>
                  <SP HEIGHT="38" WIDTH="16" VPOS="921" HPOS="1481"/>
                  <String HEIGHT="38" WIDTH="94" VPOS="921" HPOS="1434" CONTENT="si"/>
                  <SP HEIGHT="38" WIDTH="16" VPOS="921" HPOS="1528"/>
                  <String HEIGHT="38"
                          WIDTH="125"
                          VPOS="921"
                          HPOS="1481"
                          CONTENT="enim"/>
                  <SP HEIGHT="38" WIDTH="16" VPOS="921" HPOS="1606"/>
                  <String HEIGHT="38"
                          WIDTH="203"
                          VPOS="921"
                          HPOS="1559"
                          CONTENT="reciperet"/>
                  <SP HEIGHT="38" WIDTH="16" VPOS="921" HPOS="1762"/>
                  <String HEIGHT="38"
                          WIDTH="203"
                          VPOS="921"
                          HPOS="1715"
                          CONTENT="baptismum"/>
                  <SP HEIGHT="38" WIDTH="16" VPOS="921" HPOS="1918"/>
                  <String HEIGHT="38"
                          WIDTH="94"
                          VPOS="921"
                          HPOS="1855"
                          CONTENT="sine"/>
               </TextLine>
               <TextLine ID="r3l21"
                         BASELINE="1008"
                         HEIGHT="49"
                         WIDTH="842"
                         VPOS="959"
                         HPOS="1106">
                  <String HEIGHT="49"
                          WIDTH="182"
                          VPOS="959"
                          HPOS="1092"
                          CONTENT="fictione,"/>
                  <SP HEIGHT="49" WIDTH="14" VPOS="959" HPOS="1274"/>
                  <String HEIGHT="49" WIDTH="70" VPOS="959" HPOS="1232" CONTENT="&amp;"/>
                  <SP HEIGHT="49" WIDTH="14" VPOS="959" HPOS="1302"/>
                  <String HEIGHT="49"
                          WIDTH="112"
                          VPOS="959"
                          HPOS="1260"
                          CONTENT="sine"/>
                  <SP HEIGHT="49" WIDTH="14" VPOS="959" HPOS="1373"/>
                  <String HEIGHT="49"
                          WIDTH="168"
                          VPOS="959"
                          HPOS="1331"
                          CONTENT="peccato,"/>
                  <SP HEIGHT="49" WIDTH="14" VPOS="959" HPOS="1499"/>
                  <String HEIGHT="49"
                          WIDTH="126"
                          VPOS="959"
                          HPOS="1457"
                          CONTENT="nihil"/>
                  <SP HEIGHT="49" WIDTH="14" VPOS="959" HPOS="1583"/>
                  <String HEIGHT="49"
                          WIDTH="126"
                          VPOS="959"
                          HPOS="1541"
                          CONTENT="minus"/>
                  <SP HEIGHT="49" WIDTH="14" VPOS="959" HPOS="1667"/>
                  <String HEIGHT="49"
                          WIDTH="182"
                          VPOS="959"
                          HPOS="1625"
                          CONTENT="reciperet"/>
                  <SP HEIGHT="49" WIDTH="14" VPOS="959" HPOS="1808"/>
                  <String HEIGHT="49"
                          WIDTH="196"
                          VPOS="959"
                          HPOS="1752"
                          CONTENT="characterem."/>
               </TextLine>
               <TextLine ID="r3l23"
                         BASELINE="1041"
                         HEIGHT="42"
                         WIDTH="811"
                         VPOS="999"
                         HPOS="1140">
                  <String HEIGHT="42"
                          WIDTH="133"
                          VPOS="999"
                          HPOS="1125"
                          CONTENT="Forte"/>
                  <SP HEIGHT="42" WIDTH="15" VPOS="999" HPOS="1258"/>
                  <String HEIGHT="42"
                          WIDTH="177"
                          VPOS="999"
                          HPOS="1214"
                          CONTENT="dicetir,"/>
                  <SP HEIGHT="42" WIDTH="15" VPOS="999" HPOS="1391"/>
                  <String HEIGHT="42"
                          WIDTH="118"
                          VPOS="999"
                          HPOS="1346"
                          CONTENT="quod"/>
                  <SP HEIGHT="42" WIDTH="15" VPOS="999" HPOS="1464"/>
                  <String HEIGHT="42"
                          WIDTH="118"
                          VPOS="999"
                          HPOS="1420"
                          CONTENT="isti"/>
                  <SP HEIGHT="42" WIDTH="15" VPOS="999" HPOS="1538"/>
                  <String HEIGHT="42"
                          WIDTH="177"
                          VPOS="999"
                          HPOS="1494"
                          CONTENT="doctores"/>
                  <SP HEIGHT="42" WIDTH="15" VPOS="999" HPOS="1671"/>
                  <String HEIGHT="42"
                          WIDTH="103"
                          VPOS="999"
                          HPOS="1627"
                          CONTENT="non"/>
                  <SP HEIGHT="42" WIDTH="15" VPOS="999" HPOS="1730"/>
                  <String HEIGHT="42"
                          WIDTH="192"
                          VPOS="999"
                          HPOS="1686"
                          CONTENT="accipiunt"/>
                  <SP HEIGHT="42" WIDTH="15" VPOS="999" HPOS="1877"/>
                  <String HEIGHT="42"
                          WIDTH="103"
                          VPOS="999"
                          HPOS="1833"
                          CONTENT="hic"/>
                  <SP HEIGHT="42" WIDTH="15" VPOS="999" HPOS="1936"/>
                  <String HEIGHT="42" WIDTH="74" VPOS="999" HPOS="1877" CONTENT="per"/>
               </TextLine>
               <TextLine ID="r3l24"
                         BASELINE="1092"
                         HEIGHT="52"
                         WIDTH="844"
                         VPOS="1040"
                         HPOS="1108">
                  <String HEIGHT="52"
                          WIDTH="208"
                          VPOS="1040"
                          HPOS="1094"
                          CONTENT="causaliter,"/>
                  <SP HEIGHT="52" WIDTH="14" VPOS="1040" HPOS="1302"/>
                  <String HEIGHT="52"
                          WIDTH="97"
                          VPOS="1040"
                          HPOS="1260"
                          CONTENT="sed"/>
                  <SP HEIGHT="52" WIDTH="14" VPOS="1040" HPOS="1357"/>
                  <String HEIGHT="52"
                          WIDTH="125"
                          VPOS="1040"
                          HPOS="1316"
                          CONTENT="solum"/>
                  <SP HEIGHT="52" WIDTH="14" VPOS="1040" HPOS="1440"/>
                  <String HEIGHT="52"
                          WIDTH="235"
                          VPOS="1040"
                          HPOS="1399"
                          CONTENT="coexistenter,"/>
                  <SP HEIGHT="52" WIDTH="14" VPOS="1040" HPOS="1634"/>
                  <String HEIGHT="52"
                          WIDTH="125"
                          VPOS="1040"
                          HPOS="1592"
                          CONTENT="puta,"/>
                  <SP HEIGHT="52" WIDTH="14" VPOS="1040" HPOS="1717"/>
                  <String HEIGHT="52" WIDTH="83" VPOS="1040" HPOS="1675" CONTENT="vt"/>
                  <SP HEIGHT="52" WIDTH="14" VPOS="1040" HPOS="1758"/>
                  <String HEIGHT="52"
                          WIDTH="97"
                          VPOS="1040"
                          HPOS="1717"
                          CONTENT="sit"/>
                  <SP HEIGHT="52" WIDTH="14" VPOS="1040" HPOS="1814"/>
                  <String HEIGHT="52"
                          WIDTH="152"
                          VPOS="1040"
                          HPOS="1772"
                          CONTENT="sensus,"/>
                  <SP HEIGHT="52" WIDTH="14" VPOS="1040" HPOS="1924"/>
                  <String HEIGHT="52"
                          WIDTH="83"
                          VPOS="1040"
                          HPOS="1869"
                          CONTENT="quod"/>
               </TextLine>
               <TextLine ID="r3l25"
                         BASELINE="1123"
                         HEIGHT="45"
                         WIDTH="841"
                         VPOS="1078"
                         HPOS="1110">
                  <String HEIGHT="45"
                          WIDTH="125"
                          VPOS="1078"
                          HPOS="1094"
                          CONTENT="Deus"/>
                  <SP HEIGHT="45" WIDTH="16" VPOS="1078" HPOS="1219"/>
                  <String HEIGHT="45"
                          WIDTH="140"
                          VPOS="1078"
                          HPOS="1172"
                          CONTENT="nulli"/>
                  <SP HEIGHT="45" WIDTH="16" VPOS="1078" HPOS="1312"/>
                  <String HEIGHT="45"
                          WIDTH="109"
                          VPOS="1078"
                          HPOS="1266"
                          CONTENT="dat"/>
                  <SP HEIGHT="45" WIDTH="16" VPOS="1078" HPOS="1375"/>
                  <String HEIGHT="45"
                          WIDTH="140"
                          VPOS="1078"
                          HPOS="1328"
                          CONTENT="donum"/>
                  <SP HEIGHT="45" WIDTH="16" VPOS="1078" HPOS="1468"/>
                  <String HEIGHT="45"
                          WIDTH="265"
                          VPOS="1078"
                          HPOS="1421"
                          CONTENT="supernaturale"/>
                  <SP HEIGHT="45" WIDTH="16" VPOS="1078" HPOS="1686"/>
                  <String HEIGHT="45"
                          WIDTH="109"
                          VPOS="1078"
                          HPOS="1640"
                          CONTENT="pro"/>
                  <SP HEIGHT="45" WIDTH="16" VPOS="1078" HPOS="1749"/>
                  <String HEIGHT="45"
                          WIDTH="125"
                          VPOS="1078"
                          HPOS="1702"
                          CONTENT="illa"/>
                  <SP HEIGHT="45" WIDTH="16" VPOS="1078" HPOS="1826"/>
                  <String HEIGHT="45"
                          WIDTH="156"
                          VPOS="1078"
                          HPOS="1780"
                          CONTENT="mesura"/>
                  <SP HEIGHT="45" WIDTH="16" VPOS="1078" HPOS="1935"/>
                  <String HEIGHT="45"
                          WIDTH="78"
                          VPOS="1078"
                          HPOS="1873"
                          CONTENT="du"
                          SUBS_TYPE="HypPart1"
                          SUBS_CONTENT="durationis,"/>
                  <HYP CONTENT="-"/>
               </TextLine>
               <TextLine ID="r3l26"
                         BASELINE="1164"
                         HEIGHT="45"
                         WIDTH="533"
                         VPOS="1119"
                         HPOS="1107">
                  <String HEIGHT="45"
                          WIDTH="192"
                          VPOS="1119"
                          HPOS="1092"
                          CONTENT="rationis,"
                          SUBS_TYPE="HypPart2"
                          SUBS_CONTENT="durationis,"/>
                  <SP HEIGHT="45" WIDTH="15" VPOS="1119" HPOS="1285"/>
                  <String HEIGHT="45"
                          WIDTH="104"
                          VPOS="1119"
                          HPOS="1240"
                          CONTENT="pro"/>
                  <SP HEIGHT="45" WIDTH="15" VPOS="1119" HPOS="1344"/>
                  <String HEIGHT="45"
                          WIDTH="104"
                          VPOS="1119"
                          HPOS="1299"
                          CONTENT="qua"/>
                  <SP HEIGHT="45" WIDTH="15" VPOS="1119" HPOS="1403"/>
                  <String HEIGHT="45"
                          WIDTH="207"
                          VPOS="1119"
                          HPOS="1359"
                          CONTENT="mortaliter"/>
                  <SP HEIGHT="45" WIDTH="15" VPOS="1119" HPOS="1566"/>
                  <String HEIGHT="45"
                          WIDTH="133"
                          VPOS="1119"
                          HPOS="1507"
                          CONTENT="peccat."/>
               </TextLine>
               <TextLine ID="line_1603046501212_6016"
                         BASELINE="1205"
                         HEIGHT="48"
                         WIDTH="829"
                         VPOS="1157"
                         HPOS="1137">
                  <String HEIGHT="48" WIDTH="92" VPOS="1157" HPOS="1122" CONTENT="Si"/>
                  <SP HEIGHT="48" WIDTH="15" VPOS="1157" HPOS="1214"/>
                  <String HEIGHT="48"
                          WIDTH="107"
                          VPOS="1157"
                          HPOS="1168"
                          CONTENT="sic"/>
                  <SP HEIGHT="48" WIDTH="15" VPOS="1157" HPOS="1275"/>
                  <String HEIGHT="48"
                          WIDTH="200"
                          VPOS="1157"
                          HPOS="1229"
                          CONTENT="glosatur,"/>
                  <SP HEIGHT="48" WIDTH="15" VPOS="1157" HPOS="1429"/>
                  <String HEIGHT="48"
                          WIDTH="123"
                          VPOS="1157"
                          HPOS="1383"
                          CONTENT="tunc"/>
                  <SP HEIGHT="48" WIDTH="15" VPOS="1157" HPOS="1505"/>
                  <String HEIGHT="48"
                          WIDTH="138"
                          VPOS="1157"
                          HPOS="1459"
                          CONTENT="maior"/>
                  <SP HEIGHT="48" WIDTH="15" VPOS="1157" HPOS="1598"/>
                  <String HEIGHT="48"
                          WIDTH="154"
                          VPOS="1157"
                          HPOS="1552"
                          CONTENT="illius"/>
                  <SP HEIGHT="48" WIDTH="15" VPOS="1157" HPOS="1705"/>
                  <String HEIGHT="48"
                          WIDTH="230"
                          VPOS="1157"
                          HPOS="1659"
                          CONTENT="probationis"/>
                  <SP HEIGHT="48" WIDTH="15" VPOS="1157" HPOS="1889"/>
                  <String HEIGHT="48"
                          WIDTH="107"
                          VPOS="1157"
                          HPOS="1843"
                          CONTENT="non"/>
                  <SP HEIGHT="48" WIDTH="15" VPOS="1157" HPOS="1951"/>
                  <String HEIGHT="48"
                          WIDTH="77"
                          VPOS="1157"
                          HPOS="1889"
                          CONTENT="est"/>
               </TextLine>
               <TextLine ID="r3l28"
                         BASELINE="1238"
                         HEIGHT="38"
                         WIDTH="839"
                         VPOS="1200"
                         HPOS="1114">
                  <String HEIGHT="38"
                          WIDTH="142"
                          VPOS="1200"
                          HPOS="1098"
                          CONTENT="vera:"/>
                  <SP HEIGHT="38" WIDTH="16" VPOS="1200" HPOS="1241"/>
                  <String HEIGHT="38"
                          WIDTH="127"
                          VPOS="1200"
                          HPOS="1193"
                          CONTENT="quia"/>
                  <SP HEIGHT="38" WIDTH="16" VPOS="1200" HPOS="1320"/>
                  <String HEIGHT="38"
                          WIDTH="142"
                          VPOS="1200"
                          HPOS="1272"
                          CONTENT="sicut"/>
                  <SP HEIGHT="38" WIDTH="16" VPOS="1200" HPOS="1415"/>
                  <String HEIGHT="38"
                          WIDTH="142"
                          VPOS="1200"
                          HPOS="1367"
                          CONTENT="patet"/>
                  <SP HEIGHT="38" WIDTH="16" VPOS="1200" HPOS="1510"/>
                  <String HEIGHT="38"
                          WIDTH="174"
                          VPOS="1200"
                          HPOS="1462"
                          CONTENT="Numeri."/>
                  <SP HEIGHT="38" WIDTH="16" VPOS="1200" HPOS="1636"/>
                  <String HEIGHT="38"
                          WIDTH="142"
                          VPOS="1200"
                          HPOS="1589"
                          CONTENT="xxij."/>
                  <SP HEIGHT="38" WIDTH="16" VPOS="1200" HPOS="1731"/>
                  <String HEIGHT="38"
                          WIDTH="127"
                          VPOS="1200"
                          HPOS="1684"
                          CONTENT="Deus"/>
                  <SP HEIGHT="38" WIDTH="16" VPOS="1200" HPOS="1811"/>
                  <String HEIGHT="38"
                          WIDTH="142"
                          VPOS="1200"
                          HPOS="1763"
                          CONTENT="dedit"/>
                  <SP HEIGHT="38" WIDTH="16" VPOS="1200" HPOS="1906"/>
                  <String HEIGHT="38"
                          WIDTH="111"
                          VPOS="1200"
                          HPOS="1842"
                          CONTENT="donum"/>
               </TextLine>
               <TextLine ID="r3l29"
                         BASELINE="1288"
                         HEIGHT="46"
                         WIDTH="836"
                         VPOS="1242"
                         HPOS="1107">
                  <String HEIGHT="46"
                          WIDTH="209"
                          VPOS="1242"
                          HPOS="1092"
                          CONTENT="prophetiae"/>
                  <SP HEIGHT="46" WIDTH="15" VPOS="1242" HPOS="1301"/>
                  <String HEIGHT="46"
                          WIDTH="119"
                          VPOS="1242"
                          HPOS="1256"
                          CONTENT="ipsi"/>
                  <SP HEIGHT="46" WIDTH="15" VPOS="1242" HPOS="1376"/>
                  <String HEIGHT="46"
                          WIDTH="149"
                          VPOS="1242"
                          HPOS="1331"
                          CONTENT="Dalaam"/>
                  <SP HEIGHT="46" WIDTH="15" VPOS="1242" HPOS="1480"/>
                  <String HEIGHT="46"
                          WIDTH="105"
                          VPOS="1242"
                          HPOS="1435"
                          CONTENT="pro"/>
                  <SP HEIGHT="46" WIDTH="15" VPOS="1242" HPOS="1540"/>
                  <String HEIGHT="46"
                          WIDTH="119"
                          VPOS="1242"
                          HPOS="1495"
                          CONTENT="illa"/>
                  <SP HEIGHT="46" WIDTH="15" VPOS="1242" HPOS="1615"/>
                  <String HEIGHT="46"
                          WIDTH="194"
                          VPOS="1242"
                          HPOS="1570"
                          CONTENT="duratione"/>
                  <SP HEIGHT="46" WIDTH="15" VPOS="1242" HPOS="1764"/>
                  <String HEIGHT="46"
                          WIDTH="194"
                          VPOS="1242"
                          HPOS="1719"
                          CONTENT="temporis,"/>
                  <SP HEIGHT="46" WIDTH="15" VPOS="1242" HPOS="1913"/>
                  <String HEIGHT="46"
                          WIDTH="90"
                          VPOS="1242"
                          HPOS="1853"
                          CONTENT="quan"/>
               </TextLine>
               <TextLine ID="r3l30"
                         BASELINE="1326"
                         HEIGHT="45"
                         WIDTH="855"
                         VPOS="1281"
                         HPOS="1100">
                  <String HEIGHT="45" WIDTH="92" VPOS="1281" HPOS="1085" CONTENT="do"/>
                  <SP HEIGHT="45" WIDTH="15" VPOS="1281" HPOS="1176"/>
                  <String HEIGHT="45"
                          WIDTH="214"
                          VPOS="1281"
                          HPOS="1131"
                          CONTENT="mortaliter"/>
                  <SP HEIGHT="45" WIDTH="15" VPOS="1281" HPOS="1344"/>
                  <String HEIGHT="45"
                          WIDTH="198"
                          VPOS="1281"
                          HPOS="1298"
                          CONTENT="peccauit,"/>
                  <SP HEIGHT="45" WIDTH="15" VPOS="1281" HPOS="1497"/>
                  <String HEIGHT="45"
                          WIDTH="137"
                          VPOS="1281"
                          HPOS="1451"
                          CONTENT="puta,"/>
                  <SP HEIGHT="45" WIDTH="15" VPOS="1281" HPOS="1589"/>
                  <String HEIGHT="45"
                          WIDTH="153"
                          VPOS="1281"
                          HPOS="1543"
                          CONTENT="quando"/>
                  <SP HEIGHT="45" WIDTH="15" VPOS="1281" HPOS="1695"/>
                  <String HEIGHT="45"
                          WIDTH="137"
                          VPOS="1281"
                          HPOS="1650"
                          CONTENT="motus"/>
                  <SP HEIGHT="45" WIDTH="15" VPOS="1281" HPOS="1787"/>
                  <String HEIGHT="45"
                          WIDTH="183"
                          VPOS="1281"
                          HPOS="1741"
                          CONTENT="auaritia"/>
                  <SP HEIGHT="45" WIDTH="15" VPOS="1281" HPOS="1924"/>
                  <String HEIGHT="45"
                          WIDTH="92"
                          VPOS="1281"
                          HPOS="1863"
                          CONTENT="iuit"/>
               </TextLine>
               <TextLine ID="r3l31"
                         BASELINE="1364"
                         HEIGHT="48"
                         WIDTH="843"
                         VPOS="1316"
                         HPOS="1100">
                  <String HEIGHT="48" WIDTH="87" VPOS="1316" HPOS="1085" CONTENT="ad"/>
                  <SP HEIGHT="48" WIDTH="15" VPOS="1316" HPOS="1173"/>
                  <String HEIGHT="48"
                          WIDTH="131"
                          VPOS="1316"
                          HPOS="1129"
                          CONTENT="regem"/>
                  <SP HEIGHT="48" WIDTH="15" VPOS="1316" HPOS="1260"/>
                  <String HEIGHT="48"
                          WIDTH="160"
                          VPOS="1316"
                          HPOS="1216"
                          CONTENT="Palach,"/>
                  <SP HEIGHT="48" WIDTH="15" VPOS="1316" HPOS="1376"/>
                  <String HEIGHT="48" WIDTH="87" VPOS="1316" HPOS="1333" CONTENT="vt"/>
                  <SP HEIGHT="48" WIDTH="15" VPOS="1316" HPOS="1420"/>
                  <String HEIGHT="48"
                          WIDTH="218"
                          VPOS="1316"
                          HPOS="1376"
                          CONTENT="malediceret"/>
                  <SP HEIGHT="48" WIDTH="15" VPOS="1316" HPOS="1594"/>
                  <String HEIGHT="48"
                          WIDTH="145"
                          VPOS="1316"
                          HPOS="1551"
                          CONTENT="filiis"/>
                  <SP HEIGHT="48" WIDTH="15" VPOS="1316" HPOS="1696"/>
                  <String HEIGHT="48"
                          WIDTH="160"
                          VPOS="1316"
                          HPOS="1652"
                          CONTENT="israel."/>
                  <SP HEIGHT="48" WIDTH="15" VPOS="1316" HPOS="1812"/>
                  <String HEIGHT="48"
                          WIDTH="131"
                          VPOS="1316"
                          HPOS="1769"
                          CONTENT="Multi"/>
                  <SP HEIGHT="48" WIDTH="15" VPOS="1316" HPOS="1899"/>
                  <String HEIGHT="48"
                          WIDTH="102"
                          VPOS="1316"
                          HPOS="1841"
                          CONTENT="etiam"/>
               </TextLine>
               <TextLine ID="r3l32"
                         BASELINE="1399"
                         HEIGHT="45"
                         WIDTH="831"
                         VPOS="1354"
                         HPOS="1116">
                  <String HEIGHT="45"
                          WIDTH="208"
                          VPOS="1354"
                          HPOS="1100"
                          CONTENT="prophetae"/>
                  <SP HEIGHT="45" WIDTH="16" VPOS="1354" HPOS="1308"/>
                  <String HEIGHT="45"
                          WIDTH="128"
                          VPOS="1354"
                          HPOS="1260"
                          CONTENT="Paal"/>
                  <SP HEIGHT="45" WIDTH="16" VPOS="1354" HPOS="1388"/>
                  <String HEIGHT="45"
                          WIDTH="352"
                          VPOS="1354"
                          HPOS="1340"
                          CONTENT="prophephetauerunt,"/>
                  <SP HEIGHT="45" WIDTH="16" VPOS="1354" HPOS="1691"/>
                  <String HEIGHT="45" WIDTH="80" VPOS="1354" HPOS="1643" CONTENT="&amp;"/>
                  <SP HEIGHT="45" WIDTH="16" VPOS="1354" HPOS="1723"/>
                  <String HEIGHT="45"
                          WIDTH="144"
                          VPOS="1354"
                          HPOS="1675"
                          CONTENT="tamen"/>
                  <SP HEIGHT="45" WIDTH="16" VPOS="1354" HPOS="1819"/>
                  <String HEIGHT="45"
                          WIDTH="192"
                          VPOS="1354"
                          HPOS="1755"
                          CONTENT="mortaliter"/>
               </TextLine>
               <TextLine ID="r3l33"
                         BASELINE="1442"
                         HEIGHT="48"
                         WIDTH="567"
                         VPOS="1394"
                         HPOS="1100">
                  <String HEIGHT="48"
                          WIDTH="252"
                          VPOS="1394"
                          HPOS="1084"
                          CONTENT="peccauerunt,"/>
                  <SP HEIGHT="48" WIDTH="16" VPOS="1394" HPOS="1336"/>
                  <String HEIGHT="48" WIDTH="95" VPOS="1394" HPOS="1289" CONTENT="vt"/>
                  <SP HEIGHT="48" WIDTH="16" VPOS="1394" HPOS="1384"/>
                  <String HEIGHT="48"
                          WIDTH="158"
                          VPOS="1394"
                          HPOS="1336"
                          CONTENT="patet."/>
                  <SP HEIGHT="48" WIDTH="16" VPOS="1394" HPOS="1494"/>
                  <String HEIGHT="48" WIDTH="95" VPOS="1394" HPOS="1447" CONTENT="3."/>
                  <SP HEIGHT="48" WIDTH="16" VPOS="1394" HPOS="1541"/>
                  <String HEIGHT="48" WIDTH="79" VPOS="1394" HPOS="1494" CONTENT="&amp;"/>
                  <SP HEIGHT="48" WIDTH="16" VPOS="1394" HPOS="1573"/>
                  <String HEIGHT="48" WIDTH="95" VPOS="1394" HPOS="1525" CONTENT="4."/>
                  <SP HEIGHT="48" WIDTH="16" VPOS="1394" HPOS="1620"/>
                  <String HEIGHT="48"
                          WIDTH="110"
                          VPOS="1394"
                          HPOS="1557"
                          CONTENT="Regum"/>
               </TextLine>
               <TextLine ID="r3l34"
                         BASELINE="1471"
                         HEIGHT="48"
                         WIDTH="802"
                         VPOS="1423"
                         HPOS="1147">
                  <String HEIGHT="48" WIDTH="98" VPOS="1423" HPOS="1131" CONTENT="Ad"/>
                  <SP HEIGHT="48" WIDTH="16" VPOS="1423" HPOS="1229"/>
                  <String HEIGHT="48"
                          WIDTH="180"
                          VPOS="1423"
                          HPOS="1180"
                          CONTENT="quartum"/>
                  <SP HEIGHT="48" WIDTH="16" VPOS="1423" HPOS="1360"/>
                  <String HEIGHT="48"
                          WIDTH="213"
                          VPOS="1423"
                          HPOS="1311"
                          CONTENT="dicendum,"/>
                  <SP HEIGHT="48" WIDTH="16" VPOS="1423" HPOS="1523"/>
                  <String HEIGHT="48"
                          WIDTH="131"
                          VPOS="1423"
                          HPOS="1474"
                          CONTENT="quod"/>
                  <SP HEIGHT="48" WIDTH="16" VPOS="1423" HPOS="1605"/>
                  <String HEIGHT="48"
                          WIDTH="147"
                          VPOS="1423"
                          HPOS="1556"
                          CONTENT="maior"/>
                  <SP HEIGHT="48" WIDTH="16" VPOS="1423" HPOS="1703"/>
                  <String HEIGHT="48"
                          WIDTH="115"
                          VPOS="1423"
                          HPOS="1654"
                          CONTENT="est"/>
                  <SP HEIGHT="48" WIDTH="16" VPOS="1423" HPOS="1769"/>
                  <String HEIGHT="48"
                          WIDTH="246"
                          VPOS="1423"
                          HPOS="1703"
                          CONTENT="insufficiens:"/>
               </TextLine>
               <TextLine ID="r3l35"
                         BASELINE="1525"
                         HEIGHT="53"
                         WIDTH="830"
                         VPOS="1472"
                         HPOS="1123">
                  <String HEIGHT="53"
                          WIDTH="104"
                          VPOS="1472"
                          HPOS="1108"
                          CONTENT="uia"/>
                  <SP HEIGHT="53" WIDTH="15" VPOS="1472" HPOS="1212"/>
                  <String HEIGHT="53"
                          WIDTH="133"
                          VPOS="1472"
                          HPOS="1167"
                          CONTENT="licet"/>
                  <SP HEIGHT="53" WIDTH="15" VPOS="1472" HPOS="1301"/>
                  <String HEIGHT="53"
                          WIDTH="163"
                          VPOS="1472"
                          HPOS="1256"
                          CONTENT="aliquid"/>
                  <SP HEIGHT="53" WIDTH="15" VPOS="1472" HPOS="1419"/>
                  <String HEIGHT="53"
                          WIDTH="104"
                          VPOS="1472"
                          HPOS="1375"
                          CONTENT="non"/>
                  <SP HEIGHT="53" WIDTH="15" VPOS="1472" HPOS="1479"/>
                  <String HEIGHT="53"
                          WIDTH="208"
                          VPOS="1472"
                          HPOS="1434"
                          CONTENT="inueniatur"/>
                  <SP HEIGHT="53" WIDTH="15" VPOS="1472" HPOS="1642"/>
                  <String HEIGHT="53"
                          WIDTH="178"
                          VPOS="1472"
                          HPOS="1597"
                          CONTENT="expresse"/>
                  <SP HEIGHT="53" WIDTH="15" VPOS="1472" HPOS="1775"/>
                  <String HEIGHT="53" WIDTH="89" VPOS="1472" HPOS="1731" CONTENT="in"/>
                  <SP HEIGHT="53" WIDTH="15" VPOS="1472" HPOS="1820"/>
                  <String HEIGHT="53"
                          WIDTH="133"
                          VPOS="1472"
                          HPOS="1775"
                          CONTENT="sacra"/>
                  <SP HEIGHT="53" WIDTH="15" VPOS="1472" HPOS="1909"/>
                  <String HEIGHT="53"
                          WIDTH="104"
                          VPOS="1472"
                          HPOS="1849"
                          CONTENT="scri"
                          SUBS_TYPE="HypPart1"
                          SUBS_CONTENT="scriptura,"/>
                  <HYP CONTENT="-"/>
               </TextLine>
               <TextLine ID="r3l36"
                         BASELINE="1563"
                         HEIGHT="53"
                         WIDTH="846"
                         VPOS="1510"
                         HPOS="1107">
                  <String HEIGHT="53"
                          WIDTH="136"
                          VPOS="1510"
                          HPOS="1093"
                          CONTENT="ptura,"
                          SUBS_TYPE="HypPart2"
                          SUBS_CONTENT="scriptura,"/>
                  <SP HEIGHT="53" WIDTH="14" VPOS="1510" HPOS="1230"/>
                  <String HEIGHT="53"
                          WIDTH="96"
                          VPOS="1510"
                          HPOS="1189"
                          CONTENT="vel"/>
                  <SP HEIGHT="53" WIDTH="14" VPOS="1510" HPOS="1284"/>
                  <String HEIGHT="53" WIDTH="82" VPOS="1510" HPOS="1243" CONTENT="in"/>
                  <SP HEIGHT="53" WIDTH="14" VPOS="1510" HPOS="1325"/>
                  <String HEIGHT="53"
                          WIDTH="177"
                          VPOS="1510"
                          HPOS="1284"
                          CONTENT="articulis"/>
                  <SP HEIGHT="53" WIDTH="14" VPOS="1510" HPOS="1462"/>
                  <String HEIGHT="53"
                          WIDTH="136"
                          VPOS="1510"
                          HPOS="1421"
                          CONTENT="fidei,"/>
                  <SP HEIGHT="53" WIDTH="14" VPOS="1510" HPOS="1557"/>
                  <String HEIGHT="53"
                          WIDTH="96"
                          VPOS="1510"
                          HPOS="1516"
                          CONTENT="vel"/>
                  <SP HEIGHT="53" WIDTH="14" VPOS="1510" HPOS="1612"/>
                  <String HEIGHT="53" WIDTH="82" VPOS="1510" HPOS="1571" CONTENT="in"/>
                  <SP HEIGHT="53" WIDTH="14" VPOS="1510" HPOS="1653"/>
                  <String HEIGHT="53"
                          WIDTH="136"
                          VPOS="1510"
                          HPOS="1612"
                          CONTENT="dictis"/>
                  <SP HEIGHT="53" WIDTH="14" VPOS="1510" HPOS="1748"/>
                  <String HEIGHT="53"
                          WIDTH="177"
                          VPOS="1510"
                          HPOS="1707"
                          CONTENT="sanctorum"/>
                  <SP HEIGHT="53" WIDTH="14" VPOS="1510" HPOS="1885"/>
                  <String HEIGHT="53"
                          WIDTH="96"
                          VPOS="1510"
                          HPOS="1844"
                          CONTENT=":si"/>
                  <SP HEIGHT="53" WIDTH="14" VPOS="1510" HPOS="1939"/>
                  <String HEIGHT="53"
                          WIDTH="68"
                          VPOS="1510"
                          HPOS="1885"
                          CONTENT="ta"
                          SUBS_TYPE="HypPart1"
                          SUBS_CONTENT="tamen"/>
                  <HYP CONTENT="-"/>
               </TextLine>
               <TextLine ID="r3l37"
                         BASELINE="1604"
                         HEIGHT="47"
                         WIDTH="852"
                         VPOS="1557"
                         HPOS="1104">
                  <String HEIGHT="47"
                          WIDTH="124"
                          VPOS="1557"
                          HPOS="1086"
                          CONTENT="men"
                          SUBS_TYPE="HypPart2"
                          SUBS_CONTENT="tamen"/>
                  <SP HEIGHT="47" WIDTH="18" VPOS="1557" HPOS="1211"/>
                  <String HEIGHT="47"
                          WIDTH="124"
                          VPOS="1557"
                          HPOS="1157"
                          CONTENT="est"/>
                  <SP HEIGHT="47" WIDTH="18" VPOS="1557" HPOS="1282"/>
                  <String HEIGHT="47"
                          WIDTH="124"
                          VPOS="1557"
                          HPOS="1228"
                          CONTENT="per"/>
                  <SP HEIGHT="47" WIDTH="18" VPOS="1557" HPOS="1353"/>
                  <String HEIGHT="47"
                          WIDTH="231"
                          VPOS="1557"
                          HPOS="1299"
                          CONTENT="ecclesiam"/>
                  <SP HEIGHT="47" WIDTH="18" VPOS="1557" HPOS="1530"/>
                  <String HEIGHT="47"
                          WIDTH="195"
                          VPOS="1557"
                          HPOS="1477"
                          CONTENT="Homanam"/>
                  <SP HEIGHT="47" WIDTH="18" VPOS="1557" HPOS="1672"/>
                  <String HEIGHT="47"
                          WIDTH="302"
                          VPOS="1557"
                          HPOS="1619"
                          CONTENT="determinatum,"/>
                  <SP HEIGHT="47" WIDTH="18" VPOS="1557" HPOS="1921"/>
                  <String HEIGHT="47"
                          WIDTH="107"
                          VPOS="1557"
                          HPOS="1850"
                          CONTENT="tunc"/>
               </TextLine>
               <TextLine ID="r3l38"
                         BASELINE="1646"
                         HEIGHT="49"
                         WIDTH="842"
                         VPOS="1597"
                         HPOS="1110">
                  <String HEIGHT="49"
                          WIDTH="138"
                          VPOS="1597"
                          HPOS="1095"
                          CONTENT="nulli"/>
                  <SP HEIGHT="49" WIDTH="15" VPOS="1597" HPOS="1232"/>
                  <String HEIGHT="49"
                          WIDTH="138"
                          VPOS="1597"
                          HPOS="1187"
                          CONTENT="licet"/>
                  <SP HEIGHT="49" WIDTH="15" VPOS="1597" HPOS="1324"/>
                  <String HEIGHT="49"
                          WIDTH="153"
                          VPOS="1597"
                          HPOS="1278"
                          CONTENT="tenere"/>
                  <SP HEIGHT="49" WIDTH="15" VPOS="1597" HPOS="1431"/>
                  <String HEIGHT="49"
                          WIDTH="214"
                          VPOS="1597"
                          HPOS="1386"
                          CONTENT="oppositum:"/>
                  <SP HEIGHT="49" WIDTH="15" VPOS="1597" HPOS="1600"/>
                  <String HEIGHT="49"
                          WIDTH="138"
                          VPOS="1597"
                          HPOS="1554"
                          CONTENT="Multa"/>
                  <SP HEIGHT="49" WIDTH="15" VPOS="1597" HPOS="1692"/>
                  <String HEIGHT="49"
                          WIDTH="122"
                          VPOS="1597"
                          HPOS="1646"
                          CONTENT="enim"/>
                  <SP HEIGHT="49" WIDTH="15" VPOS="1597" HPOS="1768"/>
                  <String HEIGHT="49"
                          WIDTH="122"
                          VPOS="1597"
                          HPOS="1722"
                          CONTENT="sunt"/>
                  <SP HEIGHT="49" WIDTH="15" VPOS="1597" HPOS="1845"/>
                  <String HEIGHT="49" WIDTH="92" VPOS="1597" HPOS="1799" CONTENT="ab"/>
                  <SP HEIGHT="49" WIDTH="15" VPOS="1597" HPOS="1891"/>
                  <String HEIGHT="49"
                          WIDTH="122"
                          VPOS="1597"
                          HPOS="1830"
                          CONTENT="eccle"
                          SUBS_TYPE="HypPart1"
                          SUBS_CONTENT="ecclesia"/>
                  <HYP CONTENT="-"/>
               </TextLine>
               <TextLine ID="r3l39"
                         BASELINE="1674"
                         HEIGHT="46"
                         WIDTH="829"
                         VPOS="1628"
                         HPOS="1113">
                  <String HEIGHT="46"
                          WIDTH="107"
                          VPOS="1628"
                          HPOS="1098"
                          CONTENT="sia"
                          SUBS_TYPE="HypPart2"
                          SUBS_CONTENT="ecclesia"/>
                  <SP HEIGHT="46" WIDTH="15" VPOS="1628" HPOS="1205"/>
                  <String HEIGHT="46"
                          WIDTH="246"
                          VPOS="1628"
                          HPOS="1159"
                          CONTENT="determinata,"/>
                  <SP HEIGHT="46" WIDTH="15" VPOS="1628" HPOS="1405"/>
                  <String HEIGHT="46"
                          WIDTH="123"
                          VPOS="1628"
                          HPOS="1359"
                          CONTENT="quae"/>
                  <SP HEIGHT="46" WIDTH="15" VPOS="1628" HPOS="1481"/>
                  <String HEIGHT="46"
                          WIDTH="138"
                          VPOS="1628"
                          HPOS="1435"
                          CONTENT="alias"/>
                  <SP HEIGHT="46" WIDTH="15" VPOS="1628" HPOS="1574"/>
                  <String HEIGHT="46"
                          WIDTH="107"
                          VPOS="1628"
                          HPOS="1528"
                          CONTENT="non"/>
                  <SP HEIGHT="46" WIDTH="15" VPOS="1628" HPOS="1635"/>
                  <String HEIGHT="46"
                          WIDTH="230"
                          VPOS="1628"
                          HPOS="1589"
                          CONTENT="inueniuntur"/>
                  <SP HEIGHT="46" WIDTH="15" VPOS="1628" HPOS="1819"/>
                  <String HEIGHT="46"
                          WIDTH="184"
                          VPOS="1628"
                          HPOS="1758"
                          CONTENT="expressa,a"/>
               </TextLine>
               <TextLine ID="r3l40"
                         BASELINE="1721"
                         HEIGHT="53"
                         WIDTH="834"
                         VPOS="1668"
                         HPOS="1113">
                  <String HEIGHT="53"
                          WIDTH="154"
                          VPOS="1668"
                          HPOS="1098"
                          CONTENT="quibus"/>
                  <SP HEIGHT="53" WIDTH="15" VPOS="1668" HPOS="1252"/>
                  <String HEIGHT="53"
                          WIDTH="216"
                          VPOS="1668"
                          HPOS="1206"
                          CONTENT="dissentire"/>
                  <SP HEIGHT="53" WIDTH="15" VPOS="1668" HPOS="1422"/>
                  <String HEIGHT="53"
                          WIDTH="108"
                          VPOS="1668"
                          HPOS="1376"
                          CONTENT="non"/>
                  <SP HEIGHT="53" WIDTH="15" VPOS="1668" HPOS="1484"/>
                  <String HEIGHT="53"
                          WIDTH="170"
                          VPOS="1668"
                          HPOS="1437"
                          CONTENT="careret"/>
                  <SP HEIGHT="53" WIDTH="15" VPOS="1668" HPOS="1607"/>
                  <String HEIGHT="53"
                          WIDTH="170"
                          VPOS="1668"
                          HPOS="1561"
                          CONTENT="errore."/>
                  <SP HEIGHT="53" WIDTH="15" VPOS="1668" HPOS="1731"/>
                  <String HEIGHT="53"
                          WIDTH="170"
                          VPOS="1668"
                          HPOS="1684"
                          CONTENT="Propter"/>
                  <SP HEIGHT="53" WIDTH="15" VPOS="1668" HPOS="1854"/>
                  <String HEIGHT="53"
                          WIDTH="124"
                          VPOS="1668"
                          HPOS="1808"
                          CONTENT="quod"/>
                  <SP HEIGHT="53" WIDTH="15" VPOS="1668" HPOS="1932"/>
                  <String HEIGHT="53"
                          WIDTH="77"
                          VPOS="1668"
                          HPOS="1870"
                          CONTENT="ait"/>
               </TextLine>
               <TextLine ID="r3l42"
                         BASELINE="1763"
                         HEIGHT="58"
                         WIDTH="837"
                         VPOS="1705"
                         HPOS="1100">
                  <String HEIGHT="58"
                          WIDTH="225"
                          VPOS="1705"
                          HPOS="1084"
                          CONTENT="Augustinus"/>
                  <SP HEIGHT="58" WIDTH="16" VPOS="1705" HPOS="1309"/>
                  <String HEIGHT="58" WIDTH="97" VPOS="1705" HPOS="1261" CONTENT="in"/>
                  <SP HEIGHT="58" WIDTH="16" VPOS="1705" HPOS="1358"/>
                  <String HEIGHT="58"
                          WIDTH="145"
                          VPOS="1705"
                          HPOS="1309"
                          CONTENT="libro"/>
                  <SP HEIGHT="58" WIDTH="16" VPOS="1705" HPOS="1454"/>
                  <String HEIGHT="58" WIDTH="97" VPOS="1705" HPOS="1406" CONTENT="de"/>
                  <SP HEIGHT="58" WIDTH="16" VPOS="1705" HPOS="1502"/>
                  <String HEIGHT="58"
                          WIDTH="177"
                          VPOS="1705"
                          HPOS="1454"
                          CONTENT="moribus"/>
                  <SP HEIGHT="58" WIDTH="16" VPOS="1705" HPOS="1631"/>
                  <String HEIGHT="58"
                          WIDTH="274"
                          VPOS="1705"
                          HPOS="1583"
                          CONTENT="Manichaeorum."/>
                  <SP HEIGHT="58" WIDTH="16" VPOS="1705" HPOS="1857"/>
                  <String HEIGHT="58"
                          WIDTH="145"
                          VPOS="1705"
                          HPOS="1792"
                          CONTENT="Euange"
                          SUBS_TYPE="HypPart1"
                          SUBS_CONTENT="Euangelio"/>
                  <HYP CONTENT="-"/>
               </TextLine>
               <TextLine ID="r3l44"
                         BASELINE="1793"
                         HEIGHT="47"
                         WIDTH="847"
                         VPOS="1746"
                         HPOS="1102">
                  <String HEIGHT="47"
                          WIDTH="102"
                          VPOS="1746"
                          HPOS="1087"
                          CONTENT="lio"
                          SUBS_TYPE="HypPart2"
                          SUBS_CONTENT="Euangelio"/>
                  <SP HEIGHT="47" WIDTH="15" VPOS="1746" HPOS="1190"/>
                  <String HEIGHT="47"
                          WIDTH="102"
                          VPOS="1746"
                          HPOS="1146"
                          CONTENT="non"/>
                  <SP HEIGHT="47" WIDTH="15" VPOS="1746" HPOS="1248"/>
                  <String HEIGHT="47"
                          WIDTH="190"
                          VPOS="1746"
                          HPOS="1204"
                          CONTENT="crederem,"/>
                  <SP HEIGHT="47" WIDTH="15" VPOS="1746" HPOS="1394"/>
                  <String HEIGHT="47"
                          WIDTH="117"
                          VPOS="1746"
                          HPOS="1350"
                          CONTENT="nisi"/>
                  <SP HEIGHT="47" WIDTH="15" VPOS="1746" HPOS="1467"/>
                  <String HEIGHT="47" WIDTH="88" VPOS="1746" HPOS="1423" CONTENT="ab"/>
                  <SP HEIGHT="47" WIDTH="15" VPOS="1746" HPOS="1511"/>
                  <String HEIGHT="47"
                          WIDTH="175"
                          VPOS="1746"
                          HPOS="1467"
                          CONTENT="ecclesia"/>
                  <SP HEIGHT="47" WIDTH="15" VPOS="1746" HPOS="1642"/>
                  <String HEIGHT="47"
                          WIDTH="131"
                          VPOS="1746"
                          HPOS="1599"
                          CONTENT="esset"/>
                  <SP HEIGHT="47" WIDTH="15" VPOS="1746" HPOS="1730"/>
                  <String HEIGHT="47"
                          WIDTH="219"
                          VPOS="1746"
                          HPOS="1686"
                          CONTENT="approbatum."/>
                  <SP HEIGHT="47" WIDTH="15" VPOS="1746" HPOS="1905"/>
                  <String HEIGHT="47"
                          WIDTH="102"
                          VPOS="1746"
                          HPOS="1847"
                          CONTENT="Etiam"/>
               </TextLine>
               <TextLine ID="r3l46"
                         BASELINE="1827"
                         HEIGHT="43"
                         WIDTH="829"
                         VPOS="1784"
                         HPOS="1110">
                  <String HEIGHT="43"
                          WIDTH="154"
                          VPOS="1784"
                          HPOS="1095"
                          CONTENT="falsum"/>
                  <SP HEIGHT="43" WIDTH="15" VPOS="1784" HPOS="1248"/>
                  <String HEIGHT="43"
                          WIDTH="200"
                          VPOS="1784"
                          HPOS="1202"
                          CONTENT="assumunt:"/>
                  <SP HEIGHT="43" WIDTH="15" VPOS="1784" HPOS="1402"/>
                  <String HEIGHT="43"
                          WIDTH="123"
                          VPOS="1784"
                          HPOS="1356"
                          CONTENT="quia"/>
                  <SP HEIGHT="43" WIDTH="15" VPOS="1784" HPOS="1478"/>
                  <String HEIGHT="43"
                          WIDTH="154"
                          VPOS="1784"
                          HPOS="1432"
                          CONTENT="sancti"/>
                  <SP HEIGHT="43" WIDTH="15" VPOS="1784" HPOS="1586"/>
                  <String HEIGHT="43"
                          WIDTH="169"
                          VPOS="1784"
                          HPOS="1540"
                          CONTENT="saepius"/>
                  <SP HEIGHT="43" WIDTH="15" VPOS="1784" HPOS="1709"/>
                  <String HEIGHT="43"
                          WIDTH="169"
                          VPOS="1784"
                          HPOS="1663"
                          CONTENT="faciunt"/>
                  <SP HEIGHT="43" WIDTH="15" VPOS="1784" HPOS="1832"/>
                  <String HEIGHT="43"
                          WIDTH="169"
                          VPOS="1784"
                          HPOS="1770"
                          CONTENT="mentionem"/>
               </TextLine>
               <TextLine ID="r3l48"
                         BASELINE="1872"
                         HEIGHT="45"
                         WIDTH="835"
                         VPOS="1827"
                         HPOS="1110">
                  <String HEIGHT="45" WIDTH="96" VPOS="1827" HPOS="1094" CONTENT="de"/>
                  <SP HEIGHT="45" WIDTH="16" VPOS="1827" HPOS="1190"/>
                  <String HEIGHT="45"
                          WIDTH="241"
                          VPOS="1827"
                          HPOS="1142"
                          CONTENT="charactere."/>
                  <SP HEIGHT="45" WIDTH="16" VPOS="1827" HPOS="1383"/>
                  <String HEIGHT="45"
                          WIDTH="128"
                          VPOS="1827"
                          HPOS="1335"
                          CONTENT="Quia"/>
                  <SP HEIGHT="45" WIDTH="16" VPOS="1827" HPOS="1463"/>
                  <String HEIGHT="45"
                          WIDTH="161"
                          VPOS="1827"
                          HPOS="1415"
                          CONTENT="beatus"/>
                  <SP HEIGHT="45" WIDTH="16" VPOS="1827" HPOS="1576"/>
                  <String HEIGHT="45"
                          WIDTH="225"
                          VPOS="1827"
                          HPOS="1528"
                          CONTENT="Augustinus"/>
                  <SP HEIGHT="45" WIDTH="16" VPOS="1827" HPOS="1752"/>
                  <String HEIGHT="45"
                          WIDTH="193"
                          VPOS="1827"
                          HPOS="1704"
                          CONTENT="expresse"/>
                  <SP HEIGHT="45" WIDTH="16" VPOS="1827" HPOS="1897"/>
                  <String HEIGHT="45"
                          WIDTH="112"
                          VPOS="1827"
                          HPOS="1833"
                          CONTENT="ponit"/>
               </TextLine>
               <TextLine ID="r3l50"
                         BASELINE="1915"
                         HEIGHT="54"
                         WIDTH="836"
                         VPOS="1861"
                         HPOS="1110">
                  <String HEIGHT="54"
                          WIDTH="241"
                          VPOS="1861"
                          HPOS="1094"
                          CONTENT="characterem"/>
                  <SP HEIGHT="54" WIDTH="16" VPOS="1861" HPOS="1335"/>
                  <String HEIGHT="54" WIDTH="96" VPOS="1861" HPOS="1287" CONTENT="in"/>
                  <SP HEIGHT="54" WIDTH="16" VPOS="1861" HPOS="1383"/>
                  <String HEIGHT="54"
                          WIDTH="113"
                          VPOS="1861"
                          HPOS="1335"
                          CONTENT="lib"/>
                  <SP HEIGHT="54" WIDTH="16" VPOS="1861" HPOS="1448"/>
                  <String HEIGHT="54" WIDTH="96" VPOS="1861" HPOS="1399" CONTENT="de"/>
                  <SP HEIGHT="54" WIDTH="16" VPOS="1861" HPOS="1496"/>
                  <String HEIGHT="54"
                          WIDTH="193"
                          VPOS="1861"
                          HPOS="1448"
                          CONTENT="baptismo"/>
                  <SP HEIGHT="54" WIDTH="16" VPOS="1861" HPOS="1641"/>
                  <String HEIGHT="54"
                          WIDTH="225"
                          VPOS="1861"
                          HPOS="1592"
                          CONTENT="paruulorum"/>
                  <SP HEIGHT="54" WIDTH="16" VPOS="1861" HPOS="1817"/>
                  <String HEIGHT="54"
                          WIDTH="161"
                          VPOS="1861"
                          HPOS="1769"
                          CONTENT="dicens"/>
                  <SP HEIGHT="54" WIDTH="16" VPOS="1861" HPOS="1930"/>
                  <String HEIGHT="54"
                          WIDTH="80"
                          VPOS="1861"
                          HPOS="1866"
                          CONTENT="Cha"/>
               </TextLine>
               <TextLine ID="r3l52"
                         BASELINE="1951"
                         HEIGHT="46"
                         WIDTH="839"
                         VPOS="1905"
                         HPOS="1107">
                  <String HEIGHT="46"
                          WIDTH="150"
                          VPOS="1905"
                          HPOS="1092"
                          CONTENT="racter"/>
                  <SP HEIGHT="46" WIDTH="15" VPOS="1905" HPOS="1242"/>
                  <String HEIGHT="46"
                          WIDTH="210"
                          VPOS="1905"
                          HPOS="1197"
                          CONTENT="dominicus,"/>
                  <SP HEIGHT="46" WIDTH="15" VPOS="1905" HPOS="1407"/>
                  <String HEIGHT="46"
                          WIDTH="105"
                          VPOS="1905"
                          HPOS="1362"
                          CONTENT="cum"/>
                  <SP HEIGHT="46" WIDTH="15" VPOS="1905" HPOS="1467"/>
                  <String HEIGHT="46"
                          WIDTH="120"
                          VPOS="1905"
                          HPOS="1422"
                          CONTENT="ouis"/>
                  <SP HEIGHT="46" WIDTH="15" VPOS="1905" HPOS="1541"/>
                  <String HEIGHT="46"
                          WIDTH="165"
                          VPOS="1905"
                          HPOS="1497"
                          CONTENT="errans,"/>
                  <SP HEIGHT="46" WIDTH="15" VPOS="1905" HPOS="1661"/>
                  <String HEIGHT="46" WIDTH="90" VPOS="1905" HPOS="1616" CONTENT="ad"/>
                  <SP HEIGHT="46" WIDTH="15" VPOS="1905" HPOS="1706"/>
                  <String HEIGHT="46"
                          WIDTH="225"
                          VPOS="1905"
                          HPOS="1661"
                          CONTENT="christianam"/>
                  <SP HEIGHT="46" WIDTH="15" VPOS="1905" HPOS="1886"/>
                  <String HEIGHT="46"
                          WIDTH="120"
                          VPOS="1905"
                          HPOS="1826"
                          CONTENT="vnita"
                          SUBS_TYPE="HypPart1"
                          SUBS_CONTENT="vnitatem"/>
                  <HYP CONTENT="-"/>
               </TextLine>
               <TextLine ID="r3l54"
                         BASELINE="1994"
                         HEIGHT="49"
                         WIDTH="838"
                         VPOS="1945"
                         HPOS="1105">
                  <String HEIGHT="49"
                          WIDTH="105"
                          VPOS="1945"
                          HPOS="1090"
                          CONTENT="tem"
                          SUBS_TYPE="HypPart2"
                          SUBS_CONTENT="vnitatem"/>
                  <SP HEIGHT="49" WIDTH="15" VPOS="1945" HPOS="1195"/>
                  <String HEIGHT="49"
                          WIDTH="180"
                          VPOS="1945"
                          HPOS="1150"
                          CONTENT="rediens,"/>
                  <SP HEIGHT="49" WIDTH="15" VPOS="1945" HPOS="1329"/>
                  <String HEIGHT="49" WIDTH="90" VPOS="1945" HPOS="1285" CONTENT="ab"/>
                  <SP HEIGHT="49" WIDTH="15" VPOS="1945" HPOS="1374"/>
                  <String HEIGHT="49"
                          WIDTH="150"
                          VPOS="1945"
                          HPOS="1329"
                          CONTENT="errore"/>
                  <SP HEIGHT="49" WIDTH="15" VPOS="1945" HPOS="1479"/>
                  <String HEIGHT="49"
                          WIDTH="210"
                          VPOS="1945"
                          HPOS="1434"
                          CONTENT="liberatur,"/>
                  <SP HEIGHT="49" WIDTH="15" VPOS="1945" HPOS="1644"/>
                  <String HEIGHT="49"
                          WIDTH="224"
                          VPOS="1945"
                          HPOS="1599"
                          CONTENT="agnoscitur,"/>
                  <SP HEIGHT="49" WIDTH="15" VPOS="1945" HPOS="1823"/>
                  <String HEIGHT="49"
                          WIDTH="105"
                          VPOS="1945"
                          HPOS="1778"
                          CONTENT="non"/>
                  <SP HEIGHT="49" WIDTH="15" VPOS="1945" HPOS="1883"/>
                  <String HEIGHT="49"
                          WIDTH="120"
                          VPOS="1945"
                          HPOS="1823"
                          CONTENT="impro"
                          SUBS_TYPE="HypPart1"
                          SUBS_CONTENT="impropatur."/>
                  <HYP CONTENT="-"/>
               </TextLine>
               <TextLine ID="r3l56"
                         BASELINE="2035"
                         HEIGHT="50"
                         WIDTH="834"
                         VPOS="1985"
                         HPOS="1111">
                  <String HEIGHT="50"
                          WIDTH="154"
                          VPOS="1985"
                          HPOS="1096"
                          CONTENT="patur."
                          SUBS_TYPE="HypPart2"
                          SUBS_CONTENT="impropatur."/>
                  <SP HEIGHT="50" WIDTH="15" VPOS="1985" HPOS="1250"/>
                  <String HEIGHT="50" WIDTH="93" VPOS="1985" HPOS="1204" CONTENT="Et"/>
                  <SP HEIGHT="50" WIDTH="15" VPOS="1985" HPOS="1296"/>
                  <String HEIGHT="50"
                          WIDTH="139"
                          VPOS="1985"
                          HPOS="1250"
                          CONTENT="eodem"/>
                  <SP HEIGHT="50" WIDTH="15" VPOS="1985" HPOS="1389"/>
                  <String HEIGHT="50"
                          WIDTH="108"
                          VPOS="1985"
                          HPOS="1343"
                          CONTENT="lib"/>
                  <SP HEIGHT="50" WIDTH="15" VPOS="1985" HPOS="1451"/>
                  <String HEIGHT="50"
                          WIDTH="124"
                          VPOS="1985"
                          HPOS="1404"
                          CONTENT="ait,"/>
                  <SP HEIGHT="50" WIDTH="15" VPOS="1985" HPOS="1528"/>
                  <String HEIGHT="50"
                          WIDTH="232"
                          VPOS="1985"
                          HPOS="1482"
                          CONTENT="Augustinus."/>
                  <SP HEIGHT="50" WIDTH="15" VPOS="1985" HPOS="1713"/>
                  <String HEIGHT="50"
                          WIDTH="232"
                          VPOS="1985"
                          HPOS="1667"
                          CONTENT="Characterem"/>
                  <SP HEIGHT="50" WIDTH="15" VPOS="1985" HPOS="1899"/>
                  <String HEIGHT="50"
                          WIDTH="108"
                          VPOS="1985"
                          HPOS="1837"
                          CONTENT="multi"/>
               </TextLine>
               <TextLine ID="r3l57"
                         BASELINE="2067"
                         HEIGHT="40"
                         WIDTH="833"
                         VPOS="2027"
                         HPOS="1110">
                  <String HEIGHT="40"
                          WIDTH="126"
                          VPOS="2027"
                          HPOS="1094"
                          CONTENT="lupi"/>
                  <SP HEIGHT="40" WIDTH="16" VPOS="2027" HPOS="1220"/>
                  <String HEIGHT="40"
                          WIDTH="220"
                          VPOS="2027"
                          HPOS="1173"
                          CONTENT="imprimunt,"/>
                  <SP HEIGHT="40" WIDTH="16" VPOS="2027" HPOS="1393"/>
                  <String HEIGHT="40"
                          WIDTH="110"
                          VPOS="2027"
                          HPOS="1346"
                          CONTENT="qui"/>
                  <SP HEIGHT="40" WIDTH="16" VPOS="2027" HPOS="1456"/>
                  <String HEIGHT="40"
                          WIDTH="189"
                          VPOS="2027"
                          HPOS="1409"
                          CONTENT="videntur"/>
                  <SP HEIGHT="40" WIDTH="16" VPOS="2027" HPOS="1597"/>
                  <String HEIGHT="40"
                          WIDTH="126"
                          VPOS="2027"
                          HPOS="1550"
                          CONTENT="esse"/>
                  <SP HEIGHT="40" WIDTH="16" VPOS="2027" HPOS="1676"/>
                  <String HEIGHT="40"
                          WIDTH="141"
                          VPOS="2027"
                          HPOS="1629"
                          CONTENT="oues:"/>
                  <SP HEIGHT="40" WIDTH="16" VPOS="2027" HPOS="1770"/>
                  <String HEIGHT="40"
                          WIDTH="220"
                          VPOS="2027"
                          HPOS="1723"
                          CONTENT="veruntamen"/>
                  <SP HEIGHT="40" WIDTH="16" VPOS="2027" HPOS="1943"/>
                  <String HEIGHT="40" WIDTH="63" VPOS="2027" HPOS="1880" CONTENT="ad"/>
               </TextLine>
               <TextLine ID="r3l58"
                         BASELINE="2107"
                         HEIGHT="44"
                         WIDTH="850"
                         VPOS="2063"
                         HPOS="1105">
                  <String HEIGHT="44"
                          WIDTH="153"
                          VPOS="2063"
                          HPOS="1088"
                          CONTENT="ouile"/>
                  <SP HEIGHT="44" WIDTH="17" VPOS="2063" HPOS="1241"/>
                  <String HEIGHT="44"
                          WIDTH="170"
                          VPOS="2063"
                          HPOS="1190"
                          CONTENT="domini"/>
                  <SP HEIGHT="44" WIDTH="17" VPOS="2063" HPOS="1360"/>
                  <String HEIGHT="44"
                          WIDTH="119"
                          VPOS="2063"
                          HPOS="1309"
                          CONTENT="non"/>
                  <SP HEIGHT="44" WIDTH="17" VPOS="2063" HPOS="1428"/>
                  <String HEIGHT="44"
                          WIDTH="238"
                          VPOS="2063"
                          HPOS="1377"
                          CONTENT="pertinent,"/>
                  <SP HEIGHT="44" WIDTH="17" VPOS="2063" HPOS="1615"/>
                  <String HEIGHT="44"
                          WIDTH="153"
                          VPOS="2063"
                          HPOS="1564"
                          CONTENT="morum"/>
                  <SP HEIGHT="44" WIDTH="17" VPOS="2063" HPOS="1717"/>
                  <String HEIGHT="44"
                          WIDTH="170"
                          VPOS="2063"
                          HPOS="1666"
                          CONTENT="suorum"/>
                  <SP HEIGHT="44" WIDTH="17" VPOS="2063" HPOS="1836"/>
                  <String HEIGHT="44"
                          WIDTH="187"
                          VPOS="2063"
                          HPOS="1768"
                          CONTENT="fructibus"/>
               </TextLine>
               <TextLine ID="r3l59"
                         BASELINE="2147"
                         HEIGHT="47"
                         WIDTH="836"
                         VPOS="2100"
                         HPOS="1108">
                  <String HEIGHT="47"
                          WIDTH="224"
                          VPOS="2100"
                          HPOS="1093"
                          CONTENT="agnoscitur."/>
                  <SP HEIGHT="47" WIDTH="15" VPOS="2100" HPOS="1317"/>
                  <String HEIGHT="47"
                          WIDTH="134"
                          VPOS="2100"
                          HPOS="1272"
                          CONTENT="Item,"/>
                  <SP HEIGHT="47" WIDTH="15" VPOS="2100" HPOS="1407"/>
                  <String HEIGHT="47"
                          WIDTH="179"
                          VPOS="2100"
                          HPOS="1362"
                          CONTENT="magister"/>
                  <SP HEIGHT="47" WIDTH="15" VPOS="2100" HPOS="1541"/>
                  <String HEIGHT="47"
                          WIDTH="239"
                          VPOS="2100"
                          HPOS="1496"
                          CONTENT="sententiarum"/>
                  <SP HEIGHT="47" WIDTH="15" VPOS="2100" HPOS="1735"/>
                  <String HEIGHT="47" WIDTH="90" VPOS="2100" HPOS="1690" CONTENT="in"/>
                  <SP HEIGHT="47" WIDTH="15" VPOS="2100" HPOS="1780"/>
                  <String HEIGHT="47"
                          WIDTH="119"
                          VPOS="2100"
                          HPOS="1735"
                          CONTENT="ista"/>
                  <SP HEIGHT="47" WIDTH="15" VPOS="2100" HPOS="1854"/>
                  <String HEIGHT="47"
                          WIDTH="149"
                          VPOS="2100"
                          HPOS="1795"
                          CONTENT="presenti"/>
               </TextLine>
               <TextLine ID="r3l60"
                         BASELINE="2190"
                         HEIGHT="51"
                         WIDTH="837"
                         VPOS="2139"
                         HPOS="1103">
                  <String HEIGHT="51"
                          WIDTH="128"
                          VPOS="2139"
                          HPOS="1089"
                          CONTENT="dist."/>
                  <SP HEIGHT="51" WIDTH="14" VPOS="2139" HPOS="1216"/>
                  <String HEIGHT="51" WIDTH="85" VPOS="2139" HPOS="1174" CONTENT="c."/>
                  <SP HEIGHT="51" WIDTH="14" VPOS="2139" HPOS="1259"/>
                  <String HEIGHT="51" WIDTH="71" VPOS="2139" HPOS="1216" CONTENT="1"/>
                  <SP HEIGHT="51" WIDTH="14" VPOS="2139" HPOS="1287"/>
                  <String HEIGHT="51" WIDTH="85" VPOS="2139" HPOS="1245" CONTENT="ex"/>
                  <SP HEIGHT="51" WIDTH="14" VPOS="2139" HPOS="1330"/>
                  <String HEIGHT="51"
                          WIDTH="142"
                          VPOS="2139"
                          HPOS="1287"
                          CONTENT="dictis"/>
                  <SP HEIGHT="51" WIDTH="14" VPOS="2139" HPOS="1429"/>
                  <String HEIGHT="51"
                          WIDTH="156"
                          VPOS="2139"
                          HPOS="1387"
                          CONTENT="August."/>
                  <SP HEIGHT="51" WIDTH="14" VPOS="2139" HPOS="1543"/>
                  <String HEIGHT="51"
                          WIDTH="170"
                          VPOS="2139"
                          HPOS="1500"
                          CONTENT="acceptis"/>
                  <SP HEIGHT="51" WIDTH="14" VPOS="2139" HPOS="1670"/>
                  <String HEIGHT="51" WIDTH="85" VPOS="2139" HPOS="1628" CONTENT="de"/>
                  <SP HEIGHT="51" WIDTH="14" VPOS="2139" HPOS="1713"/>
                  <String HEIGHT="51"
                          WIDTH="128"
                          VPOS="2139"
                          HPOS="1670"
                          CONTENT="libro"/>
                  <SP HEIGHT="51" WIDTH="14" VPOS="2139" HPOS="1798"/>
                  <String HEIGHT="51"
                          WIDTH="142"
                          VPOS="2139"
                          HPOS="1756"
                          CONTENT="contra"/>
                  <SP HEIGHT="51" WIDTH="14" VPOS="2139" HPOS="1897"/>
                  <String HEIGHT="51"
                          WIDTH="99"
                          VPOS="2139"
                          HPOS="1841"
                          CONTENT="Maxi"
                          SUBS_TYPE="HypPart1"
                          SUBS_CONTENT="Maximinum"/>
                  <HYP CONTENT="-"/>
               </TextLine>
               <TextLine ID="r3l61"
                         BASELINE="2231"
                         HEIGHT="52"
                         WIDTH="842"
                         VPOS="2179"
                         HPOS="1101">
                  <String HEIGHT="52"
                          WIDTH="128"
                          VPOS="2179"
                          HPOS="1087"
                          CONTENT="minum"
                          SUBS_TYPE="HypPart2"
                          SUBS_CONTENT="Maximinum"/>
                  <SP HEIGHT="52" WIDTH="14" VPOS="2179" HPOS="1215"/>
                  <String HEIGHT="52"
                          WIDTH="200"
                          VPOS="2179"
                          HPOS="1172"
                          CONTENT="concludit,"/>
                  <SP HEIGHT="52" WIDTH="14" VPOS="2179" HPOS="1372"/>
                  <String HEIGHT="52"
                          WIDTH="100"
                          VPOS="2179"
                          HPOS="1329"
                          CONTENT="sic"/>
                  <SP HEIGHT="52" WIDTH="14" VPOS="2179" HPOS="1429"/>
                  <String HEIGHT="52"
                          WIDTH="157"
                          VPOS="2179"
                          HPOS="1386"
                          CONTENT="dicens."/>
                  <SP HEIGHT="52" WIDTH="14" VPOS="2179" HPOS="1543"/>
                  <String HEIGHT="52" WIDTH="86" VPOS="2179" HPOS="1501" CONTENT="Ex"/>
                  <SP HEIGHT="52" WIDTH="14" VPOS="2179" HPOS="1586"/>
                  <String HEIGHT="52"
                          WIDTH="100"
                          VPOS="2179"
                          HPOS="1543"
                          CONTENT="his"/>
                  <SP HEIGHT="52" WIDTH="14" VPOS="2179" HPOS="1643"/>
                  <String HEIGHT="52"
                          WIDTH="143"
                          VPOS="2179"
                          HPOS="1600"
                          CONTENT="aperte"/>
                  <SP HEIGHT="52" WIDTH="14" VPOS="2179" HPOS="1743"/>
                  <String HEIGHT="52"
                          WIDTH="214"
                          VPOS="2179"
                          HPOS="1700"
                          CONTENT="colligitur,"/>
                  <SP HEIGHT="52" WIDTH="14" VPOS="2179" HPOS="1914"/>
                  <String HEIGHT="52"
                          WIDTH="86"
                          VPOS="2179"
                          HPOS="1857"
                          CONTENT="quod"/>
               </TextLine>
               <TextLine ID="r3l62"
                         BASELINE="2263"
                         HEIGHT="43"
                         WIDTH="832"
                         VPOS="2220"
                         HPOS="1116">
                  <String HEIGHT="43"
                          WIDTH="102"
                          VPOS="2220"
                          HPOS="1101"
                          CONTENT="qui"/>
                  <SP HEIGHT="43" WIDTH="15" VPOS="2220" HPOS="1204"/>
                  <String HEIGHT="43"
                          WIDTH="131"
                          VPOS="2220"
                          HPOS="1160"
                          CONTENT="etiam"/>
                  <SP HEIGHT="43" WIDTH="15" VPOS="2220" HPOS="1291"/>
                  <String HEIGHT="43" WIDTH="88" VPOS="2220" HPOS="1247" CONTENT="ab"/>
                  <SP HEIGHT="43" WIDTH="15" VPOS="2220" HPOS="1335"/>
                  <String HEIGHT="43"
                          WIDTH="204"
                          VPOS="2220"
                          HPOS="1291"
                          CONTENT="haereticis"/>
                  <SP HEIGHT="43" WIDTH="15" VPOS="2220" HPOS="1496"/>
                  <String HEIGHT="43"
                          WIDTH="190"
                          VPOS="2220"
                          HPOS="1452"
                          CONTENT="bapticati"/>
                  <SP HEIGHT="43" WIDTH="15" VPOS="2220" HPOS="1641"/>
                  <String HEIGHT="43"
                          WIDTH="117"
                          VPOS="2220"
                          HPOS="1598"
                          CONTENT="sunt"/>
                  <SP HEIGHT="43" WIDTH="15" VPOS="2220" HPOS="1714"/>
                  <String HEIGHT="43"
                          WIDTH="161"
                          VPOS="2220"
                          HPOS="1671"
                          CONTENT="seruato"/>
                  <SP HEIGHT="43" WIDTH="15" VPOS="2220" HPOS="1831"/>
                  <String HEIGHT="43"
                          WIDTH="175"
                          VPOS="2220"
                          HPOS="1773"
                          CONTENT="charactere"/>
               </TextLine>
               <TextLine ID="r3l63"
                         BASELINE="2307"
                         HEIGHT="51"
                         WIDTH="837"
                         VPOS="2256"
                         HPOS="1119">
                  <String HEIGHT="51"
                          WIDTH="186"
                          VPOS="2256"
                          HPOS="1104"
                          CONTENT="Christi,"/>
                  <SP HEIGHT="51" WIDTH="16" VPOS="2256" HPOS="1290"/>
                  <String HEIGHT="51"
                          WIDTH="248"
                          VPOS="2256"
                          HPOS="1243"
                          CONTENT="rebaptixandi"/>
                  <SP HEIGHT="51" WIDTH="16" VPOS="2256" HPOS="1491"/>
                  <String HEIGHT="51"
                          WIDTH="109"
                          VPOS="2256"
                          HPOS="1445"
                          CONTENT="non"/>
                  <SP HEIGHT="51" WIDTH="16" VPOS="2256" HPOS="1553"/>
                  <String HEIGHT="51"
                          WIDTH="140"
                          VPOS="2256"
                          HPOS="1507"
                          CONTENT="sunt."/>
                  <SP HEIGHT="51" WIDTH="16" VPOS="2256" HPOS="1646"/>
                  <String HEIGHT="51" WIDTH="93" VPOS="2256" HPOS="1600" CONTENT="Ad"/>
                  <SP HEIGHT="51" WIDTH="16" VPOS="2256" HPOS="1693"/>
                  <String HEIGHT="51"
                          WIDTH="155"
                          VPOS="2256"
                          HPOS="1646"
                          CONTENT="dictum"/>
                  <SP HEIGHT="51" WIDTH="16" VPOS="2256" HPOS="1801"/>
                  <String HEIGHT="51"
                          WIDTH="171"
                          VPOS="2256"
                          HPOS="1755"
                          CONTENT="August:"/>
                  <SP HEIGHT="51" WIDTH="16" VPOS="2256" HPOS="1925"/>
                  <String HEIGHT="51"
                          WIDTH="93"
                          VPOS="2256"
                          HPOS="1863"
                          CONTENT="quod"/>
               </TextLine>
               <TextLine ID="r3l64"
                         BASELINE="2345"
                         HEIGHT="47"
                         WIDTH="839"
                         VPOS="2298"
                         HPOS="1107">
                  <String HEIGHT="47"
                          WIDTH="122"
                          VPOS="2298"
                          HPOS="1092"
                          CONTENT="isti"/>
                  <SP HEIGHT="47" WIDTH="15" VPOS="2298" HPOS="1214"/>
                  <String HEIGHT="47"
                          WIDTH="107"
                          VPOS="2298"
                          HPOS="1168"
                          CONTENT="pro"/>
                  <SP HEIGHT="47" WIDTH="15" VPOS="2298" HPOS="1275"/>
                  <String HEIGHT="47" WIDTH="92" VPOS="2298" HPOS="1229" CONTENT="se"/>
                  <SP HEIGHT="47" WIDTH="15" VPOS="2298" HPOS="1321"/>
                  <String HEIGHT="47"
                          WIDTH="198"
                          VPOS="2298"
                          HPOS="1275"
                          CONTENT="adducunt,"/>
                  <SP HEIGHT="47" WIDTH="15" VPOS="2298" HPOS="1473"/>
                  <String HEIGHT="47"
                          WIDTH="183"
                          VPOS="2298"
                          HPOS="1427"
                          CONTENT="dicendum"/>
                  <SP HEIGHT="47" WIDTH="15" VPOS="2298" HPOS="1610"/>
                  <String HEIGHT="47"
                          WIDTH="122"
                          VPOS="2298"
                          HPOS="1565"
                          CONTENT="est,"/>
                  <SP HEIGHT="47" WIDTH="15" VPOS="2298" HPOS="1687"/>
                  <String HEIGHT="47"
                          WIDTH="122"
                          VPOS="2298"
                          HPOS="1641"
                          CONTENT="quod"/>
                  <SP HEIGHT="47" WIDTH="15" VPOS="2298" HPOS="1763"/>
                  <String HEIGHT="47"
                          WIDTH="214"
                          VPOS="2298"
                          HPOS="1717"
                          CONTENT="Augustinus"/>
                  <SP HEIGHT="47" WIDTH="15" VPOS="2298" HPOS="1931"/>
                  <String HEIGHT="47"
                          WIDTH="76"
                          VPOS="2298"
                          HPOS="1870"
                          CONTENT="per"/>
               </TextLine>
               <TextLine ID="r3l65"
                         BASELINE="2382"
                         HEIGHT="46"
                         WIDTH="836"
                         VPOS="2336"
                         HPOS="1116">
                  <String HEIGHT="46"
                          WIDTH="113"
                          VPOS="2336"
                          HPOS="1100"
                          CONTENT="tem"/>
                  <SP HEIGHT="46" WIDTH="16" VPOS="2336" HPOS="1212"/>
                  <String HEIGHT="46"
                          WIDTH="225"
                          VPOS="2336"
                          HPOS="1164"
                          CONTENT="sacramenti"/>
                  <SP HEIGHT="46" WIDTH="16" VPOS="2336" HPOS="1389"/>
                  <String HEIGHT="46"
                          WIDTH="225"
                          VPOS="2336"
                          HPOS="1341"
                          CONTENT="intelligit"/>
                  <SP HEIGHT="46" WIDTH="16" VPOS="2336" HPOS="1566"/>
                  <String HEIGHT="46"
                          WIDTH="177"
                          VPOS="2336"
                          HPOS="1518"
                          CONTENT="gratiam"/>
                  <SP HEIGHT="46" WIDTH="16" VPOS="2336" HPOS="1695"/>
                  <String HEIGHT="46"
                          WIDTH="129"
                          VPOS="2336"
                          HPOS="1647"
                          CONTENT="Dei,"/>
                  <SP HEIGHT="46" WIDTH="16" VPOS="2336" HPOS="1775"/>
                  <String HEIGHT="46" WIDTH="80" VPOS="2336" HPOS="1727" CONTENT="&amp;"/>
                  <SP HEIGHT="46" WIDTH="16" VPOS="2336" HPOS="1807"/>
                  <String HEIGHT="46"
                          WIDTH="209"
                          VPOS="2336"
                          HPOS="1743"
                          CONTENT="remissionem"/>
               </TextLine>
               <TextLine ID="r3l66"
                         BASELINE="2425"
                         HEIGHT="50"
                         WIDTH="820"
                         VPOS="2375"
                         HPOS="1123">
                  <String HEIGHT="50"
                          WIDTH="198"
                          VPOS="2375"
                          HPOS="1109"
                          CONTENT="eccatorum,"/>
                  <SP HEIGHT="50" WIDTH="14" VPOS="2375" HPOS="1307"/>
                  <String HEIGHT="50"
                          WIDTH="113"
                          VPOS="2375"
                          HPOS="1264"
                          CONTENT="quae"/>
                  <SP HEIGHT="50" WIDTH="14" VPOS="2375" HPOS="1377"/>
                  <String HEIGHT="50"
                          WIDTH="99"
                          VPOS="2375"
                          HPOS="1335"
                          CONTENT="non"/>
                  <SP HEIGHT="50" WIDTH="14" VPOS="2375" HPOS="1434"/>
                  <String HEIGHT="50"
                          WIDTH="156"
                          VPOS="2375"
                          HPOS="1392"
                          CONTENT="recipit"/>
                  <SP HEIGHT="50" WIDTH="14" VPOS="2375" HPOS="1547"/>
                  <String HEIGHT="50"
                          WIDTH="156"
                          VPOS="2375"
                          HPOS="1505"
                          CONTENT="fictus,"/>
                  <SP HEIGHT="50" WIDTH="14" VPOS="2375" HPOS="1660"/>
                  <String HEIGHT="50"
                          WIDTH="113"
                          VPOS="2375"
                          HPOS="1618"
                          CONTENT="nisi"/>
                  <SP HEIGHT="50" WIDTH="14" VPOS="2375" HPOS="1731"/>
                  <String HEIGHT="50"
                          WIDTH="170"
                          VPOS="2375"
                          HPOS="1689"
                          CONTENT="cessante"/>
                  <SP HEIGHT="50" WIDTH="14" VPOS="2375" HPOS="1858"/>
                  <String HEIGHT="50"
                          WIDTH="141"
                          VPOS="2375"
                          HPOS="1802"
                          CONTENT="fictione"/>
               </TextLine>
               <TextLine ID="r3l67"
                         BASELINE="2459"
                         HEIGHT="41"
                         WIDTH="831"
                         VPOS="2418"
                         HPOS="1123">
                  <String HEIGHT="41" WIDTH="94" VPOS="2418" HPOS="1107" CONTENT="ua"/>
                  <SP HEIGHT="41" WIDTH="16" VPOS="2418" HPOS="1201"/>
                  <String HEIGHT="41"
                          WIDTH="188"
                          VPOS="2418"
                          HPOS="1154"
                          CONTENT="cessante"/>
                  <SP HEIGHT="41" WIDTH="16" VPOS="2418" HPOS="1343"/>
                  <String HEIGHT="41"
                          WIDTH="204"
                          VPOS="2418"
                          HPOS="1295"
                          CONTENT="immediate"/>
                  <SP HEIGHT="41" WIDTH="16" VPOS="2418" HPOS="1499"/>
                  <String HEIGHT="41"
                          WIDTH="110"
                          VPOS="2418"
                          HPOS="1452"
                          CONTENT="est"/>
                  <SP HEIGHT="41" WIDTH="16" VPOS="2418" HPOS="1562"/>
                  <String HEIGHT="41"
                          WIDTH="110"
                          VPOS="2418"
                          HPOS="1515"
                          CONTENT="per"/>
                  <SP HEIGHT="41" WIDTH="16" VPOS="2418" HPOS="1625"/>
                  <String HEIGHT="41"
                          WIDTH="141"
                          VPOS="2418"
                          HPOS="1578"
                          CONTENT="ipsum"/>
                  <SP HEIGHT="41" WIDTH="16" VPOS="2418" HPOS="1719"/>
                  <String HEIGHT="41"
                          WIDTH="251"
                          VPOS="2418"
                          HPOS="1672"
                          CONTENT="characterem,"/>
                  <SP HEIGHT="41" WIDTH="16" VPOS="2418" HPOS="1923"/>
                  <String HEIGHT="41"
                          WIDTH="94"
                          VPOS="2418"
                          HPOS="1860"
                          CONTENT="quem"/>
               </TextLine>
               <TextLine ID="r3l68"
                         BASELINE="2514"
                         HEIGHT="54"
                         WIDTH="849"
                         VPOS="2460"
                         HPOS="1101">
                  <String HEIGHT="54" WIDTH="86" VPOS="2460" HPOS="1087" CONTENT="in"/>
                  <SP HEIGHT="54" WIDTH="14" VPOS="2460" HPOS="1173"/>
                  <String HEIGHT="54"
                          WIDTH="173"
                          VPOS="2460"
                          HPOS="1130"
                          CONTENT="baptismo"/>
                  <SP HEIGHT="54" WIDTH="14" VPOS="2460" HPOS="1302"/>
                  <String HEIGHT="54"
                          WIDTH="158"
                          VPOS="2460"
                          HPOS="1259"
                          CONTENT="recepit"/>
                  <SP HEIGHT="54" WIDTH="14" VPOS="2460" HPOS="1418"/>
                  <String HEIGHT="54"
                          WIDTH="230"
                          VPOS="2460"
                          HPOS="1374"
                          CONTENT="sufficienter"/>
                  <SP HEIGHT="54" WIDTH="14" VPOS="2460" HPOS="1605"/>
                  <String HEIGHT="54"
                          WIDTH="201"
                          VPOS="2460"
                          HPOS="1561"
                          CONTENT="dispositus"/>
                  <SP HEIGHT="54" WIDTH="14" VPOS="2460" HPOS="1763"/>
                  <String HEIGHT="54" WIDTH="86" VPOS="2460" HPOS="1720" CONTENT="ad"/>
                  <SP HEIGHT="54" WIDTH="14" VPOS="2460" HPOS="1806"/>
                  <String HEIGHT="54"
                          WIDTH="201"
                          VPOS="2460"
                          HPOS="1749"
                          CONTENT="praedictorum"/>
               </TextLine>
               <TextLine ID="r3l69"
                         BASELINE="2542"
                         HEIGHT="48"
                         WIDTH="198"
                         VPOS="2494"
                         HPOS="1110">
                  <String HEIGHT="48"
                          WIDTH="231"
                          VPOS="2494"
                          HPOS="1077"
                          CONTENT="receptionem."/>
               </TextLine>
               <TextLine ID="r3l70"
                         BASELINE="2579"
                         HEIGHT="47"
                         WIDTH="802"
                         VPOS="2532"
                         HPOS="1155">
                  <String HEIGHT="47"
                          WIDTH="108"
                          VPOS="2532"
                          HPOS="1140"
                          CONTENT="Quo"/>
                  <SP HEIGHT="47" WIDTH="15" VPOS="2532" HPOS="1248"/>
                  <String HEIGHT="47" WIDTH="93" VPOS="2532" HPOS="1201" CONTENT="ad"/>
                  <SP HEIGHT="47" WIDTH="15" VPOS="2532" HPOS="1294"/>
                  <String HEIGHT="47"
                          WIDTH="185"
                          VPOS="2532"
                          HPOS="1248"
                          CONTENT="secundam"/>
                  <SP HEIGHT="47" WIDTH="15" VPOS="2532" HPOS="1433"/>
                  <String HEIGHT="47"
                          WIDTH="262"
                          VPOS="2532"
                          HPOS="1386"
                          CONTENT="inquisitionem"/>
                  <SP HEIGHT="47" WIDTH="15" VPOS="2532" HPOS="1649"/>
                  <String HEIGHT="47"
                          WIDTH="154"
                          VPOS="2532"
                          HPOS="1602"
                          CONTENT="istius"/>
                  <SP HEIGHT="47" WIDTH="15" VPOS="2532" HPOS="1757"/>
                  <String HEIGHT="47"
                          WIDTH="139"
                          VPOS="2532"
                          HPOS="1710"
                          CONTENT="primi"/>
                  <SP HEIGHT="47" WIDTH="15" VPOS="2532" HPOS="1849"/>
                  <String HEIGHT="47"
                          WIDTH="170"
                          VPOS="2532"
                          HPOS="1787"
                          CONTENT="articuli."/>
               </TextLine>
               <TextLine ID="r3l71"
                         BASELINE="2619"
                         HEIGHT="44"
                         WIDTH="833"
                         VPOS="2575"
                         HPOS="1112">
                  <String HEIGHT="44"
                          WIDTH="147"
                          VPOS="2575"
                          HPOS="1096"
                          CONTENT="primo"/>
                  <SP HEIGHT="44" WIDTH="16" VPOS="2575" HPOS="1243"/>
                  <String HEIGHT="44"
                          WIDTH="131"
                          VPOS="2575"
                          HPOS="1194"
                          CONTENT="pono"/>
                  <SP HEIGHT="44" WIDTH="16" VPOS="2575" HPOS="1324"/>
                  <String HEIGHT="44"
                          WIDTH="278"
                          VPOS="2575"
                          HPOS="1275"
                          CONTENT="conclusionem,"/>
                  <SP HEIGHT="44" WIDTH="16" VPOS="2575" HPOS="1553"/>
                  <String HEIGHT="44"
                          WIDTH="131"
                          VPOS="2575"
                          HPOS="1504"
                          CONTENT="quam"/>
                  <SP HEIGHT="44" WIDTH="16" VPOS="2575" HPOS="1635"/>
                  <String HEIGHT="44"
                          WIDTH="180"
                          VPOS="2575"
                          HPOS="1586"
                          CONTENT="intendo"/>
                  <SP HEIGHT="44" WIDTH="16" VPOS="2575" HPOS="1765"/>
                  <String HEIGHT="44"
                          WIDTH="180"
                          VPOS="2575"
                          HPOS="1716"
                          CONTENT="tenerc."/>
                  <SP HEIGHT="44" WIDTH="16" VPOS="2575" HPOS="1896"/>
                  <String HEIGHT="44"
                          WIDTH="114"
                          VPOS="2575"
                          HPOS="1831"
                          CONTENT="Secun"/>
               </TextLine>
               <TextLine ID="r3l72"
                         BASELINE="2670"
                         HEIGHT="51"
                         WIDTH="844"
                         VPOS="2619"
                         HPOS="1108">
                  <String HEIGHT="51" WIDTH="92" VPOS="2619" HPOS="1093" CONTENT="do"/>
                  <SP HEIGHT="51" WIDTH="15" VPOS="2619" HPOS="1185"/>
                  <String HEIGHT="51"
                          WIDTH="153"
                          VPOS="2619"
                          HPOS="1139"
                          CONTENT="plures"/>
                  <SP HEIGHT="51" WIDTH="15" VPOS="2619" HPOS="1292"/>
                  <String HEIGHT="51"
                          WIDTH="199"
                          VPOS="2619"
                          HPOS="1246"
                          CONTENT="opiniones"/>
                  <SP HEIGHT="51" WIDTH="15" VPOS="2619" HPOS="1446"/>
                  <String HEIGHT="51"
                          WIDTH="199"
                          VPOS="2619"
                          HPOS="1400"
                          CONTENT="oppositas"/>
                  <SP HEIGHT="51" WIDTH="15" VPOS="2619" HPOS="1599"/>
                  <String HEIGHT="51"
                          WIDTH="123"
                          VPOS="2619"
                          HPOS="1553"
                          CONTENT="illi"/>
                  <SP HEIGHT="51" WIDTH="15" VPOS="2619" HPOS="1676"/>
                  <String HEIGHT="51"
                          WIDTH="230"
                          VPOS="2619"
                          HPOS="1630"
                          CONTENT="conclusioni"/>
                  <SP HEIGHT="51" WIDTH="15" VPOS="2619" HPOS="1860"/>
                  <String HEIGHT="51"
                          WIDTH="169"
                          VPOS="2619"
                          HPOS="1814"
                          CONTENT="adducam"/>
                  <SP HEIGHT="51" WIDTH="15" VPOS="2619" HPOS="1983"/>
                  <String HEIGHT="51" WIDTH="31" VPOS="2619" HPOS="1921" CONTENT=""/>
               </TextLine>
               <TextLine ID="r3l73"
                         BASELINE="2696"
                         HEIGHT="48"
                         WIDTH="550"
                         VPOS="2648"
                         HPOS="1113">
                  <String HEIGHT="48"
                          WIDTH="107"
                          VPOS="2648"
                          HPOS="1098"
                          CONTENT="cum"/>
                  <SP HEIGHT="48" WIDTH="15" VPOS="2648" HPOS="1205"/>
                  <String HEIGHT="48"
                          WIDTH="122"
                          VPOS="2648"
                          HPOS="1159"
                          CONTENT="suis"/>
                  <SP HEIGHT="48" WIDTH="15" VPOS="2648" HPOS="1281"/>
                  <String HEIGHT="48"
                          WIDTH="183"
                          VPOS="2648"
                          HPOS="1235"
                          CONTENT="motiuis,"/>
                  <SP HEIGHT="48" WIDTH="15" VPOS="2648" HPOS="1419"/>
                  <String HEIGHT="48" WIDTH="76" VPOS="2648" HPOS="1373" CONTENT="&amp;"/>
                  <SP HEIGHT="48" WIDTH="15" VPOS="2648" HPOS="1449"/>
                  <String HEIGHT="48"
                          WIDTH="138"
                          VPOS="2648"
                          HPOS="1403"
                          CONTENT="ipsis"/>
                  <SP HEIGHT="48" WIDTH="15" VPOS="2648" HPOS="1541"/>
                  <String HEIGHT="48"
                          WIDTH="183"
                          VPOS="2648"
                          HPOS="1480"
                          CONTENT="respondebo"/>
               </TextLine>
               <TextLine ID="line_1603046501215_6018"
                         BASELINE="2743"
                         HEIGHT="52"
                         WIDTH="820"
                         VPOS="2691"
                         HPOS="1145">
                  <String HEIGHT="52"
                          WIDTH="194"
                          VPOS="2691"
                          HPOS="1130"
                          CONTENT="Conclusio"/>
                  <SP HEIGHT="52" WIDTH="15" VPOS="2691" HPOS="1324"/>
                  <String HEIGHT="52"
                          WIDTH="104"
                          VPOS="2691"
                          HPOS="1279"
                          CONTENT="est"/>
                  <SP HEIGHT="52" WIDTH="15" VPOS="2691" HPOS="1384"/>
                  <String HEIGHT="52"
                          WIDTH="134"
                          VPOS="2691"
                          HPOS="1339"
                          CONTENT="haec,"/>
                  <SP HEIGHT="52" WIDTH="15" VPOS="2691" HPOS="1473"/>
                  <String HEIGHT="52"
                          WIDTH="119"
                          VPOS="2691"
                          HPOS="1428"
                          CONTENT="quod"/>
                  <SP HEIGHT="52" WIDTH="15" VPOS="2691" HPOS="1548"/>
                  <String HEIGHT="52"
                          WIDTH="194"
                          VPOS="2691"
                          HPOS="1503"
                          CONTENT="character"/>
                  <SP HEIGHT="52" WIDTH="15" VPOS="2691" HPOS="1697"/>
                  <String HEIGHT="52" WIDTH="89" VPOS="2691" HPOS="1652" CONTENT="de"/>
                  <SP HEIGHT="52" WIDTH="15" VPOS="2691" HPOS="1741"/>
                  <String HEIGHT="52" WIDTH="89" VPOS="2691" HPOS="1697" CONTENT="se"/>
                  <SP HEIGHT="52" WIDTH="15" VPOS="2691" HPOS="1786"/>
                  <String HEIGHT="52"
                          WIDTH="134"
                          VPOS="2691"
                          HPOS="1741"
                          CONTENT="dicit"/>
                  <SP HEIGHT="52" WIDTH="15" VPOS="2691" HPOS="1876"/>
                  <String HEIGHT="52"
                          WIDTH="104"
                          VPOS="2691"
                          HPOS="1831"
                          CONTENT="rem"/>
                  <SP HEIGHT="52" WIDTH="15" VPOS="2691" HPOS="1935"/>
                  <String HEIGHT="52"
                          WIDTH="89"
                          VPOS="2691"
                          HPOS="1876"
                          CONTENT="ab"
                          SUBS_TYPE="HypPart1"
                          SUBS_CONTENT="absolutam"/>
                  <HYP CONTENT="-"/>
               </TextLine>
               <TextLine ID="r3l75"
                         BASELINE="2777"
                         HEIGHT="49"
                         WIDTH="834"
                         VPOS="2728"
                         HPOS="1111">
                  <String HEIGHT="49"
                          WIDTH="155"
                          VPOS="2728"
                          HPOS="1097"
                          CONTENT="solutam"
                          SUBS_TYPE="HypPart2"
                          SUBS_CONTENT="absolutam"/>
                  <SP HEIGHT="49" WIDTH="14" VPOS="2728" HPOS="1252"/>
                  <String HEIGHT="49"
                          WIDTH="212"
                          VPOS="2728"
                          HPOS="1210"
                          CONTENT="reducibilem"/>
                  <SP HEIGHT="49" WIDTH="14" VPOS="2728" HPOS="1422"/>
                  <String HEIGHT="49" WIDTH="85" VPOS="2728" HPOS="1380" CONTENT="ad"/>
                  <SP HEIGHT="49" WIDTH="14" VPOS="2728" HPOS="1464"/>
                  <String HEIGHT="49"
                          WIDTH="141"
                          VPOS="2728"
                          HPOS="1422"
                          CONTENT="primas"/>
                  <SP HEIGHT="49" WIDTH="14" VPOS="2728" HPOS="1563"/>
                  <String HEIGHT="49"
                          WIDTH="113"
                          VPOS="2728"
                          HPOS="1521"
                          CONTENT="duas"/>
                  <SP HEIGHT="49" WIDTH="14" VPOS="2728" HPOS="1634"/>
                  <String HEIGHT="49"
                          WIDTH="155"
                          VPOS="2728"
                          HPOS="1592"
                          CONTENT="species"/>
                  <SP HEIGHT="49" WIDTH="14" VPOS="2728" HPOS="1747"/>
                  <String HEIGHT="49"
                          WIDTH="212"
                          VPOS="2728"
                          HPOS="1705"
                          CONTENT="qualitatis."/>
                  <SP HEIGHT="49" WIDTH="14" VPOS="2728" HPOS="1917"/>
                  <String HEIGHT="49"
                          WIDTH="85"
                          VPOS="2728"
                          HPOS="1860"
                          CONTENT="Haec"/>
               </TextLine>
               <TextLine ID="r3l76"
                         BASELINE="2810"
                         HEIGHT="39"
                         WIDTH="813"
                         VPOS="2771"
                         HPOS="1112">
                  <String HEIGHT="39"
                          WIDTH="199"
                          VPOS="2771"
                          HPOS="1097"
                          CONTENT="conclusio"/>
                  <SP HEIGHT="39" WIDTH="15" VPOS="2771" HPOS="1296"/>
                  <String HEIGHT="39"
                          WIDTH="230"
                          VPOS="2771"
                          HPOS="1250"
                          CONTENT="virtualiter"/>
                  <SP HEIGHT="39" WIDTH="15" VPOS="2771" HPOS="1480"/>
                  <String HEIGHT="39"
                          WIDTH="245"
                          VPOS="2771"
                          HPOS="1434"
                          CONTENT="comprehendit"/>
                  <SP HEIGHT="39" WIDTH="15" VPOS="2771" HPOS="1680"/>
                  <String HEIGHT="39"
                          WIDTH="123"
                          VPOS="2771"
                          HPOS="1634"
                          CONTENT="tres"/>
                  <SP HEIGHT="39" WIDTH="15" VPOS="2771" HPOS="1756"/>
                  <String HEIGHT="39"
                          WIDTH="230"
                          VPOS="2771"
                          HPOS="1695"
                          CONTENT="conclusiones."/>
               </TextLine>
               <TextLine ID="r3l77"
                         BASELINE="2861"
                         HEIGHT="52"
                         WIDTH="800"
                         VPOS="2809"
                         HPOS="1149">
                  <String HEIGHT="52"
                          WIDTH="131"
                          VPOS="2809"
                          HPOS="1134"
                          CONTENT="Prima"/>
                  <SP HEIGHT="52" WIDTH="15" VPOS="2809" HPOS="1265"/>
                  <String HEIGHT="52"
                          WIDTH="116"
                          VPOS="2809"
                          HPOS="1222"
                          CONTENT="est,"/>
                  <SP HEIGHT="52" WIDTH="15" VPOS="2809" HPOS="1338"/>
                  <String HEIGHT="52"
                          WIDTH="116"
                          VPOS="2809"
                          HPOS="1294"
                          CONTENT="quod"/>
                  <SP HEIGHT="52" WIDTH="15" VPOS="2809" HPOS="1411"/>
                  <String HEIGHT="52"
                          WIDTH="189"
                          VPOS="2809"
                          HPOS="1367"
                          CONTENT="character"/>
                  <SP HEIGHT="52" WIDTH="15" VPOS="2809" HPOS="1556"/>
                  <String HEIGHT="52"
                          WIDTH="131"
                          VPOS="2809"
                          HPOS="1513"
                          CONTENT="dicit"/>
                  <SP HEIGHT="52" WIDTH="15" VPOS="2809" HPOS="1644"/>
                  <String HEIGHT="52"
                          WIDTH="189"
                          VPOS="2809"
                          HPOS="1600"
                          CONTENT="entitatem"/>
                  <SP HEIGHT="52" WIDTH="15" VPOS="2809" HPOS="1789"/>
                  <String HEIGHT="52"
                          WIDTH="204"
                          VPOS="2809"
                          HPOS="1745"
                          CONTENT="absolutam."/>
                  <SP HEIGHT="52" WIDTH="15" VPOS="2809" HPOS="1949"/>
                  <String HEIGHT="52" WIDTH="58" VPOS="2809" HPOS="1891" CONTENT="Et"/>
               </TextLine>
               <TextLine ID="r3l78"
                         BASELINE="2895"
                         HEIGHT="45"
                         WIDTH="829"
                         VPOS="2850"
                         HPOS="1116">
                  <String HEIGHT="45"
                          WIDTH="121"
                          VPOS="2850"
                          HPOS="1101"
                          CONTENT="hanc"/>
                  <SP HEIGHT="45" WIDTH="15" VPOS="2850" HPOS="1222"/>
                  <String HEIGHT="45"
                          WIDTH="136"
                          VPOS="2850"
                          HPOS="1176"
                          CONTENT="probo"/>
                  <SP HEIGHT="45" WIDTH="15" VPOS="2850" HPOS="1312"/>
                  <String HEIGHT="45"
                          WIDTH="121"
                          VPOS="2850"
                          HPOS="1267"
                          CONTENT="sic."/>
                  <SP HEIGHT="45" WIDTH="15" VPOS="2850" HPOS="1387"/>
                  <String HEIGHT="45"
                          WIDTH="151"
                          VPOS="2850"
                          HPOS="1342"
                          CONTENT="lllud,"/>
                  <SP HEIGHT="45" WIDTH="15" VPOS="2850" HPOS="1493"/>
                  <String HEIGHT="45"
                          WIDTH="121"
                          VPOS="2850"
                          HPOS="1448"
                          CONTENT="quod"/>
                  <SP HEIGHT="45" WIDTH="15" VPOS="2850" HPOS="1568"/>
                  <String HEIGHT="45"
                          WIDTH="196"
                          VPOS="2850"
                          HPOS="1523"
                          CONTENT="immediate"/>
                  <SP HEIGHT="45" WIDTH="15" VPOS="2850" HPOS="1719"/>
                  <String HEIGHT="45"
                          WIDTH="181"
                          VPOS="2850"
                          HPOS="1674"
                          CONTENT="terminat"/>
                  <SP HEIGHT="45" WIDTH="15" VPOS="2850" HPOS="1855"/>
                  <String HEIGHT="45"
                          WIDTH="151"
                          VPOS="2850"
                          HPOS="1794"
                          CONTENT="actionem"/>
               </TextLine>
               <TextLine ID="r3l79"
                         BASELINE="2940"
                         HEIGHT="48"
                         WIDTH="825"
                         VPOS="2892"
                         HPOS="1122">
                  <String HEIGHT="48"
                          WIDTH="153"
                          VPOS="2892"
                          HPOS="1107"
                          CONTENT="ealem,"/>
                  <SP HEIGHT="48" WIDTH="15" VPOS="2892" HPOS="1260"/>
                  <String HEIGHT="48" WIDTH="92" VPOS="2892" HPOS="1214" CONTENT="de"/>
                  <SP HEIGHT="48" WIDTH="15" VPOS="2892" HPOS="1305"/>
                  <String HEIGHT="48"
                          WIDTH="229"
                          VPOS="2892"
                          HPOS="1259"
                          CONTENT="necessitate"/>
                  <SP HEIGHT="48" WIDTH="15" VPOS="2892" HPOS="1489"/>
                  <String HEIGHT="48"
                          WIDTH="107"
                          VPOS="2892"
                          HPOS="1443"
                          CONTENT="est"/>
                  <SP HEIGHT="48" WIDTH="15" VPOS="2892" HPOS="1550"/>
                  <String HEIGHT="48"
                          WIDTH="107"
                          VPOS="2892"
                          HPOS="1504"
                          CONTENT="ens"/>
                  <SP HEIGHT="48" WIDTH="15" VPOS="2892" HPOS="1611"/>
                  <String HEIGHT="48"
                          WIDTH="214"
                          VPOS="2892"
                          HPOS="1565"
                          CONTENT="absolutum:"/>
                  <SP HEIGHT="48" WIDTH="15" VPOS="2892" HPOS="1779"/>
                  <String HEIGHT="48"
                          WIDTH="107"
                          VPOS="2892"
                          HPOS="1733"
                          CONTENT="sed"/>
                  <SP HEIGHT="48" WIDTH="15" VPOS="2892" HPOS="1840"/>
                  <String HEIGHT="48"
                          WIDTH="168"
                          VPOS="2892"
                          HPOS="1779"
                          CONTENT="character"/>
               </TextLine>
               <TextLine ID="r3l80"
                         BASELINE="2976"
                         HEIGHT="51"
                         WIDTH="843"
                         VPOS="2925"
                         HPOS="1110">
                  <String HEIGHT="51"
                          WIDTH="207"
                          VPOS="2925"
                          HPOS="1094"
                          CONTENT="immediate"/>
                  <SP HEIGHT="51" WIDTH="16" VPOS="2925" HPOS="1301"/>
                  <String HEIGHT="51"
                          WIDTH="191"
                          VPOS="2925"
                          HPOS="1253"
                          CONTENT="terminat"/>
                  <SP HEIGHT="51" WIDTH="16" VPOS="2925" HPOS="1444"/>
                  <String HEIGHT="51"
                          WIDTH="191"
                          VPOS="2925"
                          HPOS="1396"
                          CONTENT="actionem"/>
                  <SP HEIGHT="51" WIDTH="16" VPOS="2925" HPOS="1587"/>
                  <String HEIGHT="51"
                          WIDTH="175"
                          VPOS="2925"
                          HPOS="1539"
                          CONTENT="realem."/>
                  <SP HEIGHT="51" WIDTH="16" VPOS="2925" HPOS="1714"/>
                  <String HEIGHT="51"
                          WIDTH="143"
                          VPOS="2925"
                          HPOS="1667"
                          CONTENT="Maior"/>
                  <SP HEIGHT="51" WIDTH="16" VPOS="2925" HPOS="1810"/>
                  <String HEIGHT="51"
                          WIDTH="159"
                          VPOS="2925"
                          HPOS="1762"
                          CONTENT="patet."/>
                  <SP HEIGHT="51" WIDTH="16" VPOS="2925" HPOS="1921"/>
                  <String HEIGHT="51" WIDTH="95" VPOS="2925" HPOS="1873" CONTENT="5."/>
                  <SP HEIGHT="51" WIDTH="16" VPOS="2925" HPOS="1969"/>
                  <String HEIGHT="51" WIDTH="48" VPOS="2925" HPOS="1905" CONTENT="&amp;"/>
               </TextLine>
               <TextLine ID="r3l81"
                         BASELINE="3017"
                         HEIGHT="44"
                         WIDTH="840"
                         VPOS="2973"
                         HPOS="1106">
                  <String HEIGHT="44" WIDTH="93" VPOS="2973" HPOS="1090" CONTENT="7."/>
                  <SP HEIGHT="44" WIDTH="16" VPOS="2973" HPOS="1184"/>
                  <String HEIGHT="44"
                          WIDTH="124"
                          VPOS="2973"
                          HPOS="1137"
                          CONTENT="Phy."/>
                  <SP HEIGHT="44" WIDTH="16" VPOS="2973" HPOS="1262"/>
                  <String HEIGHT="44"
                          WIDTH="171"
                          VPOS="2973"
                          HPOS="1215"
                          CONTENT="Minorem"/>
                  <SP HEIGHT="44" WIDTH="16" VPOS="2973" HPOS="1386"/>
                  <String HEIGHT="44"
                          WIDTH="156"
                          VPOS="2973"
                          HPOS="1339"
                          CONTENT="probo:"/>
                  <SP HEIGHT="44" WIDTH="16" VPOS="2973" HPOS="1495"/>
                  <String HEIGHT="44"
                          WIDTH="124"
                          VPOS="2973"
                          HPOS="1448"
                          CONTENT="quia"/>
                  <SP HEIGHT="44" WIDTH="16" VPOS="2973" HPOS="1573"/>
                  <String HEIGHT="44"
                          WIDTH="156"
                          VPOS="2973"
                          HPOS="1526"
                          CONTENT="virtus"/>
                  <SP HEIGHT="44" WIDTH="16" VPOS="2973" HPOS="1682"/>
                  <String HEIGHT="44"
                          WIDTH="156"
                          VPOS="2973"
                          HPOS="1635"
                          CONTENT="diuina"/>
                  <SP HEIGHT="44" WIDTH="16" VPOS="2973" HPOS="1790"/>
                  <String HEIGHT="44"
                          WIDTH="124"
                          VPOS="2973"
                          HPOS="1744"
                          CONTENT="agit"/>
                  <SP HEIGHT="44" WIDTH="16" VPOS="2973" HPOS="1868"/>
                  <String HEIGHT="44"
                          WIDTH="140"
                          VPOS="2973"
                          HPOS="1806"
                          CONTENT="actione"/>
               </TextLine>
               <TextLine ID="r3l82"
                         BASELINE="3050"
                         HEIGHT="41"
                         WIDTH="836"
                         VPOS="3009"
                         HPOS="1117">
                  <String HEIGHT="41"
                          WIDTH="134"
                          VPOS="3009"
                          HPOS="1102"
                          CONTENT="reali"/>
                  <SP HEIGHT="41" WIDTH="15" VPOS="3009" HPOS="1236"/>
                  <String HEIGHT="41" WIDTH="90" VPOS="3009" HPOS="1192" CONTENT="in"/>
                  <SP HEIGHT="41" WIDTH="15" VPOS="3009" HPOS="1281"/>
                  <String HEIGHT="41"
                          WIDTH="149"
                          VPOS="3009"
                          HPOS="1236"
                          CONTENT="animam"/>
                  <SP HEIGHT="41" WIDTH="15" VPOS="3009" HPOS="1386"/>
                  <String HEIGHT="41"
                          WIDTH="209"
                          VPOS="3009"
                          HPOS="1341"
                          CONTENT="cuiuslibet"/>
                  <SP HEIGHT="41" WIDTH="15" VPOS="3009" HPOS="1550"/>
                  <String HEIGHT="41"
                          WIDTH="179"
                          VPOS="3009"
                          HPOS="1505"
                          CONTENT="hominis,"/>
                  <SP HEIGHT="41" WIDTH="15" VPOS="3009" HPOS="1684"/>
                  <String HEIGHT="41"
                          WIDTH="105"
                          VPOS="3009"
                          HPOS="1640"
                          CONTENT="qui"/>
                  <SP HEIGHT="41" WIDTH="15" VPOS="3009" HPOS="1744"/>
                  <String HEIGHT="41"
                          WIDTH="119"
                          VPOS="3009"
                          HPOS="1699"
                          CONTENT="vere"/>
                  <SP HEIGHT="41" WIDTH="15" VPOS="3009" HPOS="1819"/>
                  <String HEIGHT="41"
                          WIDTH="194"
                          VPOS="3009"
                          HPOS="1759"
                          CONTENT="baptixatur:"/>
               </TextLine>
               <TextLine ID="r3l83"
                         BASELINE="3097"
                         HEIGHT="52"
                         WIDTH="834"
                         VPOS="3045"
                         HPOS="1112">
                  <String HEIGHT="52"
                          WIDTH="99"
                          VPOS="3045"
                          HPOS="1098"
                          CONTENT="sed"/>
                  <SP HEIGHT="52" WIDTH="14" VPOS="3045" HPOS="1197"/>
                  <String HEIGHT="52" WIDTH="85" VPOS="3045" HPOS="1154" CONTENT="in"/>
                  <SP HEIGHT="52" WIDTH="14" VPOS="3045" HPOS="1239"/>
                  <String HEIGHT="52"
                          WIDTH="99"
                          VPOS="3045"
                          HPOS="1197"
                          CONTENT="eo,"/>
                  <SP HEIGHT="52" WIDTH="14" VPOS="3045" HPOS="1296"/>
                  <String HEIGHT="52"
                          WIDTH="99"
                          VPOS="3045"
                          HPOS="1253"
                          CONTENT="qui"/>
                  <SP HEIGHT="52" WIDTH="14" VPOS="3045" HPOS="1352"/>
                  <String HEIGHT="52"
                          WIDTH="127"
                          VPOS="3045"
                          HPOS="1310"
                          CONTENT="ficte"/>
                  <SP HEIGHT="52" WIDTH="14" VPOS="3045" HPOS="1437"/>
                  <String HEIGHT="52"
                          WIDTH="170"
                          VPOS="3045"
                          HPOS="1395"
                          CONTENT="accedit,"/>
                  <SP HEIGHT="52" WIDTH="14" VPOS="3045" HPOS="1564"/>
                  <String HEIGHT="52"
                          WIDTH="127"
                          VPOS="3045"
                          HPOS="1522"
                          CONTENT="talis"/>
                  <SP HEIGHT="52" WIDTH="14" VPOS="3045" HPOS="1649"/>
                  <String HEIGHT="52"
                          WIDTH="127"
                          VPOS="3045"
                          HPOS="1607"
                          CONTENT="actio"/>
                  <SP HEIGHT="52" WIDTH="14" VPOS="3045" HPOS="1734"/>
                  <String HEIGHT="52"
                          WIDTH="141"
                          VPOS="3045"
                          HPOS="1692"
                          CONTENT="nullum"/>
                  <SP HEIGHT="52" WIDTH="14" VPOS="3045" HPOS="1833"/>
                  <String HEIGHT="52"
                          WIDTH="127"
                          VPOS="3045"
                          HPOS="1791"
                          CONTENT="habet"/>
                  <SP HEIGHT="52" WIDTH="14" VPOS="3045" HPOS="1918"/>
                  <String HEIGHT="52"
                          WIDTH="85"
                          VPOS="3045"
                          HPOS="1861"
                          CONTENT="ter"
                          SUBS_TYPE="HypPart1"
                          SUBS_CONTENT="terminum"/>
                  <HYP CONTENT="-"/>
               </TextLine>
               <TextLine ID="r3l84"
                         BASELINE="3131"
                         HEIGHT="40"
                         WIDTH="818"
                         VPOS="3091"
                         HPOS="1114">
                  <String HEIGHT="40"
                          WIDTH="134"
                          VPOS="3091"
                          HPOS="1099"
                          CONTENT="minum"
                          SUBS_TYPE="HypPart2"
                          SUBS_CONTENT="terminum"/>
                  <SP HEIGHT="40" WIDTH="15" VPOS="3091" HPOS="1233"/>
                  <String HEIGHT="40"
                          WIDTH="119"
                          VPOS="3091"
                          HPOS="1188"
                          CONTENT="nisi"/>
                  <SP HEIGHT="40" WIDTH="15" VPOS="3091" HPOS="1307"/>
                  <String HEIGHT="40"
                          WIDTH="238"
                          VPOS="3091"
                          HPOS="1263"
                          CONTENT="characterem,"/>
                  <SP HEIGHT="40" WIDTH="15" VPOS="3091" HPOS="1501"/>
                  <String HEIGHT="40" WIDTH="89" VPOS="3091" HPOS="1456" CONTENT="vt"/>
                  <SP HEIGHT="40" WIDTH="15" VPOS="3091" HPOS="1545"/>
                  <String HEIGHT="40"
                          WIDTH="134"
                          VPOS="3091"
                          HPOS="1501"
                          CONTENT="patet"/>
                  <SP HEIGHT="40" WIDTH="15" VPOS="3091" HPOS="1635"/>
                  <String HEIGHT="40" WIDTH="89" VPOS="3091" HPOS="1590" CONTENT="ex"/>
                  <SP HEIGHT="40" WIDTH="15" VPOS="3091" HPOS="1679"/>
                  <String HEIGHT="40"
                          WIDTH="223"
                          VPOS="3091"
                          HPOS="1635"
                          CONTENT="praedictis;"/>
                  <SP HEIGHT="40" WIDTH="15" VPOS="3091" HPOS="1858"/>
                  <String HEIGHT="40"
                          WIDTH="119"
                          VPOS="3091"
                          HPOS="1813"
                          CONTENT="ergo"/>
                  <SP HEIGHT="40" WIDTH="15" VPOS="3091" HPOS="1932"/>
                  <String HEIGHT="40" WIDTH="59" VPOS="3091" HPOS="1873" CONTENT="&amp;c"/>
               </TextLine>
               <TextLine ID="r3l85"
                         BASELINE="3170"
                         HEIGHT="48"
                         WIDTH="791"
                         VPOS="3122"
                         HPOS="1152">
                  <String HEIGHT="48"
                          WIDTH="106"
                          VPOS="3122"
                          HPOS="1137"
                          CONTENT="bed"/>
                  <SP HEIGHT="48" WIDTH="15" VPOS="3122" HPOS="1243"/>
                  <String HEIGHT="48"
                          WIDTH="152"
                          VPOS="3122"
                          HPOS="1198"
                          CONTENT="Contra"/>
                  <SP HEIGHT="48" WIDTH="15" VPOS="3122" HPOS="1350"/>
                  <String HEIGHT="48"
                          WIDTH="137"
                          VPOS="3122"
                          HPOS="1304"
                          CONTENT="istud"/>
                  <SP HEIGHT="48" WIDTH="15" VPOS="3122" HPOS="1441"/>
                  <String HEIGHT="48"
                          WIDTH="122"
                          VPOS="3122"
                          HPOS="1395"
                          CONTENT="sunt"/>
                  <SP HEIGHT="48" WIDTH="15" VPOS="3122" HPOS="1517"/>
                  <String HEIGHT="48"
                          WIDTH="152"
                          VPOS="3122"
                          HPOS="1471"
                          CONTENT="multi,"/>
                  <SP HEIGHT="48" WIDTH="15" VPOS="3122" HPOS="1624"/>
                  <String HEIGHT="48"
                          WIDTH="106"
                          VPOS="3122"
                          HPOS="1578"
                          CONTENT="qui"/>
                  <SP HEIGHT="48" WIDTH="15" VPOS="3122" HPOS="1684"/>
                  <String HEIGHT="48"
                          WIDTH="167"
                          VPOS="3122"
                          HPOS="1639"
                          CONTENT="ponunt,"/>
                  <SP HEIGHT="48" WIDTH="15" VPOS="3122" HPOS="1806"/>
                  <String HEIGHT="48"
                          WIDTH="122"
                          VPOS="3122"
                          HPOS="1760"
                          CONTENT="quod"/>
                  <SP HEIGHT="48" WIDTH="15" VPOS="3122" HPOS="1882"/>
                  <String HEIGHT="48"
                          WIDTH="122"
                          VPOS="3122"
                          HPOS="1821"
                          CONTENT="chara"/>
               </TextLine>
               <TextLine ID="r3l86"
                         BASELINE="3213"
                         HEIGHT="50"
                         WIDTH="60"
                         VPOS="3163"
                         HPOS="1881">
                  <String HEIGHT="50"
                          WIDTH="90"
                          VPOS="3163"
                          HPOS="1851"
                          CONTENT="cter"/>
               </TextLine>
            </TextBlock>
         </PrintSpace>
      </Page>
   </Layout>
</alto>
