2394 3519
396 262 138 55 nisi,
488 262 123 55 quod
565 262 154 55 habuit
672 262 215 55 potestatem
841 262 230 55 extellentis
1026 262 230 55 ministerij,
1210 262 77 55 &

393 310 104 49 hoc
452 310 148 49 potnit
556 310 133 49 etiam
645 310 118 49 Deus
719 310 177 49 conferre
852 310 192 49 ministris
1000 310 207 49 ecclesiae:
1147 310 104 49 sicus

411 350 168 52 expresse
537 350 154 52 habetur
649 350 84 52 in
691 350 140 52 glosa.
789 350 84 52 1.
831 350 84 52 ad
873 350 126 52 Chor.
957 350 84 52 1.
999 350 98 52 vbi
1055 350 168 52 dicitur,
1167 350 84 52 quod

394 395 161 54 potuit
506 395 129 54 Deus
587 395 161 54 Detro,
699 395 113 54 vel
764 395 145 54 Paulo
860 395 145 54 dare,
957 395 96 54 vt
1005 395 96 54 ad
1037 395 225 54 inmocationem

401 430 173 50 nominis
527 430 126 50 eius
605 430 188 50 baptisma
731 430 251 50 consecraretur.

442 465 100 52 Ad
492 465 184 52 tertiam
626 465 217 52 dicendum,
793 465 134 52 quod
876 465 184 52 soannes
1010 465 117 52 per
1076 465 134 52 illa
1143 465 117 52 verba

399 514 175 46 volebat
526 514 190 46 deitatem
669 514 159 46 domini
780 514 127 46 lesu
859 514 222 46 declarare:
1034 514 79 46 &
1066 514 127 46 ideo
1129 514 127 46 loque-

392 544 135 44 batur
482 544 105 44 ibi
542 544 90 44 de
587 544 195 44 potestate
736 544 254 44 auctoritatis,
946 544 120 44 quae
1021 544 224 44 conueniebat
1185 544 75 44 ei,

399 585 107 48 non
460 585 92 48 vt
506 585 122 48 homo
582 585 137 48 erat,
674 585 107 48 sed
735 585 92 48 vt
781 585 137 48 verus
872 585 122 48 Deus
949 585 122 48 erat
1025 585 76 48 :
1055 585 168 48 Propter
1162 585 92 48 quod

400 623 224 45 Augustinus
576 623 144 45 super
672 623 176 45 loannem
800 623 128 45 ait.
879 623 208 45 Christus,
1039 623 192 45 secundum
1167 623 96 45 quod

405 674 95 44 est
460 674 136 44 filius
555 674 109 44 Dei,
623 674 95 44 est
678 674 109 44 vita
746 674 191 44 viuificans
882 674 109 44 animas

432 710 105 44 Ad
484 710 192 44 quartam
623 710 227 44 dicendum,
798 710 139 44 quod
885 710 192 44 quamuis
1024 710 139 44 esse
1111 710 139 44 Deum
1181 710 87 44 per

406 752 173 38 naturam
532 752 110 38 non
595 752 110 38 sit
658 752 157 38 minus,
768 752 126 38 quam
847 752 157 38 habere
957 752 220 38 potestatem
1114 752 142 38 absolu-

407 774 119 55 tam,
481 774 104 55 seu
541 774 193 55 potestate
689 774 237 55 auctoritatis
882 774 208 55 dimittendi
1045 774 178 55 peccata:
1164 774 104 55 tamen

404 823 130 50 esse
485 823 130 50 Deum
566 823 114 50 per
631 823 179 50 gratiam
761 823 195 50 vnionis,
908 823 81 50 &
940 823 130 50 dici
1021 823 130 50 Deus
1103 823 114 50 per
1151 823 114 50 commu

404 860 219 50 nicationem
576 860 219 50 idiomatum,
749 860 110 50 est
811 860 141 50 minus
905 860 125 50 quam
983 860 156 50 habere
1077 860 188 50 praedictam

405 897 219 57 potestatem:
580 897 117 57 ergo
653 897 131 57 licet
741 897 189 57 Christus,
886 897 87 57 vt
930 897 117 57 erat
1003 897 146 57 filius
1105 897 117 57 Dei,
1163 897 102 57 habe-

407 948 104 40 ret
466 948 192 40 huiusmodi
614 948 222 40 potestatem:
792 948 133 40 quia,
880 948 89 40 vt
925 948 118 40 sic,
999 948 118 40 erat
1073 948 118 40 Deus
1147 948 104 40 per
1191 948 74 40 na-

403 977 165 51 turam:
519 977 149 51 tamen
618 977 116 51 non
684 977 165 51 habuit
800 977 132 51 eam,
883 977 99 51 vt
932 977 132 51 homo
998 977 116 51 erat.

440 1015 97 50 Ad
488 1015 227 50 argumentum
667 1015 227 50 principale
845 1015 195 50 dicedum,
991 1015 146 50 dato,
1089 1015 130 50 quod
1153 1015 114 50 ille,

408 1062 107 44 qui
469 1062 199 44 maculatus
622 1062 123 44 est,
699 1062 107 44 non
761 1062 153 44 possit
868 1062 138 44 alium
960 1062 169 44 mundare
1083 1062 169 44 virtute
1190 1062 77 44 pro

410 1101 132 50 pria:
498 1101 147 50 potest
601 1101 132 50 tamen
689 1101 147 50 facere
792 1101 117 50 tale
865 1101 235 50 ministerium,
1056 1101 88 50 ad
1100 1101 132 50 cuius
1174 1101 73 50 exe

412 1143 207 39 cutionem
567 1143 173 39 virtus
688 1143 173 39 diuina
809 1143 207 39 immundum
964 1143 242 39 emundabit:
1137 1143 121 39 Sicus

403 1174 126 48 enim
482 1174 174 48 medicus
609 1174 190 48 infirmus
751 1174 205 48 quandoque
909 1174 237 48 administrat
1098 1174 158 48 aliqua
1193 1174 63 48 ho

404 1213 131 49 mini
485 1213 196 49 infirmo,
632 1213 98 49 ad
681 1213 163 49 quorum
796 1213 343 49 administrationem:
1090 1213 163 49 virtus
1188 1213 65 49 na

407 1256 148 40 turae
505 1256 148 40 sanat
604 1256 148 40 illum
703 1256 198 40 hominem:
851 1256 165 40 medico
967 1256 148 40 tamen
1065 1256 181 40 manente
1181 1256 82 40 in-

409 1292 154 59 firmo:
516 1292 108 59 sic
578 1292 92 59 in
624 1292 200 59 proposito
762 1292 62 59 &c

544 1359 541 64 DISTINCTIO
931 1359 193 64 vi.

395 1442 198 81 Perspitua
547 1442 137 81 huius
639 1442 260 81 distinctionis
853 1442 198 81 diuuisio,
1005 1442 92 81 in
1051 1442 107 81 qua
1112 1442 153 81 agitur
1204 1442 61 81 de

649 1503 190 69 congruo
787 1503 207 69 Paptismi
925 1503 103 69 vsu.

629 1594 157 59 VNC
718 1594 224 59 QVIEVS
875 1594 246 59 LICEAT.
1031 1594 224 59 postquan

656 1637 194 54 magister
801 1637 258 54 determinauit
1011 1637 97 54 de
1059 1637 194 54 baptismo
1188 1637 65 54 se

650 1680 168 54 cundum
768 1680 118 54 se,
835 1680 101 54 ac
886 1680 151 54 etiam
987 1680 269 54 comparatiue,
1189 1680 67 54 hi

667 1716 217 49 prosequitur
840 1716 87 49 de
884 1716 174 49 baptismi
1014 1716 159 49 congruo
1130 1716 130 49 vsit,
1203 1716 72 49 seu

652 1757 276 45 frequentatione.
885 1757 87 45 Et
929 1757 189 45 diuiditur
1074 1757 87 45 in
1118 1757 116 45 duas
1176 1757 87 45 par-

662 1797 124 47 tes:
740 1797 124 47 quia
818 1797 140 47 primo
911 1797 155 47 tangit
1020 1797 171 47 quaedam
1128 1797 140 47 impedi-

405 1837 132 54 menta
493 1837 206 54 accidentia
655 1837 132 54 circa
743 1837 103 54 ea,
802 1837 117 54 quae
875 1837 117 54 sunt
949 1837 88 54 de
993 1837 176 54 baptismi
1110 1837 147 54 necessi-

402 1875 140 50 tate.
496 1875 171 50 Secundo
620 1875 155 50 tangit
729 1875 171 50 quaedam
853 1875 218 50 existentia
1024 1875 93 50 de
1071 1875 186 50 baptismi
1195 1875 62 50 so

407 1914 225 55 lemnitate,
584 1914 129 55 ibi,
664 1914 241 55 Agnoscendum
858 1914 113 55 est
922 1914 161 55 etiam.
1035 1914 145 55 Prima
1131 1914 97 55 in
1163 1914 97 55 tres

405 1967 130 39 quia
486 1967 146 39 primo
584 1967 163 39 tangit
697 1967 163 39 aliqua
811 1967 244 39 impedimenta
1006 1967 260 39 contingentia
1201 1967 65 39 ex

418 1993 134 54 parte
508 1993 239 54 baptixantis.
702 1993 164 54 Secundo
821 1993 90 54 ex
866 1993 134 54 parte
956 1993 209 54 baptixati.
1120 1993 149 54 Tertio
1209 1993 60 54 ex

415 2032 134 54 parte
504 2032 119 54 modi
579 2032 223 54 baptixandi.
757 2032 163 54 Secunda
876 2032 119 54 ibi,
950 2032 134 54 lllud
1039 2032 134 54 etiam
1113 2032 149 54 ignoram-

402 2083 102 37 dum
461 2083 102 37 non
519 2083 116 37 est.
591 2083 145 37 Tertia
693 2083 116 37 ibi,
765 2083 145 37 Quaeri
867 2083 131 37 etiam
954 2083 145 37 solet.
1056 2083 131 37 Prima
1143 2083 87 37 in
1172 2083 87 37 duas

405 2111 120 50 quia
480 2111 135 50 primo
570 2111 210 50 praemittit
735 2111 180 50 quaedam,
871 2111 120 50 quae
946 2111 120 50 sunt
1021 2111 90 50 de
1066 2111 180 50 baptismi
1186 2111 75 50 ho-

409 2148 200 48 nestate.
559 2148 183 48 Secundo
693 2148 167 48 tangit
809 2148 183 48 quoddam
942 2148 167 48 dubium
1059 2148 200 48 eueniens
1192 2148 67 48 ex

406 2189 204 50 baptixantis
570 2189 191 50 prauitate,
719 2189 109 50 ibi,
788 2189 82 50 De
828 2189 123 50 illis
910 2189 136 50 etiam,
1005 2189 95 50 qui
1060 2189 82 50 ab
1087 2189 177 50 haereticis.

408 2229 91 46 Et
453 2229 121 46 haec
529 2229 91 46 in
574 2229 136 46 duas:
665 2229 121 46 quia
740 2229 136 46 primo
831 2229 181 46 magister
967 2229 91 46 ex
1012 2229 151 46 dictis
1103 2229 166 46 sanctorum

409 2266 188 53 ostendit,
553 2266 116 53 quod
626 2266 203 53 baptixatus
785 2266 87 53 ab
829 2266 203 53 haeretico,
988 2266 159 53 seruata
1104 2266 130 53 tamen
1176 2266 87 53 for-

411 2305 107 49 ma,
472 2305 122 49 quam
548 2305 138 49 tenet
640 2305 199 49 ecclesia,
793 2305 107 49 non
855 2305 107 49 est
916 2305 276 49 rebaptixandus.
1130 2305 138 49 Secundo

408 2348 175 47 recitat
535 2348 207 47 opinionem
694 2348 238 47 contrariam,
885 2348 127 47 quam
964 2348 159 47 tenuit
1075 2348 175 47 sanctus
1187 2348 79 47 Cv-

413 2387 190 47 prianus,
556 2387 79 47 &
587 2387 206 47 respondet
746 2387 95 47 ad
793 2387 127 47 eam,
872 2387 127 47 ibi,
951 2387 127 47 Sunt
1031 2387 142 47 tamen
1110 2387 158 47 nonnulli

408 2435 196 38 doctorum.
559 2435 121 38 Tunc
634 2435 181 38 sequitur
770 2435 121 38 illa
846 2435 136 38 pars,
936 2435 136 38 lllud
1027 2435 136 38 etiam
1102 2435 151 38 ignoran-

405 2464 104 53 dum
465 2464 104 53 non
524 2464 119 53 est.
599 2464 104 53 Vbi
659 2464 134 53 primo
748 2464 179 53 magister
882 2464 194 53 ostendit,
1031 2464 134 53 quaod
1121 2464 119 53 puer
1180 2464 75 53 non

407 2508 216 44 baptixatur
576 2508 185 44 existens
715 2508 93 44 in
761 2508 139 44 vtero
854 2508 185 44 materno,
993 2508 123 44 dato
1070 2508 154 44 etiam,
1162 2508 93 44 quod

403 2549 146 38 mater
500 2549 243 38 baptixetur.
694 2549 178 38 Secundo
824 2549 178 38 inducit
953 2549 178 38 quandam
1083 2549 211 38 obiectio

406 2578 127 50 nem,
486 2578 80 50 &
517 2578 207 50 respondet
676 2578 95 50 ad
724 2578 127 50 eam,
804 2578 127 50 ibi.
883 2578 95 50 Si
931 2578 127 50 vero
1010 2578 223 50 opponitur.
1169 2578 80 50 Tun

409 2616 168 54 sequitur
535 2616 112 54 illa
605 2616 126 54 pars,
688 2616 140 54 Quaeri
786 2616 126 54 etiam
870 2616 140 54 solet.
968 2616 84 54 Et
1010 2616 182 54 diuiditur
1149 2616 84 54 in
1177 2616 84 54 tres

397 2658 179 52 partes.
527 2658 146 52 Primo
625 2658 130 52 enim
706 2658 195 52 ostendit
852 2658 212 52 magister,
1015 2658 130 52 quid
1080 2658 179 52 faciendum

398 2710 124 39 sit,
476 2710 109 39 cum
538 2710 140 39 forma
632 2710 186 39 verborum
771 2710 233 39 aliqualiter
958 2710 249 39 corrumpitur,
1144 2710 109 39 Secum

407 2740 110 47 do,
470 2740 110 47 cum
533 2740 220 47 baptixator
705 2740 188 47 alicuius
846 2740 172 47 hominis
972 2740 172 47 penitus
1082 2740 172 47 ignoratur

399 2775 147 53 Tertio
502 2775 103 53 cum
561 2775 161 53 aliquis
678 2775 88 53 in
722 2775 147 53 nomine
824 2775 205 53 trinitatis
986 2775 161 53 iocose,
1103 2775 73 53 &
1132 2775 117 53 sine
1191 2775 73 53 in-

409 2818 179 45 tentione
543 2818 224 45 bapticatur,
722 2818 164 45 Secunda
842 2818 119 45 ibi,
916 2818 194 45 Praeterea
1065 2818 179 45 sciendum
1184 2818 75 45 est

408 2853 148 45 Tertia
512 2853 118 45 ibi,
586 2853 133 45 Solet
674 2853 133 45 etiam
763 2853 163 45 quaeri.
881 2853 177 45 Sequitur
1015 2853 118 45 illa
1089 2853 133 45 pars.
1162 2853 104 45 Agno-

407 2894 163 50 fcendum
526 2894 104 50 est
585 2894 148 50 etiam.
689 2894 89 50 Et
734 2894 193 50 diuiditur
882 2894 89 50 in
927 2894 119 50 tres
1001 2894 163 50 partes:
1119 2894 119 50 quia
1179 2894 74 50 pri

411 2933 92 50 mo
457 2933 185 50 ostendit
595 2933 92 50 de
642 2933 185 50 baptismi
780 2933 247 50 sollemnitate
981 2933 123 50 esse
1058 2933 185 50 temporis
1181 2933 77 50 de-

404 2969 290 49 rerminationem.
646 2969 177 49 Secundo
775 2969 145 49 fidei
872 2969 274 49 professionem.
1098 2969 97 49 Et
1130 2969 129 49 tertio

398 3013 328 48 catechixationem,
677 3013 82 48 &
709 3013 312 48 exorcixationem.
972 3013 181 48 Secunda
1103 3013 131 48 ibi,
1169 3013 82 48 Por

408 3055 89 46 ro
453 3055 162 46 cuncti.
571 3055 148 46 Tertia
674 3055 118 46 ibi.
748 3055 118 46 llla
822 3055 133 46 autem
910 3055 251 46 interrogatio.
1117 3055 103 46 Hic
1162 3055 103 46 nota,

412 3087 123 60 quod
488 3087 246 60 catechicatio
688 3087 123 60 idem
765 3087 123 60 est,
842 3087 123 60 quod
918 3087 230 60 instructio.
1102 3087 92 60 Et
1133 3087 123 60 dicitu

1281 250 73 68 a
1311 250 190 68 catichis,
1457 250 146 68 grece.
1559 250 117 68 quod
1632 250 102 68 est
1691 250 205 68 instructio
1852 250 161 68 latine.
1969 250 88 68 Et
2012 250 117 68 inde
2071 250 73 68 ca-

1285 314 193 48 tecumenus
1434 314 163 48 dicitur
1553 314 134 48 ille,
1642 314 104 48 qui
1701 314 89 48 de
1746 314 193 48 articulis
1894 314 134 48 fidei
1969 314 178 48 instruitur

1296 355 196 57 priusquam
1446 355 226 57 baptixetur.
1627 355 226 57 Exorcixatio
1808 355 120 57 idem
1883 355 120 57 est,
1958 355 120 57 quod
2019 355 120 57 adiura

1284 396 126 50 tio.
1363 396 94 50 Et
1410 396 173 50 dicitur
1536 396 94 50 ab
1583 396 220 50 exorcimon,
1755 396 157 50 grece,
1865 396 126 50 quod
1944 396 110 50 est
1991 396 157 50 increpa-

1286 430 109 56 tio,
1354 430 95 56 vel
1409 430 177 56 adiuratio
1544 430 149 56 latine.
1653 430 81 56 Et
1694 430 109 56 inde
1762 430 149 56 dicitur
1870 430 177 56 exorcista
2006 430 122 56 ille,
2074 430 68 56 qui

1287 471 137 45 facit
1378 471 244 45 adiurationes
1577 471 137 45 super
1669 471 183 45 daemones
1806 471 92 45 ad
1852 471 122 45 hoc,
1928 471 92 45 vt
1974 471 92 45 ab
2005 471 137 45 hominis

1296 511 175 58 vexatione
1430 511 189 58 desistant.
1579 511 94 58 Hec
1633 511 121 58 sent.
1714 511 135 58 istius
1808 511 148 58 sextae,
1916 511 229 58 distinctionis
2091 511 54 58 in

1296 549 195 56 generali,
1446 549 135 56 circa
1536 549 120 56 quam
1611 549 150 56 quaero
1716 549 120 56 hanc
1791 549 225 56 quaestionem
1971 549 90 56 in
2001 549 135 56 speciei

1566 627 275 82 Quaestio.
1777 627 85 82 1.

1341 721 107 70 An
1395 721 143 70 Puer
1484 721 215 70 existens
1645 721 107 70 in
1699 721 161 70 vtero
1807 721 233 70 bapticata
1968 721 125 70 matre

1531 776 263 67 characterem
1723 776 175 67 recipiat

1303 1168 168 62 SVTRVM
1421 1168 219 62 Paptixata
1589 1168 185 62 muliere
1724 1168 236 62 praegnante
1909 1168 135 62 puer
1977 1168 168 62 existens

1310 1200 77 68 V
1340 1200 92 68 in
1386 1200 138 68 vtero
1478 1200 184 68 recipiat
1616 1200 245 68 characterem.
1816 1200 92 68 Et
1862 1200 184 68 videtur,
2000 1200 123 68 quod
2061 1200 92 68 sic-

1299 1255 119 44 Quia
1373 1255 119 44 toto
1447 1255 163 44 signato
1566 1255 193 44 quaelibet
1714 1255 133 44 pars,
1803 1255 89 44 vt
1848 1255 133 44 habet
1937 1255 163 44 ordinem
2055 1255 89 44 ad
2085 1255 74 44 to-

1297 1295 118 47 tum,
1371 1295 163 47 videtur
1490 1295 118 47 esse
1564 1295 178 47 signata:
1697 1295 104 47 sed
1756 1295 118 47 puer
1830 1295 178 47 existens
1964 1295 89 47 in
2008 1295 133 47 vtero
2082 1295 74 47 est

1297 1335 118 44 pars
1371 1335 162 44 matris,
1489 1335 74 44 &
1519 1335 133 44 mater
1607 1335 133 44 etiam
1696 1335 207 44 baptixata,
1858 1335 118 44 tota
1932 1335 207 44 charactere
2079 1335 74 44 si-

1296 1372 158 47 gnatur:
1410 1372 115 47 ergo
1482 1372 72 47 &
1511 1372 115 47 puer
1583 1372 215 47 signabitur.
1755 1372 129 47 Maior
1841 1372 144 47 patet:
1942 1372 115 47 quia
2013 1372 129 47 totum
2085 1372 72 47 non

1300 1418 107 43 est
1361 1418 152 43 aliud,
1467 1418 122 43 quam
1544 1418 137 43 omnes
1635 1418 122 43 suae
1711 1418 168 43 partes.
1833 1418 168 43 Minorem
1955 1418 122 43 fide
2016 1418 137 43 tenemus

1335 1451 152 41 Contra
1441 1451 152 41 nullus
1547 1451 167 41 recipit
1668 1451 242 41 characterem,
1865 1451 121 41 nisi
1941 1451 121 41 vere
2001 1451 152 41 baptixe-

1295 1489 113 59 tur:
1366 1489 99 59 sed
1422 1489 113 59 puer
1493 1489 85 59 in
1535 1489 127 59 vtero
1620 1489 142 59 manens
1719 1489 99 59 non
1776 1489 142 59 potest
1875 1489 198 59 baptixari,
2031 1489 85 59 vt
2059 1489 85 59 pro-

1286 1527 105 49 bat
1346 1527 179 49 magister
1480 1527 90 49 in
1525 1527 164 49 littera
1645 1527 75 49 :
1675 1527 120 49 ergo
1749 1527 105 49 &c.
1809 1527 105 49 Hic
1869 1527 179 49 quattuor
2003 1527 120 49 sunt
2063 1527 75 49 vi-

1296 1566 154 46 denda.
1403 1566 138 46 Primo
1495 1566 123 46 enim
1572 1566 184 46 videndum
1711 1566 108 46 est
1772 1566 92 46 de
1818 1566 231 46 charactere,
2003 1566 123 46 quid
2064 1566 77 46 sit

1290 1608 89 45 in
1335 1608 89 45 se
1379 1608 223 45 entitatiue.
1558 1608 163 45 Secundo
1676 1608 89 45 in
1721 1608 104 45 quo
1781 1608 104 45 sit
1840 1608 223 45 subiectiue.
2018 1608 149 45 Tertio
2107 1608 45 45 a

1312 1652 84 50 uo
1354 1652 98 50 sit
1410 1652 196 50 effectiue.
1564 1652 84 50 Et
1606 1652 140 50 quarto
1703 1652 84 50 de
1745 1652 168 50 quaesito
1857 1652 182 50 principali-

1454 1718 222 89 R
1498 1718 488 89 ESOLVTIO.

1302 1829 167 56 character
1431 1829 129 56 quidem
1521 1829 193 56 indelebilis
1675 1829 141 56 entitas
1778 1829 141 56 quaedam
1881 1829 90 56 est
1932 1829 167 56 absoluta,
2061 1829 77 56 de
2087 1829 64 56 pra

1332 1884 182 45 dicamento
1472 1884 210 45 qualitatis,
1640 1884 112 45 quam
1710 1884 210 45 consequitur
1877 1884 112 45 homo
1947 1884 84 45 in
1975 1884 182 45 fusceptione

1339 1922 198 50 Sacramenti
1494 1922 127 50 ipsum
1579 1922 226 50 imprimentis.
1763 1922 113 50 Vnde
1833 1922 127 50 licet
1918 1922 113 50 Puer
1989 1922 169 50 existens
2102 1922 56 50 in

1329 1960 124 48 vtero
1412 1960 180 48 baptixata
1550 1960 138 48 matre,
1647 1960 180 48 ssaminis,
1786 1960 69 48 &
1813 1960 180 48 sanguinis
1952 1960 166 48 baptismi
2062 1960 97 48 capac

1334 2000 161 40 existat,
1454 2000 134 40 nullum
1548 2000 121 40 tamen
1629 2000 215 40 characterem,
1803 2000 94 40 dum
1857 2000 94 40 ibi
1911 2000 161 40 moratur,
2018 2000 134 40 reciperi

1329 2033 113 41 potert.

1417 2105 612 88 ARTICVLVS
1841 2105 141 88 L

1427 2198 154 78 Quid
1523 2198 135 78 sit
1600 2198 250 78 character
1792 2198 115 78 in
1850 2198 115 78 se
1888 2198 250 78 entitatiue.

1382 2304 175 57 VANTVM
1504 2304 105 57 ad
1556 2304 175 57 primum
1678 2304 157 57 primo
1783 2304 210 57 videndum
1940 2304 122 57 est
2010 2304 105 57 de
2045 2304 105 57 cha-

1408 2346 163 49 ractere,
1531 2346 81 49 an
1571 2346 109 49 sit.
1639 2346 163 49 Secundo,
1761 2346 109 49 quid
1829 2346 109 49 sit.
1897 2346 81 49 Et
1938 2346 149 49 tertio,
2033 2346 122 49 propter

1306 2392 118 43 quid
1380 2392 118 43 sit.
1454 2392 104 43 Quo
1513 2392 89 43 ad
1558 2392 148 43 primum
1661 2392 133 43 dico,
1750 2392 118 43 quod
1824 2392 192 43 character
1972 2392 104 43 est
2016 2392 133 43 quaedam

1301 2431 222 44 ndelebilis
1476 2431 190 44 entitas,
1618 2431 127 44 quam
1698 2431 127 44 homo
1777 2431 254 44 consequitur,
1983 2431 159 44 quando
2079 2431 79 44 su-

1293 2463 142 50 scipit
1392 2463 213 50 sacramentum
1563 2463 199 50 ecclesiae,
1719 2463 114 50 quod
1790 2463 100 50 non
1847 2463 128 50 licet
1933 2463 171 50 iterare:
2060 2463 128 50 sicut

1298 2504 111 54 est
1362 2504 239 54 sacramentum
1553 2504 207 54 baptismi,
1712 2504 302 54 confirmationis,
1966 2504 80 54 &
1982 2504 159 54 ordinis.

1305 2545 76 47 1
1335 2545 122 47 Quia
1411 2545 91 47 si
1457 2545 137 47 talia
1549 2545 229 47 sacramenta,
1731 2545 122 47 quae
1808 2545 107 47 non
1869 2545 137 47 licet
1960 2545 183 47 iterare,
2082 2545 76 47 non

1289 2582 289 53 dexelinquerent
1530 2582 176 53 aliquem
1658 2582 192 53 effectum
1802 2582 241 53 indelebilem
1995 2582 96 53 in
2027 2582 128 53 susci-

1296 2627 159 48 piente
1408 2627 207 48 huiusmodi
1567 2627 239 48 sacramenta,
1758 2627 127 48 tunc
1838 2627 111 48 per
1901 2627 159 48 talium
1997 2627 159 48 sacramen

1295 2667 152 46 torum
1396 2667 270 46 susceptionem
1616 2667 118 46 non
1683 2667 186 46 maneret
1818 2667 203 46 perpetua
1953 2667 203 46 distinctio

1294 2707 135 50 eius,
1384 2707 105 50 qui
1444 2707 180 50 suscepit
1579 2707 135 50 talia
1669 2707 210 50 sacramenta
1833 2707 90 50 ab
1878 2707 120 50 his,
1953 2707 105 50 qui
1998 2707 165 50 huiusmodi

1302 2736 214 53 acramenta
1466 2736 181 53 numquam
1597 2736 263 53 susceperunt.
1811 2736 263 53 Consequentia
2025 2736 164 53 patet:

1296 2773 104 48 sed
1355 2773 207 48 consequens
1518 2773 104 48 est
1578 2773 252 48 inconueniens,
1785 2773 89 48 vt
1830 2773 133 48 infra
1904 2773 133 48 patebit

1317 2819 81 44 2
1349 2819 226 44 Praetetea,
1526 2819 145 44 omnis
1623 2819 129 44 vere
1704 2819 226 44 baptixatus
1881 2819 242 44 consequitur
2058 2819 97 44 ali-

1302 2862 123 45 quem
1378 2862 153 45 realem
1486 2862 184 45 effectum
1624 2862 92 45 ex
1670 2862 184 45 baptismi
1808 2862 230 45 receptione:
1992 2862 107 45 sed
2038 2862 107 45 reci-

1311 2892 138 55 tiens
1403 2892 199 55 baptismum
1556 2892 107 55 cum
1617 2892 199 55 proposito
1771 2892 184 55 peccandi
1909 2892 215 55 mortaliter
2062 2892 92 55 vere

1294 2935 209 46 baptixatur,
1461 2935 83 46 vt
1503 2935 139 46 patuit
1600 2935 167 46 superius
1725 2935 125 46 dist.
1808 2935 153 46 4tarti.
1920 2935 83 46 3.
1961 2935 70 46 &
1989 2935 139 46 nullum
2073 2935 83 46 con-

1299 2983 186 48 sequitur
1439 2983 186 48 effectum
1579 2983 171 48 praeter
1703 2983 233 48 characterem
1889 2983 78 48 :
1920 2983 124 48 ergo
1998 2983 109 48 &c.
2044 2983 109 48 Maior

1308 3018 139 46 atet:
1400 3018 124 46 quia
1478 3018 93 46 si
1524 3018 155 46 nullum
1633 3018 155 46 realem
1741 3018 186 46 effectum
1880 3018 248 46 consequitur,
2066 3018 93 46 tunc

1301 3056 109 47 non
1364 3056 124 47 vere
1441 3056 217 47 baptixatus
1612 3056 155 47 esset,
1720 3056 109 47 nec
1783 3056 155 47 posset
1891 3056 186 47 consequi
2015 3056 140 47 salutem

1300 3091 120 60 nisi
1375 3091 269 60 rebapticaretur
1599 3091 180 60 cessante
1734 3091 120 60 illo
1809 3091 120 60 malo
1884 3091 210 60 proposito,
2048 3091 90 60 in
2078 3091 75 60 quo
