2387 3524
216 218 77 71 3
246 218 214 71 Praeterea,
415 218 77 71 i
445 218 184 71 nanimata
583 218 184 71 ereatura
721 218 153 71 potest
828 218 153 71 assumi
935 218 77 71 a
950 218 138 71 persona

212 290 156 40 diuina
322 290 78 40 :
353 290 125 40 ergo
431 290 78 40 &
462 290 265 40 irrationalis.
680 290 250 40 Consequentia
883 290 156 40 patet.
977 290 109 40 Ante-

212 317 156 47 cedens
322 317 156 47 probo:
431 317 125 47 quia
509 317 156 47 eorpus
619 317 172 47 Christi
744 317 94 47 in
791 317 156 47 triduo
900 317 125 47 fuit
963 317 109 47 inani

212 360 163 44 matum:
326 360 130 44 quia
407 360 130 44 vere
488 360 130 44 fuit
569 360 195 44 mortuum:
716 360 81 44 &
748 360 146 44 tamen
846 360 195 44 remansit
976 360 98 44 ver-

219 396 88 46 bo
263 396 103 46 Dei
322 396 265 46 suppositaliter
543 396 162 46 vnitum:
661 396 133 46 alias
750 396 251 46 constituisset
941 396 133 46 proprit

216 436 227 42 suppositum,
398 436 121 42 quod
473 436 182 42 realiter
610 436 167 42 fuisset
731 436 212 42 destructum
897 436 91 42 in
943 436 121 42 eius
1003 436 76 42 re

194 475 226 47 surrectione.

255 504 302 53 FORTEDICETVR,
504 504 124 53 quo
575 504 160 53 illud
681 504 178 53 corpus
806 504 213 53 remansit
948 504 124 53 verbo

227 552 163 52 vnitum
341 552 179 52 propter
471 552 260 52 habitudinem,
682 552 130 52 quam
764 552 163 52 habuit
878 552 98 52 ad
927 552 146 52 ipsam
1008 552 65 52 an

217 598 113 47 mam
281 598 242 47 rationalem,
475 598 113 47 cui
539 598 161 47 debuit
636 598 145 47 reuniri

260 628 240 48 RESPONDEO,
448 628 137 48 quod
534 628 137 48 Deus
620 628 171 48 potuit
739 628 120 48 sua
808 628 206 48 potentia
962 628 154 48 abso¬

209 669 126 48 luta
288 669 158 48 animam
399 669 142 48 illam
494 669 174 48 penitus
620 669 237 48 annihilare,
809 669 79 48 &
841 669 111 48 per
888 669 190 48 consequens

216 711 134 48 talis
305 711 282 48 habitudofuisset
543 711 223 48 annihilata:
721 711 104 48 cum
781 711 134 48 entis
870 711 89 48 ad
915 711 134 48 nihil
989 711 89 48 nul-

222 755 91 47 la
267 755 106 47 sit
328 755 197 47 habitudo:
479 755 76 47 &
509 755 227 47 nihilominus
691 755 151 47 potuit
797 755 136 47 illud
887 755 151 47 corpus
978 755 106 47 assu-

212 792 151 53 mere,
313 792 84 53 &
347 792 219 53 assumptum
498 792 185 53 retinere.

232 831 79 45 4
264 831 222 45 Praeterea,
438 831 95 45 si
486 831 127 45 Deus
565 831 111 45 non
629 831 159 45 posset
740 831 175 45 naturam
851 831 222 45 irrationalem

213 873 193 46 assumere,
362 873 104 46 aut
421 873 134 46 talis
510 873 267 46 impossibilitas
733 873 134 46 esset
822 873 89 46 ex
867 873 134 46 parte
956 873 104 46 Dei
1001 873 74 46 non

227 909 188 48 potentis
369 909 204 48 terminare
526 909 251 48 dependentiam
730 909 251 48 irrationalis
918 909 157 48 creature

213 943 105 53 aut
273 943 90 53 ex
318 943 135 53 parte
409 943 196 53 creaturae
559 943 105 53 non
619 943 181 53 potentis
755 943 151 53 carere
860 943 166 53 propria
966 943 105 53 subsi

214 992 187 50 stentia.
355 992 125 50 Non,
433 992 172 50 primum,
558 992 109 50 cum
620 992 125 50 Deus
698 992 109 50 sit
761 992 203 50 infinitae
901 992 172 50 potentiae

226 1031 131 43 Vnde
308 1031 148 43 etiam
406 1031 115 43 ait
471 1031 197 43 Anselmus
619 1031 98 43 2.
668 1031 164 43 libro.
783 1031 115 43 Cur
849 1031 131 43 Deus
930 1031 148 43 homo,
1012 1031 66 43 Om

219 1066 107 53 nis
280 1066 153 53 quippe
387 1066 214 53 necessitas
554 1066 76 53 &
585 1066 275 53 impossibilitas
814 1066 107 53 Dei
875 1066 183 53 subiacet
997 1066 76 53 vo-

213 1105 195 55 luntanti.
363 1105 90 55 Et
408 1105 150 55 ibidem
512 1105 120 55 ait,
587 1105 120 55 quod
662 1105 105 55 Dei
722 1105 180 55 voluntas
857 1105 135 55 nulli
931 1105 150 55 subiacet

206 1142 252 52 necessitati,
411 1142 79 52 &
442 1142 315 52 impossibilitati.
710 1142 110 52 Nec
773 1142 173 52 secundo
899 1142 142 52 modo:
978 1142 94 52 qui-

218 1187 105 50 ea,
278 1187 120 50 quae
353 1187 120 50 sunt
428 1187 256 50 perfectionis,
639 1187 105 50 non
699 1187 135 50 minus
789 1187 165 50 possunt
910 1187 180 50 separari
1030 1187 45 50 a

220 1219 180 49 treatura
355 1219 240 49 irrationali,
550 1219 120 49 quam
625 1219 75 49 a
656 1219 180 49 creatura
791 1219 210 49 rationali:
956 1219 105 49 sed
1001 1219 75 49 per

214 1263 100 48 se,
271 1263 71 48 &
299 1263 86 48 in
342 1263 86 48 se
385 1263 200 48 subsistere
542 1263 129 48 dicit
628 1263 243 48 perfectionem,
828 1263 71 48 &
856 1263 143 48 potest
942 1263 143 48 separari

216 1306 74 53 a
246 1306 177 53 creatura
379 1306 207 53 rationali:
542 1306 89 53 vt
586 1306 133 53 patet
675 1306 89 53 in
719 1306 207 53 humanitate
882 1306 177 53 Christi:
1000 1306 74 53 er-

213 1345 88 57 go
257 1345 73 57 &
287 1345 88 57 ab
331 1345 220 57 irrationali
507 1345 162 57 poterit
610 1345 147 57 separari

259 1381 112 58 SED
323 1381 208 58 oppositum
483 1381 160 58 istius
595 1381 256 58 conclusionis
804 1381 160 58 tenent
916 1381 160 58 quidam
1012 1381 64 58 ma

214 1424 110 52 gni
277 1424 205 52 doctores,
435 1424 126 52 quod
513 1424 173 52 probant
624 1424 94 52 sic-

240 1456 73 53 1
269 1456 116 53 Illa
341 1456 160 53 natura,
457 1456 102 53 seu
515 1456 174 53 essentia
646 1456 102 53 non
704 1456 102 53 est
762 1456 247 53 assumptibilis
965 1456 87 53 in
994 1456 73 53 vni

222 1496 133 50 tatem
311 1496 163 50 diuinae
429 1496 192 50 personae,
577 1496 133 50 cuius
666 1496 133 50 nulla
755 1496 177 50 potentia
888 1496 104 50 est
932 1496 133 50 eleuabi

219 1536 101 47 lis
276 1536 87 47 ad
320 1536 188 47 visionem,
465 1536 101 47 seu
523 1536 203 47 fruitionem
682 1536 159 47 diuinae
798 1536 203 47 essentiae:
957 1536 101 47 sed
1001 1536 72 47 na-

214 1582 126 44 tura
293 1582 253 44 irrationalis
499 1582 111 44 est
562 1582 221 44 huiusmodi.
735 1582 142 44 Minor
830 1582 158 44 patet.
941 1582 174 44 Maiorem

218 1625 178 47 probant,
352 1625 119 47 quia
426 1625 133 47 sicut
515 1625 89 47 se
559 1625 133 47 habet
648 1625 119 47 esse
722 1625 178 47 naturale
856 1625 89 47 ad
900 1625 133 47 posse
974 1625 89 47 natu

211 1666 134 44 rale:
300 1666 104 44 sic
360 1666 134 44 posse
449 1666 253 44 supernaturale
657 1666 89 44 ad
702 1666 134 44 posse
791 1666 267 44 supernaturale:
999 1666 74 44 sec

219 1697 132 48 nulla
307 1697 161 48 virtute
424 1697 132 48 fieri
512 1697 161 48 potest,
629 1697 117 48 quod
702 1697 146 48 aliqua
804 1697 146 48 natura
907 1697 146 48 habeat
994 1697 88 48 esse

225 1735 201 46 naturale,
379 1735 124 46 quin
457 1735 155 46 habeat
565 1735 170 46 aliquod
689 1735 139 46 posse
782 1735 201 46 naturale:
937 1735 124 46 ergo
999 1735 77 46 &c.

218 1773 97 46 Et
266 1773 243 46 confirmatur
461 1773 113 46 sic
525 1773 146 46 eadem
623 1773 162 46 minor,
736 1773 113 46 Cui
801 1773 113 46 non
866 1773 162 46 potest
963 1773 113 46 commu

215 1816 155 43 nicari
324 1816 155 43 illud,
433 1816 124 43 quod
511 1816 109 43 est
573 1816 155 43 minus,
682 1816 93 43 ei
728 1816 109 43 non
790 1816 155 43 potest
884 1816 186 43 communican

211 1852 155 56 illud,
319 1852 124 56 quod
396 1852 108 56 est
458 1852 155 56 maius:
566 1852 108 56 sed
628 1852 139 56 minus
721 1852 108 56 est
782 1852 124 56 frui
860 1852 124 56 Deo,
937 1852 124 56 quam
999 1852 77 56 as-

218 1892 120 54 sumi
293 1892 90 54 in
338 1892 181 54 vnitatem
474 1892 166 54 diuinae
579 1892 166 54 personae.

229 1932 80 48 2
261 1932 224 48 Praeterea,
437 1932 160 48 minima
549 1932 160 48 natura
661 1932 112 48 non
724 1932 112 48 est
788 1932 144 48 capax
884 1932 192 48 supremi,
1028 1932 80 48 &

214 1972 155 44 maximi
323 1972 140 44 doni:
416 1972 109 44 sed
478 1972 155 44 natura
587 1972 248 44 irrationalis
789 1972 109 44 est
851 1972 155 44 minima
944 1972 124 44 natura

208 2013 80 45 &
240 2013 159 45 assumi
352 2013 96 45 ad
399 2013 191 45 vnitatem
543 2013 159 45 diuini
654 2013 207 45 suppositi
814 2013 112 45 est
878 2013 207 45 supremum,
1021 2013 48 45 S

221 2047 173 55 maximum
347 2047 158 55 donum,
458 2047 126 55 quod
537 2047 126 55 dari
615 2047 158 55 potest
726 2047 221 55 creaturae:
899 2047 126 55 ergo
962 2047 79 55 &c.

227 2094 77 55 3
257 2094 214 55 Praeterea,
426 2094 199 55 creatura,
579 2094 123 55 quae
656 2094 107 55 non
717 2094 107 55 est
778 2094 138 55 capax
855 2094 214 55 personalita.

210 2129 119 47 tis,
285 2129 104 47 non
344 2129 149 47 potest
448 2129 149 47 assumi
553 2129 89 47 in
597 2129 179 47 vnitatem
731 2129 194 47 personae:
880 2129 104 47 sed
925 2129 149 47 creatura

212 2166 225 51 arrationalis
395 2166 99 51 non
451 2166 99 51 est
508 2166 127 51 capax
592 2166 268 51 personalitatis:
818 2166 113 51 quia
888 2166 169 51 secundum
1001 2166 70 51 Doc

223 2205 128 57 thium
308 2205 156 57 persona
421 2205 99 57 est
478 2205 198 57 rationalis
634 2205 184 57 creaturae
775 2205 184 57 indiuidua
903 2205 170 57 substantia

228 2248 74 44 4
258 2248 206 44 Praeterea,
420 2248 177 44 creatura
552 2248 236 44 irrationalis
744 2248 103 44 non
803 2248 103 44 est
862 2248 206 44 perfectius
1009 2248 74 44 vni

222 2289 135 46 bilis
312 2289 120 46 Deo,
387 2289 120 46 quam
463 2289 180 46 creatura
598 2289 226 46 rationalis:
778 2289 120 46 ergo
853 2289 105 46 non
914 2289 105 46 est
959 2289 120 46 assum-

218 2332 210 47 ptibilis.
379 2332 226 47 Antecedens
556 2332 161 47 patet.
669 2332 193 47 Probatur
814 2332 258 47 consequentia
1008 2332 64 47 ex

222 2368 129 49 hoc:
303 2368 129 49 quia
383 2368 97 49 ad
432 2368 210 49 oppositum
593 2368 258 49 consequentis
803 2368 113 49 non
867 2368 194 49 sequitur
996 2368 81 49 op-

218 2412 165 47 positum
338 2412 256 47 antecedentis.
549 2412 105 47 Nam
609 2412 90 47 si
654 2412 135 47 lapis
744 2412 135 47 esset
834 2412 271 47 assumptibilis;

223 2450 95 47 tuc
278 2450 122 47 sicut
359 2450 176 47 quaelibet
495 2450 109 47 pars
563 2450 149 47 lapidis
671 2450 95 47 est
725 2450 136 47 lapis:
820 2450 95 47 sic
875 2450 176 47 quaelibet
997 2450 81 47 pars

214 2490 174 47 lapidis
341 2490 142 47 esset
435 2490 142 47 Deus:
530 2490 126 47 quod
609 2490 95 47 de
656 2490 190 47 creatura
799 2490 205 47 rationali
956 2490 111 47 non
1004 2490 63 47 po

216 2535 124 42 test
293 2535 139 42 dici:
386 2535 108 42 sed
448 2535 155 42 planum
556 2535 124 42 est,
633 2535 124 42 quod
711 2535 124 42 tunc
788 2535 170 42 aliquid
896 2535 186 42 perfectius

216 2560 147 52 vnitur
319 2560 162 52 alicui,
437 2560 103 52 cum
496 2560 147 52 illud,
599 2560 103 52 cui
658 2560 162 52 unitur,
776 2560 103 52 non
835 2560 133 52 solum
909 2560 162 52 praedica-

223 2606 99 51 tur
279 2606 85 51 de
322 2606 113 51 ipso
393 2606 127 51 toto,
478 2606 99 51 sed
534 2606 127 51 etiam
619 2606 85 51 de
662 2606 170 51 qualibet
789 2606 127 51 parte
874 2606 127 51 eius:
959 2606 113 51 ergo
1015 2606 57 51 &c

233 2646 77 45 3
263 2646 215 45 Praeterea,
432 2646 154 45 illud,
540 2646 123 45 quod
617 2646 184 45 repugnat
755 2646 200 45 dignitati
894 2646 184 45 sapientis,

223 2682 99 51 non
279 2682 141 51 potest
378 2682 127 51 fieri
463 2682 71 51 a
491 2682 113 51 Deo,
562 2682 99 51 qui
619 2682 99 51 est
675 2682 113 51 ipsa
746 2682 198 51 sapientia:
901 2682 113 51 sed,
972 2682 85 51 si
1000 2682 85 51 Deus

211 2716 216 52 assumeret
377 2716 182 52 asinum:
510 2716 133 52 tunc
593 2716 182 52 propter
726 2716 315 52 communicationem
974 2716 100 52 idic

224 2764 150 51 matum
324 2764 133 51 Deus
407 2764 216 51 dicerctur
574 2764 183 51 asinus:
707 2764 133 51 quod
790 2764 183 51 videtur
906 2764 183 51 repugnare

223 2802 181 54 dignitati
349 2802 153 54 sapientis

256 2828 117 58 SED
323 2828 134 58 ISTA
407 2828 167 58 opinio
523 2828 117 58 est
590 2828 167 58 contra
707 2828 250 58 intentionem
907 2828 150 58 Deati
991 2828 83 58 Aug

228 2885 102 51 qui
287 2885 88 51 in
331 2885 88 51 de
375 2885 117 51 uera
448 2885 190 51 religione
594 2885 102 51 ait
652 2885 73 51 :
681 2885 175 51 Christus
813 2885 102 51 non
871 2885 190 51 assumpsit
1003 2885 73 51 ho-

223 2920 150 49 minem,
328 2920 90 49 vt
373 2920 210 49 ostenderet
538 2920 90 49 se
583 2920 210 49 visibilem:
747 2920 120 49 quia
822 2920 135 49 illud
912 2920 150 49 facere
1002 2920 75 49 po-

222 2957 177 49 tuisset
350 2957 209 49 assumendo
511 2957 161 49 corpus
607 2957 129 49 acrcum

259 2986 115 59 AD
316 2986 192 59 PRIMVM
451 2986 153 59 ergo
546 2986 307 59 respondendo,
796 2986 153 59 nego
872 2986 192 59 maiorem.

223 3036 94 47 Ad
270 3036 234 47 probationem
458 3036 141 47 dico,
551 3036 125 47 quod
629 3036 141 47 sicut
723 3036 141 47 nulla
817 3036 156 47 natura
926 3036 156 47 potest
1020 3036 62 47 ha

229 3081 124 63 bere
306 3081 124 63 esse
383 3081 201 63 natutale,
538 3081 124 63 quin
615 3081 155 63 habeat
723 3081 170 63 aliquod
847 3081 139 63 posse
924 3081 155 63 naturale

1107 231 103 52 sic
1166 231 132 52 nulla
1254 231 147 52 natura
1357 231 147 52 potest
1460 231 147 52 habere
1563 231 118 52 esse
1636 231 250 52 supernaturale
1842 231 118 52 sibi
1901 231 73 52 in-

1120 285 212 46 trinsecum,
1286 285 121 46 nisi
1362 285 151 46 habeat
1468 285 166 46 aliquod
1589 285 136 46 posse
1680 285 272 46 supernaturale:
1891 285 76 46 sec

1110 323 110 45 per
1173 323 251 45 assumptionem
1377 323 172 45 naturae
1502 323 172 45 creatae
1627 323 94 45 ad
1674 323 172 45 diuinum
1784 323 188 45 suppositum

1112 363 110 41 non
1175 363 252 41 communicatur
1380 363 173 41 naturae
1506 363 205 41 assumptae
1664 363 95 41 de
1711 363 236 41 necessitate
1884 363 95 41 ali-

1108 404 127 43 quod
1188 404 127 43 esse
1267 404 127 43 sibi
1347 404 254 43 intrinsecum:
1553 404 159 43 nullum
1665 404 127 43 enim
1744 404 127 43 esse
1824 404 143 43 habet
1903 404 64 43 ex

1113 440 89 48 vi
1158 440 237 48 assumptionis
1350 440 192 48 praecise,
1498 440 118 48 quod
1572 440 104 48 non
1631 440 163 48 haberet
1750 440 148 48 etiam,
1854 440 89 48 si
1883 440 89 48 sibi

1116 480 131 40 esset
1204 480 204 40 derelicta,
1364 480 160 40 quamuis
1480 480 131 40 illud
1568 480 116 40 esse
1640 480 116 40 alio
1713 480 116 40 modo
1786 480 175 40 haberet,
1902 480 73 40 pu-

1111 522 83 44 ta
1153 522 139 44 alteri
1250 522 97 44 non
1305 522 194 44 innitendo.
1457 522 125 44 Etiam
1541 522 125 44 minor
1624 522 97 44 non
1679 522 97 44 est
1735 522 125 44 vera:
1818 522 111 44 quia
1887 522 111 44 esse

1119 560 153 49 naturae
1230 560 139 49 posset
1327 560 166 49 separari
1452 560 153 49 virtute
1563 560 139 49 diuina
1660 560 69 49 a
1688 560 125 49 posse
1771 560 166 49 naturae,
1882 560 83 49 tan-

1113 609 127 43 quam
1193 609 143 43 prius
1288 609 80 43 a
1320 609 111 43 suo
1384 609 239 43 posteriore.
1575 609 96 43 Ad
1623 609 287 43 confirmationem
1846 609 127 43 dicen-

1111 639 134 46 dum,
1195 639 134 46 quod
1278 639 150 46 maior
1379 639 117 46 non
1446 639 117 46 est
1513 639 150 46 vera,
1613 639 167 46 quando
1730 639 150 46 magis
1830 639 84 46 &
1847 639 117 46 minus

1121 673 113 44 unt
1185 673 226 44 diuersarum
1363 673 210 44 rationum,
1524 673 113 44 vel
1588 673 161 44 saltem
1701 673 161 44 quando
1814 673 145 44 minus
1894 673 81 44 non

1108 723 292 44 comprehenditur
1351 723 113 44 sub
1416 723 178 44 maiori:
1546 723 178 44 quamuis
1675 723 130 44 enim
1756 723 146 44 posse
1837 723 130 44 volare

1120 753 107 51 sit
1181 753 154 51 minus,
1289 753 123 51 quam
1365 753 138 51 posse
1457 753 246 51 intelligere:
1657 753 138 51 tamen
1749 753 107 51 non
1795 753 169 51 sequitur;

1105 795 121 45 homo
1180 795 151 45 potest
1286 795 226 45 intelligere
1467 795 75 45 :
1497 795 121 45 ergo
1572 795 151 45 potest
1678 795 151 45 volare
1783 795 75 45 :
1813 795 106 45 nec
1859 795 106 45 econ-

1113 832 133 45 uerso
1202 832 193 45 necatiue.
1350 832 104 45 Sed
1410 832 119 45 frui
1484 832 104 45 Deo
1543 832 104 45 non
1602 832 104 45 est
1662 832 163 45 eiusdem
1780 832 178 45 rationis
1899 832 59 45 ci

1108 872 158 46 assumi
1219 872 79 46 a
1251 872 127 46 Deo,
1330 872 111 46 nec
1393 872 222 46 includitur
1567 872 95 46 in
1615 872 95 46 eo
1662 872 237 46 necessario.
1836 872 127 46 Corpus

1114 909 133 43 enim
1197 909 182 43 Christi
1330 909 182 43 mortuum
1463 909 166 43 mansit
1579 909 232 43 assumptum:
1761 909 83 43 &
1794 909 149 43 tamen
1877 909 83 43 non

1125 954 160 51 potuit
1237 954 128 51 frui
1317 954 128 51 Deo,
1397 954 112 51 nec
1461 954 160 51 videre
1573 954 144 51 Deum.
1669 954 144 51 Etiam
1765 954 144 51 minor
1845 954 128 51 posset

1110 1000 168 48 negari:
1232 1000 122 48 quia
1308 1000 137 48 sicut
1400 1000 183 48 secundum
1537 1000 122 48 Aug.
1613 1000 92 48 si
1659 1000 122 48 Deum
1735 1000 198 48 concipere
1872 1000 92 48 car-

1104 1032 184 42 naliter,
1242 1032 77 42 &
1273 1032 215 42 mentaliter
1442 1032 92 42 ab
1488 1032 169 42 inuicem
1611 1032 230 42 separantur,
1780 1032 184 42 perfectius

1106 1067 131 52 esset
1193 1067 189 52 concipere
1338 1067 218 52 mentaliter,
1512 1067 116 52 quam
1584 1067 218 52 carnaliter:
1758 1067 102 52 sic
1816 1067 87 52 si
1845 1067 116 52 viders

1106 1106 141 51 Deum,
1200 1106 78 51 &
1232 1106 282 51 suppositaliter
1466 1106 219 51 sustentari
1638 1106 78 51 a
1670 1106 110 51 Deo
1732 1106 94 51 ab
1779 1106 172 51 inuicem
1889 1106 78 51 se-

1115 1156 178 49 parentur
1249 1156 74 49 :
1279 1156 208 49 perfectius
1442 1156 119 49 esse
1516 1156 223 49 fiuibiliter
1695 1156 149 49 videre
1799 1156 134 49 Deum,
1873 1156 89 49 quam

1109 1183 197 59 sustentari
1264 1183 70 59 a
1292 1183 112 59 Deo.

1143 1222 107 59 Ad
1197 1222 214 59 secundum
1357 1222 232 59 dicendum,
1536 1222 143 59 quod
1625 1222 161 59 donum
1732 1222 196 59 naturae
1857 1222 107 59 com-

1101 1267 221 42 municatum,
1275 1267 221 42 dupliciter
1449 1267 158 42 potest
1559 1267 95 42 se
1607 1267 158 42 habere
1717 1267 95 42 ad
1765 1267 190 42 naturam.
1891 1267 79 42 Vno

1114 1307 138 48 modo
1200 1307 208 48 secundum
1356 1307 208 48 formalem
1511 1307 294 48 inhaerentiam,
1754 1307 156 48 ipsam
1840 1307 121 48 forma

1112 1342 120 42 liter
1191 1342 213 42 perficiendo,
1364 1342 66 42 &
1391 1342 93 42 sic
1444 1342 120 42 maior
1524 1342 93 42 est
1577 1342 120 42 vera:
1656 1342 120 42 quia,
1736 1342 80 42 vt
1776 1342 106 42 sic,
1842 1342 93 42 non
1882 1342 80 42 quod

1110 1382 137 43 libet
1201 1382 137 43 donum
1293 1382 183 43 conuenit
1430 1382 183 43 cuilibet
1568 1382 183 43 naturae:
1705 1382 107 43 sed
1766 1382 183 43 nobilius
1889 1382 76 43 no-

1104 1419 192 54 biliori.
1248 1419 128 54 Alio
1328 1419 128 54 modo
1408 1419 192 54 secundum
1551 1419 240 54 habitudinem
1743 1419 224 54 relatiuam,
1919 1419 80 54 &

1111 1459 97 53 sic
1167 1459 125 53 maior
1250 1459 97 53 est
1305 1459 139 53 falsa:
1402 1459 97 53 sic
1458 1459 125 53 autem
1541 1459 97 53 est
1596 1459 83 53 in
1624 1459 166 53 proposito.

1145 1503 95 47 Ad
1193 1503 174 47 tertium
1320 1503 206 47 dicendum,
1478 1503 127 47 quod
1558 1503 143 47 licet
1653 1503 159 47 natura
1748 1503 222 47 irrationalis

1109 1539 102 53 non
1168 1539 102 53 sit
1226 1539 131 53 capax
1313 1539 276 53 personalitatis,
1546 1539 102 53 est
1604 1539 131 53 tamen
1691 1539 131 53 capax
1764 1539 203 53 suppositali-

1109 1579 155 47 tatis:
1218 1579 78 47 &
1249 1579 124 47 ideo
1327 1579 171 47 persona
1451 1579 155 47 diuina
1560 1579 155 47 potest
1669 1579 202 47 terminare
1824 1579 124 47 eius
1886 1579 78 47 de-

1125 1624 205 47 endentiam
1283 1624 95 47 in
1330 1624 174 47 ratione
1457 1624 221 47 suppositi,
1630 1624 174 47 quamuis
1757 1624 111 47 non
1804 1624 158 47 terminet

1110 1653 105 55 eam
1170 1653 90 55 in
1215 1653 165 55 ratione
1319 1653 165 55 personae.

1137 1696 107 48 Ad
1191 1696 196 48 quartum
1333 1696 143 48 nego
1423 1696 321 48 consequentiam.
1690 1696 107 48 Ad
1726 1696 232 48 probationem

1107 1732 132 51 dico,
1195 1732 117 51 quod
1269 1732 103 51 non
1327 1732 191 51 quaelibet
1474 1732 117 51 pars
1547 1732 161 51 lapidis
1665 1732 176 51 assumpti
1797 1732 132 51 esset
1870 1732 88 51 Deus

1104 1774 110 45 nam
1167 1774 157 45 partes
1277 1774 220 45 assumuntur
1449 1774 141 45 solum
1544 1774 282 45 potentialiter,
1779 1774 78 45 &
1810 1774 94 45 in
1842 1774 125 45 ordine

1116 1812 92 49 id
1162 1812 153 49 totum:
1268 1812 76 49 &
1299 1812 122 49 ideo
1375 1812 137 49 totus
1467 1812 137 49 lapis
1558 1812 198 49 diceretur
1711 1812 137 49 Deus:
1802 1812 122 49 quia
1863 1812 107 49 totus

1110 1853 142 43 lapis
1205 1853 111 43 per
1268 1853 95 43 se
1316 1853 253 43 assumeretur,
1521 1853 158 43 partes
1632 1853 142 43 autem
1727 1853 111 43 non
1774 1853 190 43 dicerentur

1111 1892 132 46 Deus:
1200 1892 132 46 sicut
1288 1892 103 46 nec
1347 1892 147 46 partes
1449 1892 206 46 rationalis
1611 1892 206 46 creaturae:
1773 1892 118 46 quia
1832 1892 132 46 tantum-

1107 1930 131 49 modo
1188 1930 261 49 assumerentur
1401 1930 98 49 ex
1450 1930 261 49 consequenti,
1662 1930 82 49 &
1694 1930 98 49 in
1743 1930 163 49 ordine
1858 1930 98 49 ad
1890 1930 82 49 to-

1101 1972 141 47 tum:
1190 1972 141 47 Dato
1278 1972 176 47 tamen,
1401 1972 141 47 quod
1489 1972 229 47 idiomatum
1665 1972 282 47 communicatio
1877 1972 88 47 ex-

1101 2010 154 42 tendat
1208 2010 92 42 se
1255 2010 92 42 ad
1301 2010 169 42 partes,
1424 2010 108 42 hoc
1486 2010 108 42 non
1547 2010 231 42 contingeret
1732 2010 169 42 propter
1840 2010 123 42 perfe-

1108 2048 187 53 ctiorem
1244 2048 204 53 vnionem:
1397 2048 119 53 sed
1465 2048 187 53 propter
1600 2048 289 53 homogenitatem
1821 2048 136 53 totius

1113 2084 183 50 assumpti
1250 2084 107 50 cum
1311 2084 183 50 qualibet
1448 2084 107 50 sua
1494 2084 107 50 parte

1142 2135 103 44 Ad
1193 2135 188 44 quintum
1330 2135 222 44 dicendum,
1501 2135 137 44 quod
1587 2135 188 44 quamuis
1724 2135 222 44 dignitati
1877 2135 86 44 sa-

1119 2162 156 48 ientis
1229 2162 203 48 repugnet,
1384 2162 125 48 quod
1462 2162 171 48 dicatur
1587 2162 156 48 asinus
1696 2162 109 48 per
1758 2162 171 48 naturam
1867 2162 94 48 pro-

1118 2207 155 43 priam,
1227 2207 109 43 vel
1289 2207 187 43 secundum
1429 2207 140 43 mores
1523 2207 202 43 stolidos,
1678 2207 78 43 &
1709 2207 202 43 asininos:
1849 2207 109 43 tamer

1104 2243 109 46 hoc
1167 2243 109 46 non
1229 2243 187 46 repugnat
1369 2243 125 46 sibi
1447 2243 109 46 per
1510 2243 172 46 naturam
1635 2243 172 46 alienam
1759 2243 94 46 ab
1790 2243 172 46 extrinse-

1109 2290 101 39 co
1160 2290 236 39 assumptam.
1345 2290 135 39 Vnde
1429 2290 152 39 sicut
1530 2290 118 39 non
1598 2290 202 39 repugnat
1749 2290 118 39 Deo
1800 2290 168 39 secundum

1103 2332 166 46 naturam
1224 2332 226 46 extrinsecam
1404 2332 136 46 pati,
1495 2332 136 46 mori,
1585 2332 75 46 &
1616 2332 196 46 sepeliri,
1766 2332 106 46 sic
1812 2332 75 46 &c.

1129 2360 193 54 SECVNDO
1270 2360 158 54 dico,
1375 2360 141 54 quod
1463 2360 193 54 quamuis
1604 2360 141 54 Deus
1692 2360 211 54 potuerit
1832 2360 123 54 assu-

1116 2395 130 54 mere
1197 2395 211 54 creaturam
1359 2395 275 54 irrationalem:
1585 2395 146 54 tamen
1683 2395 259 54 congruentius
1877 2395 97 54 fuit

1112 2442 147 52 ipsum
1210 2442 196 52 assumere
1357 2442 213 52 creaturam
1521 2442 246 52 rationalem.
1717 2442 131 52 Quia
1783 2442 180 52 praedicta

1103 2481 193 54 assumptio
1252 2481 134 54 fieri
1341 2481 164 54 debuit,
1460 2481 89 54 vt
1505 2481 223 54 satisfactio
1683 2481 193 54 haberetur
1832 2481 104 54 pro
1877 2481 89 54 pec-

1111 2518 135 56 catis
1201 2518 180 56 nostris:
1336 2518 105 56 sed
1395 2518 165 56 ceterae
1515 2518 195 56 creaturae
1665 2518 90 56 ab
1710 2518 150 56 homine
1814 2518 105 56 non
1859 2518 105 56 pote-

1110 2569 122 38 rant
1186 2569 244 38 satisfacere,
1384 2569 107 38 nec
1445 2569 213 38 tenebantur
1613 2569 76 38 :
1643 2569 122 38 Deus
1719 2569 168 38 potuit,
1841 2569 107 38 sed
1887 2569 76 38 non

1112 2606 205 37 tenebatur
1270 2606 79 37 :
1301 2606 126 37 homo
1380 2606 221 37 tenebatur,
1553 2606 110 37 sed
1616 2606 110 37 non
1679 2606 173 37 potuit:
1805 2606 126 37 ideo
1868 2606 95 37 con-

1107 2641 195 48 gruissima
1257 2641 120 48 fuit
1332 2641 105 48 quo
1392 2641 90 48 ad
1437 2641 105 48 hoc
1497 2641 120 48 vnio
1571 2641 120 48 Dei,
1646 2641 75 48 &
1676 2641 165 48 hominis
1796 2641 90 48 in
1841 2641 105 48 vna
1886 2641 75 48 pro

1108 2676 148 48 sona:
1206 2676 98 48 vt
1255 2676 131 48 idem
1337 2676 164 48 saltem
1452 2676 263 48 personaliter
1666 2676 197 48 secundum
1813 2676 131 48 vnam
1879 2676 82 48 sui

1118 2720 181 42 naturam
1249 2720 181 42 posset,
1380 2720 82 42 &
1413 2720 197 42 secundum
1561 2720 148 42 aliam
1660 2720 214 42 teneretur
1808 2720 164 42 exoluere

1103 2755 210 50 debitum
1237 2755 229 50 memoratum.

1149 2787 168 47 FORTE
1261 2787 224 47 DICETVh,
1430 2787 149 47 quod
1523 2787 112 47 ad
1579 2787 318 47 intercedendum
1841 2787 131 47 pro
1897 2787 93 47 re-

1122 2833 182 48 axatione
1258 2833 182 48 alicuius
1395 2833 197 48 ostensae,
1547 2833 137 48 minus
1638 2833 167 48 videtur
1760 2833 167 48 idoneus
1866 2833 91 48 ille

1110 2873 102 44 qui
1169 2873 102 44 est
1227 2873 87 44 de
1270 2873 145 44 stirpe
1372 2873 73 44 &
1401 2873 145 44 radice
1502 2873 232 44 offendentis,
1691 2873 116 44 quam
1764 2873 174 44 alienus:
1894 2873 102 44 sed

1109 2913 195 42 Christus
1255 2913 130 42 suit
1336 2913 195 42 secundum
1483 2913 244 42 humanitatem
1678 2913 211 42 assumptam
1840 2913 98 42 de
1873 2913 98 42 tri-

1109 2954 95 53 bu
1157 2954 159 53 Dauid,
1268 2954 79 53 &
1300 2954 111 53 per
1363 2954 222 53 consequens
1538 2954 95 53 de
1586 2954 159 53 radice
1697 2954 143 53 Adam,
1792 2954 111 53 qui
1840 2954 127 53 primi-

1111 2988 108 53 tus
1172 2988 200 53 offendit:
1326 2988 123 53 ergo
1388 2988 77 53 &c.

1145 3028 225 47 RESPONDEO,
1322 3028 129 47 quod
1403 3028 97 47 si
1451 3028 242 47 supplicatio
1644 3028 113 47 est
1708 3028 113 47 cum
1757 3028 209 47 satisfactio

1107 3064 84 65 ne
1149 3064 168 65 poenosa,
1275 3064 112 65 tunc
1345 3064 126 65 ille,
1429 3064 98 65 qui
1485 3064 98 65 est
1541 3064 84 65 de
1584 3064 140 65 stirpe
1682 3064 154 65 illius,
1794 3064 98 65 qui
1836 3064 140 65 offendit
