<?xml version="1.0" encoding="UTF-8"?>
<alto xmlns:xsi="http://www.w3.org/2001/XMLSchema-instance"
      xmlns="http://www.loc.gov/standards/alto/ns-v2#"
      xmlns:page="http://schema.primaresearch.org/PAGE/gts/pagecontent/2013-07-15"
      xsi:schemaLocation="http://www.loc.gov/standards/alto/ns-v2# http://www.loc.gov/standards/alto/alto.xsd">
   <Description>
      <MeasurementUnit>pixel</MeasurementUnit>
      <OCRProcessing ID="IdOcr">
         <ocrProcessingStep>
            <processingDateTime>2020-10-28T20:24:29.634-04:00</processingDateTime>
            <processingSoftware>
               <softwareCreator>READ COOP</softwareCreator>
               <softwareName>Transkribus</softwareName>
            </processingSoftware>
         </ocrProcessingStep>
      </OCRProcessing>
   </Description>
   <Tags/>
   <Layout>
      <Page ID="Page1" PHYSICAL_IMG_NR="1" HEIGHT="3535" WIDTH="2410">
         <TopMargin HEIGHT="0" WIDTH="2410" VPOS="0" HPOS="0"/>
         <LeftMargin HEIGHT="3535" WIDTH="0" VPOS="0" HPOS="0"/>
         <RightMargin HEIGHT="3535" WIDTH="0" VPOS="0" HPOS="2410"/>
         <BottomMargin HEIGHT="0" WIDTH="2410" VPOS="3535" HPOS="0"/>
         <PrintSpace HEIGHT="3535" WIDTH="2410" VPOS="0" HPOS="0">
            <TextBlock ID="TextRegion_1603045917270_5683"
                       HEIGHT="2964"
                       WIDTH="882"
                       VPOS="222"
                       HPOS="426">
               <Shape>
                  <Polygon POINTS="426,222 1308,222 1308,3186 426,3186"/>
               </Shape>
               <TextLine ID="line_1603045917457_5688"
                         BASELINE="315"
                         HEIGHT="53"
                         WIDTH="893"
                         VPOS="262"
                         HPOS="421">
                  <String HEIGHT="53"
                          WIDTH="188"
                          VPOS="262"
                          HPOS="405"
                          CONTENT="luntate,"/>
                  <SP HEIGHT="53" WIDTH="16" VPOS="262" HPOS="593"/>
                  <String HEIGHT="53"
                          WIDTH="188"
                          VPOS="262"
                          HPOS="546"
                          CONTENT="loquendo"/>
                  <SP HEIGHT="53" WIDTH="16" VPOS="262" HPOS="734"/>
                  <String HEIGHT="53" WIDTH="94" VPOS="262" HPOS="687" CONTENT="de"/>
                  <SP HEIGHT="53" WIDTH="16" VPOS="262" HPOS="781"/>
                  <String HEIGHT="53"
                          WIDTH="141"
                          VPOS="262"
                          HPOS="734"
                          CONTENT="culpa"/>
                  <SP HEIGHT="53" WIDTH="16" VPOS="262" HPOS="875"/>
                  <String HEIGHT="53"
                          WIDTH="188"
                          VPOS="262"
                          HPOS="828"
                          CONTENT="actuali,"/>
                  <SP HEIGHT="53" WIDTH="16" VPOS="262" HPOS="1016"/>
                  <String HEIGHT="53"
                          WIDTH="141"
                          VPOS="262"
                          HPOS="969"
                          CONTENT="secus"/>
                  <SP HEIGHT="53" WIDTH="16" VPOS="262" HPOS="1110"/>
                  <String HEIGHT="53"
                          WIDTH="125"
                          VPOS="262"
                          HPOS="1063"
                          CONTENT="enim"/>
                  <SP HEIGHT="53" WIDTH="16" VPOS="262" HPOS="1189"/>
                  <String HEIGHT="53"
                          WIDTH="110"
                          VPOS="262"
                          HPOS="1142"
                          CONTENT="est"/>
                  <SP HEIGHT="53" WIDTH="16" VPOS="262" HPOS="1251"/>
                  <String HEIGHT="53" WIDTH="94" VPOS="262" HPOS="1204" CONTENT="de"/>
                  <SP HEIGHT="53" WIDTH="16" VPOS="262" HPOS="1298"/>
                  <String HEIGHT="53" WIDTH="78" VPOS="262" HPOS="1236" CONTENT="cul"/>
               </TextLine>
               <TextLine ID="r2l4"
                         BASELINE="365"
                         HEIGHT="53"
                         WIDTH="870"
                         VPOS="312"
                         HPOS="429">
                  <String HEIGHT="53" WIDTH="90" VPOS="312" HPOS="414" CONTENT="pa"/>
                  <SP HEIGHT="53" WIDTH="15" VPOS="312" HPOS="504"/>
                  <String HEIGHT="53"
                          WIDTH="210"
                          VPOS="312"
                          HPOS="459"
                          CONTENT="originali,"/>
                  <SP HEIGHT="53" WIDTH="15" VPOS="312" HPOS="669"/>
                  <String HEIGHT="53"
                          WIDTH="120"
                          VPOS="312"
                          HPOS="624"
                          CONTENT="quae"/>
                  <SP HEIGHT="53" WIDTH="15" VPOS="312" HPOS="744"/>
                  <String HEIGHT="53"
                          WIDTH="150"
                          VPOS="312"
                          HPOS="699"
                          CONTENT="homini"/>
                  <SP HEIGHT="53" WIDTH="15" VPOS="312" HPOS="849"/>
                  <String HEIGHT="53"
                          WIDTH="165"
                          VPOS="312"
                          HPOS="804"
                          CONTENT="aduenit"/>
                  <SP HEIGHT="53" WIDTH="15" VPOS="312" HPOS="969"/>
                  <String HEIGHT="53"
                          WIDTH="120"
                          VPOS="312"
                          HPOS="924"
                          CONTENT="sine"/>
                  <SP HEIGHT="53" WIDTH="15" VPOS="312" HPOS="1044"/>
                  <String HEIGHT="53"
                          WIDTH="165"
                          VPOS="312"
                          HPOS="999"
                          CONTENT="proprio"/>
                  <SP HEIGHT="53" WIDTH="15" VPOS="312" HPOS="1164"/>
                  <String HEIGHT="53"
                          WIDTH="135"
                          VPOS="312"
                          HPOS="1119"
                          CONTENT="actu;"/>
                  <SP HEIGHT="53" WIDTH="15" VPOS="312" HPOS="1254"/>
                  <String HEIGHT="53"
                          WIDTH="120"
                          VPOS="312"
                          HPOS="1209"
                          CONTENT="illa"/>
                  <SP HEIGHT="53" WIDTH="15" VPOS="312" HPOS="1329"/>
                  <String HEIGHT="53" WIDTH="30" VPOS="312" HPOS="1269" CONTENT=""/>
               </TextLine>
               <TextLine ID="r2l6"
                         BASELINE="402"
                         HEIGHT="50"
                         WIDTH="848"
                         VPOS="352"
                         HPOS="439">
                  <String HEIGHT="50"
                          WIDTH="126"
                          VPOS="352"
                          HPOS="423"
                          CONTENT="enim"/>
                  <SP HEIGHT="50" WIDTH="16" VPOS="352" HPOS="549"/>
                  <String HEIGHT="50"
                          WIDTH="141"
                          VPOS="352"
                          HPOS="502"
                          CONTENT="primo"/>
                  <SP HEIGHT="50" WIDTH="16" VPOS="352" HPOS="643"/>
                  <String HEIGHT="50"
                          WIDTH="173"
                          VPOS="352"
                          HPOS="596"
                          CONTENT="inficit"/>
                  <SP HEIGHT="50" WIDTH="16" VPOS="352" HPOS="769"/>
                  <String HEIGHT="50"
                          WIDTH="204"
                          VPOS="352"
                          HPOS="722"
                          CONTENT="essentiam"/>
                  <SP HEIGHT="50" WIDTH="16" VPOS="352" HPOS="926"/>
                  <String HEIGHT="50"
                          WIDTH="173"
                          VPOS="352"
                          HPOS="879"
                          CONTENT="animae,"/>
                  <SP HEIGHT="50" WIDTH="16" VPOS="352" HPOS="1051"/>
                  <String HEIGHT="50" WIDTH="79" VPOS="352" HPOS="1004" CONTENT="&amp;"/>
                  <SP HEIGHT="50" WIDTH="16" VPOS="352" HPOS="1083"/>
                  <String HEIGHT="50"
                          WIDTH="188"
                          VPOS="352"
                          HPOS="1036"
                          CONTENT="mediante"/>
                  <SP HEIGHT="50" WIDTH="16" VPOS="352" HPOS="1224"/>
                  <String HEIGHT="50"
                          WIDTH="126"
                          VPOS="352"
                          HPOS="1161"
                          CONTENT="essen"
                          SUBS_TYPE="HypPart1"
                          SUBS_CONTENT="essentia"/>
                  <HYP CONTENT="-"/>
               </TextLine>
               <TextLine ID="r2l8"
                         BASELINE="443"
                         HEIGHT="44"
                         WIDTH="832"
                         VPOS="399"
                         HPOS="441">
                  <String HEIGHT="44"
                          WIDTH="116"
                          VPOS="399"
                          HPOS="424"
                          CONTENT="tia"
                          SUBS_TYPE="HypPart2"
                          SUBS_CONTENT="essentia"/>
                  <SP HEIGHT="44" WIDTH="17" VPOS="399" HPOS="541"/>
                  <String HEIGHT="44"
                          WIDTH="183"
                          VPOS="399"
                          HPOS="491"
                          CONTENT="inficit"/>
                  <SP HEIGHT="44" WIDTH="17" VPOS="399" HPOS="674"/>
                  <String HEIGHT="44"
                          WIDTH="233"
                          VPOS="399"
                          HPOS="624"
                          CONTENT="potentias,"/>
                  <SP HEIGHT="44" WIDTH="17" VPOS="399" HPOS="857"/>
                  <String HEIGHT="44"
                          WIDTH="150"
                          VPOS="399"
                          HPOS="807"
                          CONTENT="sicut"/>
                  <SP HEIGHT="44" WIDTH="17" VPOS="399" HPOS="957"/>
                  <String HEIGHT="44"
                          WIDTH="133"
                          VPOS="399"
                          HPOS="907"
                          CONTENT="dixi"/>
                  <SP HEIGHT="44" WIDTH="17" VPOS="399" HPOS="1040"/>
                  <String HEIGHT="44"
                          WIDTH="133"
                          VPOS="399"
                          HPOS="990"
                          CONTENT="lib."/>
                  <SP HEIGHT="44" WIDTH="17" VPOS="399" HPOS="1123"/>
                  <String HEIGHT="44" WIDTH="100" VPOS="399" HPOS="1073" CONTENT="2."/>
                  <SP HEIGHT="44" WIDTH="17" VPOS="399" HPOS="1173"/>
                  <String HEIGHT="44"
                          WIDTH="150"
                          VPOS="399"
                          HPOS="1123"
                          CONTENT="dist."/>
                  <SP HEIGHT="44" WIDTH="17" VPOS="399" HPOS="1273"/>
                  <String HEIGHT="44" WIDTH="67" VPOS="399" HPOS="1206" CONTENT="5."/>
               </TextLine>
               <TextLine ID="r2l9"
                         BASELINE="483"
                         HEIGHT="46"
                         WIDTH="816"
                         VPOS="437"
                         HPOS="471">
                  <String HEIGHT="46" WIDTH="96" VPOS="437" HPOS="455" CONTENT="Ad"/>
                  <SP HEIGHT="46" WIDTH="16" VPOS="437" HPOS="551"/>
                  <String HEIGHT="46"
                          WIDTH="176"
                          VPOS="437"
                          HPOS="503"
                          CONTENT="tertium"/>
                  <SP HEIGHT="46" WIDTH="16" VPOS="437" HPOS="679"/>
                  <String HEIGHT="46"
                          WIDTH="208"
                          VPOS="437"
                          HPOS="631"
                          CONTENT="dicendum,"/>
                  <SP HEIGHT="46" WIDTH="16" VPOS="437" HPOS="839"/>
                  <String HEIGHT="46"
                          WIDTH="128"
                          VPOS="437"
                          HPOS="791"
                          CONTENT="quod"/>
                  <SP HEIGHT="46" WIDTH="16" VPOS="437" HPOS="919"/>
                  <String HEIGHT="46"
                          WIDTH="144"
                          VPOS="437"
                          HPOS="871"
                          CONTENT="sicut"/>
                  <SP HEIGHT="46" WIDTH="16" VPOS="437" HPOS="1015"/>
                  <String HEIGHT="46" WIDTH="96" VPOS="437" HPOS="967" CONTENT="in"/>
                  <SP HEIGHT="46" WIDTH="16" VPOS="437" HPOS="1063"/>
                  <String HEIGHT="46"
                          WIDTH="192"
                          VPOS="437"
                          HPOS="1015"
                          CONTENT="naturali"/>
                  <SP HEIGHT="46" WIDTH="16" VPOS="437" HPOS="1207"/>
                  <String HEIGHT="46"
                          WIDTH="144"
                          VPOS="437"
                          HPOS="1143"
                          CONTENT="genera"
                          SUBS_TYPE="HypPart1"
                          SUBS_CONTENT="generatione"/>
                  <HYP CONTENT="-"/>
               </TextLine>
               <TextLine ID="r2l11"
                         BASELINE="516"
                         HEIGHT="49"
                         WIDTH="840"
                         VPOS="467"
                         HPOS="434">
                  <String HEIGHT="49"
                          WIDTH="154"
                          VPOS="467"
                          HPOS="417"
                          CONTENT="tione"
                          SUBS_TYPE="HypPart2"
                          SUBS_CONTENT="generatione"/>
                  <SP HEIGHT="49" WIDTH="17" VPOS="467" HPOS="571"/>
                  <String HEIGHT="49"
                          WIDTH="223"
                          VPOS="467"
                          HPOS="520"
                          CONTENT="disposito"/>
                  <SP HEIGHT="49" WIDTH="17" VPOS="467" HPOS="743"/>
                  <String HEIGHT="49" WIDTH="103" VPOS="467" HPOS="691" CONTENT="ad"/>
                  <SP HEIGHT="49" WIDTH="17" VPOS="467" HPOS="794"/>
                  <String HEIGHT="49"
                          WIDTH="171"
                          VPOS="467"
                          HPOS="743"
                          CONTENT="formam"/>
                  <SP HEIGHT="49" WIDTH="17" VPOS="467" HPOS="914"/>
                  <String HEIGHT="49"
                          WIDTH="291"
                          VPOS="467"
                          HPOS="863"
                          CONTENT="substantialem"/>
                  <SP HEIGHT="49" WIDTH="17" VPOS="467" HPOS="1154"/>
                  <String HEIGHT="49"
                          WIDTH="189"
                          VPOS="467"
                          HPOS="1085"
                          CONTENT="immediati"/>
               </TextLine>
               <TextLine ID="r2l14"
                         BASELINE="559"
                         HEIGHT="48"
                         WIDTH="847"
                         VPOS="511"
                         HPOS="432">
                  <String HEIGHT="48"
                          WIDTH="185"
                          VPOS="511"
                          HPOS="417"
                          CONTENT="fundatur"/>
                  <SP HEIGHT="48" WIDTH="15" VPOS="511" HPOS="601"/>
                  <String HEIGHT="48" WIDTH="92" VPOS="511" HPOS="555" CONTENT="in"/>
                  <SP HEIGHT="48" WIDTH="15" VPOS="511" HPOS="648"/>
                  <String HEIGHT="48"
                          WIDTH="123"
                          VPOS="511"
                          HPOS="601"
                          CONTENT="ipso"/>
                  <SP HEIGHT="48" WIDTH="15" VPOS="511" HPOS="725"/>
                  <String HEIGHT="48"
                          WIDTH="216"
                          VPOS="511"
                          HPOS="678"
                          CONTENT="composito:"/>
                  <SP HEIGHT="48" WIDTH="15" VPOS="511" HPOS="894"/>
                  <String HEIGHT="48"
                          WIDTH="123"
                          VPOS="511"
                          HPOS="848"
                          CONTENT="quia"/>
                  <SP HEIGHT="48" WIDTH="15" VPOS="511" HPOS="971"/>
                  <String HEIGHT="48"
                          WIDTH="139"
                          VPOS="511"
                          HPOS="925"
                          CONTENT="forma"/>
                  <SP HEIGHT="48" WIDTH="15" VPOS="511" HPOS="1063"/>
                  <String HEIGHT="48"
                          WIDTH="246"
                          VPOS="511"
                          HPOS="1017"
                          CONTENT="accidentalis"/>
                  <SP HEIGHT="48" WIDTH="15" VPOS="511" HPOS="1264"/>
                  <String HEIGHT="48" WIDTH="77" VPOS="511" HPOS="1202" CONTENT="ess"/>
               </TextLine>
               <TextLine ID="r2l15"
                         BASELINE="602"
                         HEIGHT="46"
                         WIDTH="844"
                         VPOS="556"
                         HPOS="431">
                  <String HEIGHT="46"
                          WIDTH="239"
                          VPOS="556"
                          HPOS="415"
                          CONTENT="compositoni"/>
                  <SP HEIGHT="46" WIDTH="16" VPOS="556" HPOS="654"/>
                  <String HEIGHT="46"
                          WIDTH="239"
                          VPOS="556"
                          HPOS="606"
                          CONTENT="contingens:"/>
                  <SP HEIGHT="46" WIDTH="16" VPOS="556" HPOS="845"/>
                  <String HEIGHT="46" WIDTH="96" VPOS="556" HPOS="797" CONTENT="vt"/>
                  <SP HEIGHT="46" WIDTH="16" VPOS="556" HPOS="893"/>
                  <String HEIGHT="46" WIDTH="111" VPOS="556" HPOS="845" CONTENT="ait"/>
                  <SP HEIGHT="46" WIDTH="16" VPOS="556" HPOS="957"/>
                  <String HEIGHT="46"
                          WIDTH="159"
                          VPOS="556"
                          HPOS="909"
                          CONTENT="Auctor"/>
                  <SP HEIGHT="46" WIDTH="16" VPOS="556" HPOS="1068"/>
                  <String HEIGHT="46" WIDTH="96" VPOS="556" HPOS="1020" CONTENT="8."/>
                  <SP HEIGHT="46" WIDTH="16" VPOS="556" HPOS="1116"/>
                  <String HEIGHT="46"
                          WIDTH="223"
                          VPOS="556"
                          HPOS="1052"
                          CONTENT="principiorum"/>
               </TextLine>
               <TextLine ID="r2l17"
                         BASELINE="639"
                         HEIGHT="49"
                         WIDTH="838"
                         VPOS="590"
                         HPOS="434">
                  <String HEIGHT="49"
                          WIDTH="148"
                          VPOS="590"
                          HPOS="418"
                          CONTENT="forma"/>
                  <SP HEIGHT="49" WIDTH="16" VPOS="590" HPOS="565"/>
                  <String HEIGHT="49"
                          WIDTH="148"
                          VPOS="590"
                          HPOS="516"
                          CONTENT="autem"/>
                  <SP HEIGHT="49" WIDTH="16" VPOS="590" HPOS="664"/>
                  <String HEIGHT="49"
                          WIDTH="214"
                          VPOS="590"
                          HPOS="615"
                          CONTENT="disponens"/>
                  <SP HEIGHT="49" WIDTH="16" VPOS="590" HPOS="828"/>
                  <String HEIGHT="49" WIDTH="115" VPOS="590" HPOS="779" CONTENT="est"/>
                  <SP HEIGHT="49" WIDTH="16" VPOS="590" HPOS="894"/>
                  <String HEIGHT="49"
                          WIDTH="214"
                          VPOS="590"
                          HPOS="845"
                          CONTENT="accidens:"/>
                  <SP HEIGHT="49" WIDTH="16" VPOS="590" HPOS="1058"/>
                  <String HEIGHT="49"
                          WIDTH="131"
                          VPOS="590"
                          HPOS="1009"
                          CONTENT="ipsa"/>
                  <SP HEIGHT="49" WIDTH="16" VPOS="590" HPOS="1141"/>
                  <String HEIGHT="49"
                          WIDTH="148"
                          VPOS="590"
                          HPOS="1091"
                          CONTENT="tamen"/>
                  <SP HEIGHT="49" WIDTH="16" VPOS="590" HPOS="1239"/>
                  <String HEIGHT="49"
                          WIDTH="99"
                          VPOS="590"
                          HPOS="1173"
                          CONTENT="for"
                          SUBS_TYPE="HypPart1"
                          SUBS_CONTENT="forma"/>
                  <HYP CONTENT="-"/>
               </TextLine>
               <TextLine ID="r2l20"
                         BASELINE="681"
                         HEIGHT="53"
                         WIDTH="842"
                         VPOS="628"
                         HPOS="432">
                  <String HEIGHT="53"
                          WIDTH="90"
                          VPOS="628"
                          HPOS="417"
                          CONTENT="ma"
                          SUBS_TYPE="HypPart2"
                          SUBS_CONTENT="forma"/>
                  <SP HEIGHT="53" WIDTH="15" VPOS="628" HPOS="507"/>
                  <String HEIGHT="53"
                          WIDTH="256"
                          VPOS="628"
                          HPOS="462"
                          CONTENT="substantialis"/>
                  <SP HEIGHT="53" WIDTH="15" VPOS="628" HPOS="718"/>
                  <String HEIGHT="53"
                          WIDTH="195"
                          VPOS="628"
                          HPOS="673"
                          CONTENT="recipitur"/>
                  <SP HEIGHT="53" WIDTH="15" VPOS="628" HPOS="868"/>
                  <String HEIGHT="53"
                          WIDTH="195"
                          VPOS="628"
                          HPOS="823"
                          CONTENT="immediate"/>
                  <SP HEIGHT="53" WIDTH="15" VPOS="628" HPOS="1018"/>
                  <String HEIGHT="53" WIDTH="90" VPOS="628" HPOS="973" CONTENT="in"/>
                  <SP HEIGHT="53" WIDTH="15" VPOS="628" HPOS="1064"/>
                  <String HEIGHT="53"
                          WIDTH="180"
                          VPOS="628"
                          HPOS="1018"
                          CONTENT="essentia"/>
                  <SP HEIGHT="53" WIDTH="15" VPOS="628" HPOS="1199"/>
                  <String HEIGHT="53"
                          WIDTH="135"
                          VPOS="628"
                          HPOS="1139"
                          CONTENT="materia"/>
               </TextLine>
               <TextLine ID="r2l21"
                         BASELINE="718"
                         HEIGHT="44"
                         WIDTH="847"
                         VPOS="674"
                         HPOS="434">
                  <String HEIGHT="44" WIDTH="112" VPOS="674" HPOS="418" CONTENT="eo,"/>
                  <SP HEIGHT="44" WIDTH="16" VPOS="674" HPOS="530"/>
                  <String HEIGHT="44"
                          WIDTH="128"
                          VPOS="674"
                          HPOS="482"
                          CONTENT="quod"/>
                  <SP HEIGHT="44" WIDTH="16" VPOS="674" HPOS="610"/>
                  <String HEIGHT="44"
                          WIDTH="128"
                          VPOS="674"
                          HPOS="562"
                          CONTENT="hyle"/>
                  <SP HEIGHT="44" WIDTH="16" VPOS="674" HPOS="690"/>
                  <String HEIGHT="44" WIDTH="112" VPOS="674" HPOS="642" CONTENT="sit"/>
                  <SP HEIGHT="44" WIDTH="16" VPOS="674" HPOS="754"/>
                  <String HEIGHT="44"
                          WIDTH="192"
                          VPOS="674"
                          HPOS="706"
                          CONTENT="proprium"/>
                  <SP HEIGHT="44" WIDTH="16" VPOS="674" HPOS="897"/>
                  <String HEIGHT="44"
                          WIDTH="208"
                          VPOS="674"
                          HPOS="850"
                          CONTENT="subiectum"/>
                  <SP HEIGHT="44" WIDTH="16" VPOS="674" HPOS="1057"/>
                  <String HEIGHT="44"
                          WIDTH="272"
                          VPOS="674"
                          HPOS="1009"
                          CONTENT="generationis:"/>
                  <SP HEIGHT="44" WIDTH="16" VPOS="674" HPOS="1281"/>
                  <String HEIGHT="44" WIDTH="64" VPOS="674" HPOS="1217" CONTENT="vt"/>
               </TextLine>
               <TextLine ID="r2l24"
                         BASELINE="752"
                         HEIGHT="44"
                         WIDTH="832"
                         VPOS="708"
                         HPOS="444">
                  <String HEIGHT="44"
                          WIDTH="134"
                          VPOS="708"
                          HPOS="429"
                          CONTENT="dicit"/>
                  <SP HEIGHT="44" WIDTH="15" VPOS="708" HPOS="563"/>
                  <String HEIGHT="44"
                          WIDTH="163"
                          VPOS="708"
                          HPOS="518"
                          CONTENT="Aristo."/>
                  <SP HEIGHT="44" WIDTH="15" VPOS="708" HPOS="682"/>
                  <String HEIGHT="44" WIDTH="89" VPOS="708" HPOS="637" CONTENT="1."/>
                  <SP HEIGHT="44" WIDTH="15" VPOS="708" HPOS="726"/>
                  <String HEIGHT="44" WIDTH="89" VPOS="708" HPOS="682" CONTENT="de"/>
                  <SP HEIGHT="44" WIDTH="15" VPOS="708" HPOS="771"/>
                  <String HEIGHT="44"
                          WIDTH="238"
                          VPOS="708"
                          HPOS="726"
                          CONTENT="generatione:"/>
                  <SP HEIGHT="44" WIDTH="15" VPOS="708" HPOS="964"/>
                  <String HEIGHT="44" WIDTH="104" VPOS="708" HPOS="919" CONTENT="Sic"/>
                  <SP HEIGHT="44" WIDTH="15" VPOS="708" HPOS="1023"/>
                  <String HEIGHT="44"
                          WIDTH="163"
                          VPOS="708"
                          HPOS="979"
                          CONTENT="quamuis"/>
                  <SP HEIGHT="44" WIDTH="15" VPOS="708" HPOS="1142"/>
                  <String HEIGHT="44"
                          WIDTH="149"
                          VPOS="708"
                          HPOS="1098"
                          CONTENT="quidam"/>
                  <SP HEIGHT="44" WIDTH="15" VPOS="708" HPOS="1246"/>
                  <String HEIGHT="44"
                          WIDTH="89"
                          VPOS="708"
                          HPOS="1187"
                          CONTENT="impo"/>
               </TextLine>
               <TextLine ID="r2l27"
                         BASELINE="793"
                         HEIGHT="42"
                         WIDTH="848"
                         VPOS="751"
                         HPOS="432">
                  <String HEIGHT="42" WIDTH="104" VPOS="751" HPOS="417" CONTENT="tus"/>
                  <SP HEIGHT="42" WIDTH="15" VPOS="751" HPOS="521"/>
                  <String HEIGHT="42" WIDTH="74" VPOS="751" HPOS="477" CONTENT="a"/>
                  <SP HEIGHT="42" WIDTH="15" VPOS="751" HPOS="551"/>
                  <String HEIGHT="42" WIDTH="104" VPOS="751" HPOS="506" CONTENT="Deo"/>
                  <SP HEIGHT="42" WIDTH="15" VPOS="751" HPOS="611"/>
                  <String HEIGHT="42"
                          WIDTH="149"
                          VPOS="751"
                          HPOS="566"
                          CONTENT="facti,"/>
                  <SP HEIGHT="42" WIDTH="15" VPOS="751" HPOS="715"/>
                  <String HEIGHT="42" WIDTH="104" VPOS="751" HPOS="670" CONTENT="qui"/>
                  <SP HEIGHT="42" WIDTH="15" VPOS="751" HPOS="774"/>
                  <String HEIGHT="42"
                          WIDTH="119"
                          VPOS="751"
                          HPOS="730"
                          CONTENT="sunt"/>
                  <SP HEIGHT="42" WIDTH="15" VPOS="751" HPOS="849"/>
                  <String HEIGHT="42"
                          WIDTH="149"
                          VPOS="751"
                          HPOS="804"
                          CONTENT="gratia"/>
                  <SP HEIGHT="42" WIDTH="15" VPOS="751" HPOS="953"/>
                  <String HEIGHT="42"
                          WIDTH="149"
                          VPOS="751"
                          HPOS="908"
                          CONTENT="gratis"/>
                  <SP HEIGHT="42" WIDTH="15" VPOS="751" HPOS="1057"/>
                  <String HEIGHT="42"
                          WIDTH="134"
                          VPOS="751"
                          HPOS="1012"
                          CONTENT="data,"/>
                  <SP HEIGHT="42" WIDTH="15" VPOS="751" HPOS="1146"/>
                  <String HEIGHT="42"
                          WIDTH="193"
                          VPOS="751"
                          HPOS="1087"
                          CONTENT="disponentes"/>
               </TextLine>
               <TextLine ID="r2l30"
                         BASELINE="833"
                         HEIGHT="44"
                         WIDTH="827"
                         VPOS="789"
                         HPOS="441">
                  <String HEIGHT="44" WIDTH="95" VPOS="789" HPOS="425" CONTENT="ad"/>
                  <SP HEIGHT="44" WIDTH="16" VPOS="789" HPOS="521"/>
                  <String HEIGHT="44"
                          WIDTH="175"
                          VPOS="789"
                          HPOS="473"
                          CONTENT="gratiam"/>
                  <SP HEIGHT="44" WIDTH="16" VPOS="789" HPOS="648"/>
                  <String HEIGHT="44"
                          WIDTH="159"
                          VPOS="789"
                          HPOS="600"
                          CONTENT="gratum"/>
                  <SP HEIGHT="44" WIDTH="16" VPOS="789" HPOS="759"/>
                  <String HEIGHT="44"
                          WIDTH="207"
                          VPOS="789"
                          HPOS="711"
                          CONTENT="sacientem"/>
                  <SP HEIGHT="44" WIDTH="16" VPOS="789" HPOS="918"/>
                  <String HEIGHT="44"
                          WIDTH="143"
                          VPOS="789"
                          HPOS="870"
                          CONTENT="fiant"/>
                  <SP HEIGHT="44" WIDTH="16" VPOS="789" HPOS="1014"/>
                  <String HEIGHT="44" WIDTH="80" VPOS="789" HPOS="966" CONTENT="a"/>
                  <SP HEIGHT="44" WIDTH="16" VPOS="789" HPOS="1045"/>
                  <String HEIGHT="44" WIDTH="111" VPOS="789" HPOS="998" CONTENT="Deo"/>
                  <SP HEIGHT="44" WIDTH="16" VPOS="789" HPOS="1109"/>
                  <String HEIGHT="44" WIDTH="95" VPOS="789" HPOS="1061" CONTENT="in"/>
                  <SP HEIGHT="44" WIDTH="16" VPOS="789" HPOS="1157"/>
                  <String HEIGHT="44"
                          WIDTH="159"
                          VPOS="789"
                          HPOS="1109"
                          CONTENT="libero"/>
                  <SP HEIGHT="44" WIDTH="16" VPOS="789" HPOS="1268"/>
                  <String HEIGHT="44" WIDTH="64" VPOS="789" HPOS="1204" CONTENT="ho"/>
               </TextLine>
               <TextLine ID="r2l32"
                         BASELINE="868"
                         HEIGHT="44"
                         WIDTH="840"
                         VPOS="824"
                         HPOS="440">
                  <String HEIGHT="44"
                          WIDTH="148"
                          VPOS="824"
                          HPOS="424"
                          CONTENT="minis"/>
                  <SP HEIGHT="44" WIDTH="16" VPOS="824" HPOS="572"/>
                  <String HEIGHT="44"
                          WIDTH="214"
                          VPOS="824"
                          HPOS="522"
                          CONTENT="arbitrio,"/>
                  <SP HEIGHT="44" WIDTH="16" VPOS="824" HPOS="736"/>
                  <String HEIGHT="44"
                          WIDTH="165"
                          VPOS="824"
                          HPOS="687"
                          CONTENT="quibus"/>
                  <SP HEIGHT="44" WIDTH="16" VPOS="824" HPOS="852"/>
                  <String HEIGHT="44"
                          WIDTH="247"
                          VPOS="824"
                          HPOS="802"
                          CONTENT="mediantibus"/>
                  <SP HEIGHT="44" WIDTH="16" VPOS="824" HPOS="1049"/>
                  <String HEIGHT="44"
                          WIDTH="132"
                          VPOS="824"
                          HPOS="1000"
                          CONTENT="homo"/>
                  <SP HEIGHT="44" WIDTH="16" VPOS="824" HPOS="1132"/>
                  <String HEIGHT="44"
                          WIDTH="214"
                          VPOS="824"
                          HPOS="1066"
                          CONTENT="conuertitur"/>
               </TextLine>
               <TextLine ID="r2l34"
                         BASELINE="911"
                         HEIGHT="48"
                         WIDTH="831"
                         VPOS="863"
                         HPOS="443">
                  <String HEIGHT="48" WIDTH="94" VPOS="863" HPOS="427" CONTENT="ad"/>
                  <SP HEIGHT="48" WIDTH="16" VPOS="863" HPOS="521"/>
                  <String HEIGHT="48"
                          WIDTH="125"
                          VPOS="863"
                          HPOS="474"
                          CONTENT="Deum"/>
                  <SP HEIGHT="48" WIDTH="16" VPOS="863" HPOS="600"/>
                  <String HEIGHT="48" WIDTH="110" VPOS="863" HPOS="553" CONTENT="per"/>
                  <SP HEIGHT="48" WIDTH="16" VPOS="863" HPOS="663"/>
                  <String HEIGHT="48"
                          WIDTH="141"
                          VPOS="863"
                          HPOS="615"
                          CONTENT="ipsum"/>
                  <SP HEIGHT="48" WIDTH="16" VPOS="863" HPOS="757"/>
                  <String HEIGHT="48"
                          WIDTH="172"
                          VPOS="863"
                          HPOS="710"
                          CONTENT="liberum"/>
                  <SP HEIGHT="48" WIDTH="16" VPOS="863" HPOS="882"/>
                  <String HEIGHT="48"
                          WIDTH="220"
                          VPOS="863"
                          HPOS="835"
                          CONTENT="arbitrium:"/>
                  <SP HEIGHT="48" WIDTH="16" VPOS="863" HPOS="1054"/>
                  <String HEIGHT="48"
                          WIDTH="141"
                          VPOS="863"
                          HPOS="1007"
                          CONTENT="tamen"/>
                  <SP HEIGHT="48" WIDTH="16" VPOS="863" HPOS="1149"/>
                  <String HEIGHT="48"
                          WIDTH="172"
                          VPOS="863"
                          HPOS="1102"
                          CONTENT="gratia,"/>
                  <SP HEIGHT="48" WIDTH="16" VPOS="863" HPOS="1274"/>
                  <String HEIGHT="48" WIDTH="63" VPOS="863" HPOS="1211" CONTENT="ac"/>
               </TextLine>
               <TextLine ID="r2l37"
                         BASELINE="959"
                         HEIGHT="56"
                         WIDTH="837"
                         VPOS="903"
                         HPOS="441">
                  <String HEIGHT="56"
                          WIDTH="131"
                          VPOS="903"
                          HPOS="425"
                          CONTENT="quam"/>
                  <SP HEIGHT="56" WIDTH="16" VPOS="903" HPOS="556"/>
                  <String HEIGHT="56"
                          WIDTH="213"
                          VPOS="903"
                          HPOS="507"
                          CONTENT="disponunt"/>
                  <SP HEIGHT="56" WIDTH="16" VPOS="903" HPOS="720"/>
                  <String HEIGHT="56"
                          WIDTH="213"
                          VPOS="903"
                          HPOS="671"
                          CONTENT="huiusmodi"/>
                  <SP HEIGHT="56" WIDTH="16" VPOS="903" HPOS="884"/>
                  <String HEIGHT="56"
                          WIDTH="197"
                          VPOS="903"
                          HPOS="835"
                          CONTENT="impetus,"/>
                  <SP HEIGHT="56" WIDTH="16" VPOS="903" HPOS="1032"/>
                  <String HEIGHT="56"
                          WIDTH="213"
                          VPOS="903"
                          HPOS="983"
                          CONTENT="recipitur"/>
                  <SP HEIGHT="56" WIDTH="16" VPOS="903" HPOS="1196"/>
                  <String HEIGHT="56"
                          WIDTH="148"
                          VPOS="903"
                          HPOS="1130"
                          CONTENT="immedia"/>
               </TextLine>
               <TextLine ID="r2l39"
                         BASELINE="993"
                         HEIGHT="47"
                         WIDTH="411"
                         VPOS="946"
                         HPOS="452">
                  <String HEIGHT="47" WIDTH="88" VPOS="946" HPOS="437" CONTENT="te"/>
                  <SP HEIGHT="47" WIDTH="15" VPOS="946" HPOS="525"/>
                  <String HEIGHT="47" WIDTH="88" VPOS="946" HPOS="481" CONTENT="in"/>
                  <SP HEIGHT="47" WIDTH="15" VPOS="946" HPOS="569"/>
                  <String HEIGHT="47"
                          WIDTH="117"
                          VPOS="946"
                          HPOS="525"
                          CONTENT="ipsa"/>
                  <SP HEIGHT="47" WIDTH="15" VPOS="946" HPOS="643"/>
                  <String HEIGHT="47"
                          WIDTH="176"
                          VPOS="946"
                          HPOS="599"
                          CONTENT="essentia"/>
                  <SP HEIGHT="47" WIDTH="15" VPOS="946" HPOS="775"/>
                  <String HEIGHT="47"
                          WIDTH="161"
                          VPOS="946"
                          HPOS="731"
                          CONTENT="animae."/>
                  <SP HEIGHT="47" WIDTH="15" VPOS="946" HPOS="892"/>
                  <String HEIGHT="47" WIDTH="29" VPOS="946" HPOS="834" CONTENT=""/>
               </TextLine>
               <TextLine ID="r2l40"
                         BASELINE="1032"
                         HEIGHT="47"
                         WIDTH="836"
                         VPOS="985"
                         HPOS="447">
                  <String HEIGHT="47" WIDTH="96" VPOS="985" HPOS="431" CONTENT="Ad"/>
                  <SP HEIGHT="47" WIDTH="16" VPOS="985" HPOS="527"/>
                  <String HEIGHT="47"
                          WIDTH="177"
                          VPOS="985"
                          HPOS="479"
                          CONTENT="quartum"/>
                  <SP HEIGHT="47" WIDTH="16" VPOS="985" HPOS="656"/>
                  <String HEIGHT="47"
                          WIDTH="209"
                          VPOS="985"
                          HPOS="608"
                          CONTENT="dicendum,"/>
                  <SP HEIGHT="47" WIDTH="16" VPOS="985" HPOS="817"/>
                  <String HEIGHT="47"
                          WIDTH="129"
                          VPOS="985"
                          HPOS="769"
                          CONTENT="quod"/>
                  <SP HEIGHT="47" WIDTH="16" VPOS="985" HPOS="897"/>
                  <String HEIGHT="47"
                          WIDTH="145"
                          VPOS="985"
                          HPOS="849"
                          CONTENT="licet"/>
                  <SP HEIGHT="47" WIDTH="16" VPOS="985" HPOS="994"/>
                  <String HEIGHT="47"
                          WIDTH="145"
                          VPOS="985"
                          HPOS="945"
                          CONTENT="maior"/>
                  <SP HEIGHT="47" WIDTH="16" VPOS="985" HPOS="1090"/>
                  <String HEIGHT="47"
                          WIDTH="113"
                          VPOS="985"
                          HPOS="1042"
                          CONTENT="sit"/>
                  <SP HEIGHT="47" WIDTH="16" VPOS="985" HPOS="1154"/>
                  <String HEIGHT="47"
                          WIDTH="145"
                          VPOS="985"
                          HPOS="1106"
                          CONTENT="vera,"/>
                  <SP HEIGHT="47" WIDTH="16" VPOS="985" HPOS="1251"/>
                  <String HEIGHT="47"
                          WIDTH="113"
                          VPOS="985"
                          HPOS="1203"
                          CONTENT="lo¬"/>
                  <SP HEIGHT="47" WIDTH="16" VPOS="985" HPOS="1315"/>
                  <String HEIGHT="47" WIDTH="32" VPOS="985" HPOS="1251" CONTENT=""/>
               </TextLine>
               <TextLine ID="r2l43"
                         BASELINE="1070"
                         HEIGHT="48"
                         WIDTH="831"
                         VPOS="1022"
                         HPOS="446">
                  <String HEIGHT="48"
                          WIDTH="154"
                          VPOS="1022"
                          HPOS="431"
                          CONTENT="quendo"/>
                  <SP HEIGHT="48" WIDTH="15" VPOS="1022" HPOS="585"/>
                  <String HEIGHT="48" WIDTH="92" VPOS="1022" HPOS="538" CONTENT="de"/>
                  <SP HEIGHT="48" WIDTH="15" VPOS="1022" HPOS="631"/>
                  <String HEIGHT="48"
                          WIDTH="108"
                          VPOS="1022"
                          HPOS="585"
                          CONTENT="eo,"/>
                  <SP HEIGHT="48" WIDTH="15" VPOS="1022" HPOS="692"/>
                  <String HEIGHT="48"
                          WIDTH="123"
                          VPOS="1022"
                          HPOS="646"
                          CONTENT="quod"/>
                  <SP HEIGHT="48" WIDTH="15" VPOS="1022" HPOS="769"/>
                  <String HEIGHT="48"
                          WIDTH="246"
                          VPOS="1022"
                          HPOS="723"
                          CONTENT="superadditur"/>
                  <SP HEIGHT="48" WIDTH="15" VPOS="1022" HPOS="969"/>
                  <String HEIGHT="48"
                          WIDTH="231"
                          VPOS="1022"
                          HPOS="923"
                          CONTENT="naturalibus"/>
                  <SP HEIGHT="48" WIDTH="15" VPOS="1022" HPOS="1154"/>
                  <String HEIGHT="48"
                          WIDTH="108"
                          VPOS="1022"
                          HPOS="1108"
                          CONTENT="per"/>
                  <SP HEIGHT="48" WIDTH="15" VPOS="1022" HPOS="1215"/>
                  <String HEIGHT="48"
                          WIDTH="123"
                          VPOS="1022"
                          HPOS="1154"
                          CONTENT="nostra"/>
               </TextLine>
               <TextLine ID="r2l44"
                         BASELINE="1104"
                         HEIGHT="46"
                         WIDTH="832"
                         VPOS="1058"
                         HPOS="444">
                  <String HEIGHT="46"
                          WIDTH="266"
                          VPOS="1058"
                          HPOS="427"
                          CONTENT="operationem,"/>
                  <SP HEIGHT="46" WIDTH="17" VPOS="1058" HPOS="694"/>
                  <String HEIGHT="46"
                          WIDTH="133"
                          VPOS="1058"
                          HPOS="644"
                          CONTENT="tale"/>
                  <SP HEIGHT="46" WIDTH="17" VPOS="1058" HPOS="777"/>
                  <String HEIGHT="46"
                          WIDTH="133"
                          VPOS="1058"
                          HPOS="727"
                          CONTENT="enim"/>
                  <SP HEIGHT="46" WIDTH="17" VPOS="1058" HPOS="860"/>
                  <String HEIGHT="46"
                          WIDTH="116"
                          VPOS="1058"
                          HPOS="810"
                          CONTENT="non"/>
                  <SP HEIGHT="46" WIDTH="17" VPOS="1058" HPOS="927"/>
                  <String HEIGHT="46"
                          WIDTH="166"
                          VPOS="1058"
                          HPOS="877"
                          CONTENT="potest"/>
                  <SP HEIGHT="46" WIDTH="17" VPOS="1058" HPOS="1043"/>
                  <String HEIGHT="46"
                          WIDTH="216"
                          VPOS="1058"
                          HPOS="993"
                          CONTENT="immediate"/>
                  <SP HEIGHT="46" WIDTH="17" VPOS="1058" HPOS="1209"/>
                  <String HEIGHT="46"
                          WIDTH="133"
                          VPOS="1058"
                          HPOS="1143"
                          CONTENT="fundar"/>
               </TextLine>
               <TextLine ID="r2l46"
                         BASELINE="1145"
                         HEIGHT="43"
                         WIDTH="839"
                         VPOS="1102"
                         HPOS="444">
                  <String HEIGHT="43" WIDTH="92" VPOS="1102" HPOS="429" CONTENT="in"/>
                  <SP HEIGHT="43" WIDTH="15" VPOS="1102" HPOS="520"/>
                  <String HEIGHT="43"
                          WIDTH="198"
                          VPOS="1102"
                          HPOS="475"
                          CONTENT="essentia,"/>
                  <SP HEIGHT="43" WIDTH="15" VPOS="1102" HPOS="673"/>
                  <String HEIGHT="43" WIDTH="92" VPOS="1102" HPOS="627" CONTENT="eo"/>
                  <SP HEIGHT="43" WIDTH="15" VPOS="1102" HPOS="719"/>
                  <String HEIGHT="43"
                          WIDTH="122"
                          VPOS="1102"
                          HPOS="673"
                          CONTENT="quod"/>
                  <SP HEIGHT="43" WIDTH="15" VPOS="1102" HPOS="795"/>
                  <String HEIGHT="43"
                          WIDTH="153"
                          VPOS="1102"
                          HPOS="749"
                          CONTENT="semper"/>
                  <SP HEIGHT="43" WIDTH="15" VPOS="1102" HPOS="902"/>
                  <String HEIGHT="43"
                          WIDTH="183"
                          VPOS="1102"
                          HPOS="856"
                          CONTENT="potentia"/>
                  <SP HEIGHT="43" WIDTH="15" VPOS="1102" HPOS="1039"/>
                  <String HEIGHT="43"
                          WIDTH="153"
                          VPOS="1102"
                          HPOS="993"
                          CONTENT="mediat"/>
                  <SP HEIGHT="43" WIDTH="15" VPOS="1102" HPOS="1146"/>
                  <String HEIGHT="43"
                          WIDTH="137"
                          VPOS="1102"
                          HPOS="1100"
                          CONTENT="inter"/>
                  <SP HEIGHT="43" WIDTH="15" VPOS="1102" HPOS="1237"/>
                  <String HEIGHT="43"
                          WIDTH="107"
                          VPOS="1102"
                          HPOS="1176"
                          CONTENT="opera"/>
               </TextLine>
               <TextLine ID="r2l48"
                         BASELINE="1185"
                         HEIGHT="45"
                         WIDTH="838"
                         VPOS="1140"
                         HPOS="448">
                  <String HEIGHT="45"
                          WIDTH="177"
                          VPOS="1140"
                          HPOS="432"
                          CONTENT="tionem,"/>
                  <SP HEIGHT="45" WIDTH="16" VPOS="1140" HPOS="609"/>
                  <String HEIGHT="45" WIDTH="81" VPOS="1140" HPOS="561" CONTENT="&amp;"/>
                  <SP HEIGHT="45" WIDTH="16" VPOS="1140" HPOS="641"/>
                  <String HEIGHT="45"
                          WIDTH="226"
                          VPOS="1140"
                          HPOS="593"
                          CONTENT="essentiam:"/>
                  <SP HEIGHT="45" WIDTH="16" VPOS="1140" HPOS="819"/>
                  <String HEIGHT="45"
                          WIDTH="145"
                          VPOS="1140"
                          HPOS="770"
                          CONTENT="tamen"/>
                  <SP HEIGHT="45" WIDTH="16" VPOS="1140" HPOS="915"/>
                  <String HEIGHT="45"
                          WIDTH="113"
                          VPOS="1140"
                          HPOS="867"
                          CONTENT="non"/>
                  <SP HEIGHT="45" WIDTH="16" VPOS="1140" HPOS="980"/>
                  <String HEIGHT="45"
                          WIDTH="113"
                          VPOS="1140"
                          HPOS="931"
                          CONTENT="est"/>
                  <SP HEIGHT="45" WIDTH="16" VPOS="1140" HPOS="1044"/>
                  <String HEIGHT="45"
                          WIDTH="145"
                          VPOS="1140"
                          HPOS="996"
                          CONTENT="vera,"/>
                  <SP HEIGHT="45" WIDTH="16" VPOS="1140" HPOS="1141"/>
                  <String HEIGHT="45"
                          WIDTH="193"
                          VPOS="1140"
                          HPOS="1093"
                          CONTENT="loquendo"/>
                  <SP HEIGHT="45" WIDTH="16" VPOS="1140" HPOS="1286"/>
                  <String HEIGHT="45" WIDTH="64" VPOS="1140" HPOS="1222" CONTENT="de"/>
               </TextLine>
               <TextLine ID="r2l50"
                         BASELINE="1226"
                         HEIGHT="48"
                         WIDTH="842"
                         VPOS="1178"
                         HPOS="437">
                  <String HEIGHT="48"
                          WIDTH="122"
                          VPOS="1178"
                          HPOS="422"
                          CONTENT="his,"/>
                  <SP HEIGHT="48" WIDTH="15" VPOS="1178" HPOS="544"/>
                  <String HEIGHT="48"
                          WIDTH="122"
                          VPOS="1178"
                          HPOS="498"
                          CONTENT="quae"/>
                  <SP HEIGHT="48" WIDTH="15" VPOS="1178" HPOS="621"/>
                  <String HEIGHT="48"
                          WIDTH="260"
                          VPOS="1178"
                          HPOS="575"
                          CONTENT="superadduntur"/>
                  <SP HEIGHT="48" WIDTH="15" VPOS="1178" HPOS="835"/>
                  <String HEIGHT="48"
                          WIDTH="230"
                          VPOS="1178"
                          HPOS="789"
                          CONTENT="naturalibus"/>
                  <SP HEIGHT="48" WIDTH="15" VPOS="1178" HPOS="1019"/>
                  <String HEIGHT="48" WIDTH="92" VPOS="1178" HPOS="973" CONTENT="ex"/>
                  <SP HEIGHT="48" WIDTH="15" VPOS="1178" HPOS="1065"/>
                  <String HEIGHT="48"
                          WIDTH="199"
                          VPOS="1178"
                          HPOS="1019"
                          CONTENT="infusione"/>
                  <SP HEIGHT="48" WIDTH="15" VPOS="1178" HPOS="1218"/>
                  <String HEIGHT="48"
                          WIDTH="138"
                          VPOS="1178"
                          HPOS="1172"
                          CONTENT="diui¬"/>
                  <SP HEIGHT="48" WIDTH="15" VPOS="1178" HPOS="1310"/>
                  <String HEIGHT="48" WIDTH="31" VPOS="1178" HPOS="1248" CONTENT=""/>
               </TextLine>
               <TextLine ID="r2l53"
                         BASELINE="1269"
                         HEIGHT="48"
                         WIDTH="842"
                         VPOS="1221"
                         HPOS="443">
                  <String HEIGHT="48"
                          WIDTH="103"
                          VPOS="1221"
                          HPOS="428"
                          CONTENT="na:"/>
                  <SP HEIGHT="48" WIDTH="15" VPOS="1221" HPOS="532"/>
                  <String HEIGHT="48"
                          WIDTH="118"
                          VPOS="1221"
                          HPOS="487"
                          CONTENT="quia"/>
                  <SP HEIGHT="48" WIDTH="15" VPOS="1221" HPOS="605"/>
                  <String HEIGHT="48"
                          WIDTH="133"
                          VPOS="1221"
                          HPOS="561"
                          CONTENT="talis"/>
                  <SP HEIGHT="48" WIDTH="15" VPOS="1221" HPOS="694"/>
                  <String HEIGHT="48"
                          WIDTH="162"
                          VPOS="1221"
                          HPOS="650"
                          CONTENT="infusio"/>
                  <SP HEIGHT="48" WIDTH="15" VPOS="1221" HPOS="812"/>
                  <String HEIGHT="48"
                          WIDTH="192"
                          VPOS="1221"
                          HPOS="768"
                          CONTENT="immediate"/>
                  <SP HEIGHT="48" WIDTH="15" VPOS="1221" HPOS="960"/>
                  <String HEIGHT="48"
                          WIDTH="177"
                          VPOS="1221"
                          HPOS="916"
                          CONTENT="attingit"/>
                  <SP HEIGHT="48" WIDTH="15" VPOS="1221" HPOS="1093"/>
                  <String HEIGHT="48"
                          WIDTH="148"
                          VPOS="1221"
                          HPOS="1049"
                          CONTENT="omnia:"/>
                  <SP HEIGHT="48" WIDTH="15" VPOS="1221" HPOS="1196"/>
                  <String HEIGHT="48"
                          WIDTH="148"
                          VPOS="1221"
                          HPOS="1137"
                          CONTENT="Attingit"/>
               </TextLine>
               <TextLine ID="r2l55"
                         BASELINE="1311"
                         HEIGHT="58"
                         WIDTH="851"
                         VPOS="1253"
                         HPOS="444">
                  <String HEIGHT="58"
                          WIDTH="119"
                          VPOS="1253"
                          HPOS="429"
                          CONTENT="enim"/>
                  <SP HEIGHT="58" WIDTH="15" VPOS="1253" HPOS="549"/>
                  <String HEIGHT="58" WIDTH="75" VPOS="1253" HPOS="504" CONTENT="a"/>
                  <SP HEIGHT="58" WIDTH="15" VPOS="1253" HPOS="578"/>
                  <String HEIGHT="58"
                          WIDTH="119"
                          VPOS="1253"
                          HPOS="534"
                          CONTENT="fine"/>
                  <SP HEIGHT="58" WIDTH="15" VPOS="1253" HPOS="653"/>
                  <String HEIGHT="58"
                          WIDTH="134"
                          VPOS="1253"
                          HPOS="608"
                          CONTENT="vsque"/>
                  <SP HEIGHT="58" WIDTH="15" VPOS="1253" HPOS="743"/>
                  <String HEIGHT="58" WIDTH="90" VPOS="1253" HPOS="698" CONTENT="ad"/>
                  <SP HEIGHT="58" WIDTH="15" VPOS="1253" HPOS="787"/>
                  <String HEIGHT="58"
                          WIDTH="134"
                          VPOS="1253"
                          HPOS="743"
                          CONTENT="finem"/>
                  <SP HEIGHT="58" WIDTH="15" VPOS="1253" HPOS="877"/>
                  <String HEIGHT="58"
                          WIDTH="194"
                          VPOS="1253"
                          HPOS="832"
                          CONTENT="fortiter:"/>
                  <SP HEIGHT="58" WIDTH="15" VPOS="1253" HPOS="1026"/>
                  <String HEIGHT="58" WIDTH="75" VPOS="1253" HPOS="981" CONTENT="&amp;"/>
                  <SP HEIGHT="58" WIDTH="15" VPOS="1253" HPOS="1056"/>
                  <String HEIGHT="58"
                          WIDTH="179"
                          VPOS="1253"
                          HPOS="1011"
                          CONTENT="disponit"/>
                  <SP HEIGHT="58" WIDTH="15" VPOS="1253" HPOS="1190"/>
                  <String HEIGHT="58"
                          WIDTH="134"
                          VPOS="1253"
                          HPOS="1146"
                          CONTENT="omnia"/>
                  <SP HEIGHT="58" WIDTH="15" VPOS="1253" HPOS="1280"/>
                  <String HEIGHT="58"
                          WIDTH="75"
                          VPOS="1253"
                          HPOS="1220"
                          CONTENT="sua"/>
               </TextLine>
               <TextLine ID="r2l56"
                         BASELINE="1345"
                         HEIGHT="53"
                         WIDTH="322"
                         VPOS="1292"
                         HPOS="451">
                  <String HEIGHT="53"
                          WIDTH="140"
                          VPOS="1292"
                          HPOS="437"
                          CONTENT="uiter:"/>
                  <SP HEIGHT="53" WIDTH="14" VPOS="1292" HPOS="577"/>
                  <String HEIGHT="53" WIDTH="84" VPOS="1292" HPOS="535" CONTENT="vt"/>
                  <SP HEIGHT="53" WIDTH="14" VPOS="1292" HPOS="619"/>
                  <String HEIGHT="53"
                          WIDTH="126"
                          VPOS="1292"
                          HPOS="577"
                          CONTENT="dicit"/>
                  <SP HEIGHT="53" WIDTH="14" VPOS="1292" HPOS="703"/>
                  <String HEIGHT="53"
                          WIDTH="126"
                          VPOS="1292"
                          HPOS="647"
                          CONTENT="Sapiens"/>
               </TextLine>
               <TextLine ID="r2l58"
                         BASELINE="1377"
                         HEIGHT="43"
                         WIDTH="805"
                         VPOS="1334"
                         HPOS="481">
                  <String HEIGHT="43" WIDTH="101" VPOS="1334" HPOS="464" CONTENT="Ad"/>
                  <SP HEIGHT="43" WIDTH="17" VPOS="1334" HPOS="565"/>
                  <String HEIGHT="43"
                          WIDTH="184"
                          VPOS="1334"
                          HPOS="515"
                          CONTENT="quintum"/>
                  <SP HEIGHT="43" WIDTH="17" VPOS="1334" HPOS="699"/>
                  <String HEIGHT="43"
                          WIDTH="218"
                          VPOS="1334"
                          HPOS="649"
                          CONTENT="dicendum,"/>
                  <SP HEIGHT="43" WIDTH="17" VPOS="1334" HPOS="867"/>
                  <String HEIGHT="43"
                          WIDTH="134"
                          VPOS="1334"
                          HPOS="816"
                          CONTENT="quod"/>
                  <SP HEIGHT="43" WIDTH="17" VPOS="1334" HPOS="951"/>
                  <String HEIGHT="43" WIDTH="101" VPOS="1334" HPOS="900" CONTENT="Iy"/>
                  <SP HEIGHT="43" WIDTH="17" VPOS="1334" HPOS="1001"/>
                  <String HEIGHT="43"
                          WIDTH="252"
                          VPOS="1334"
                          HPOS="951"
                          CONTENT="praeuenitur"/>
                  <SP HEIGHT="43" WIDTH="17" VPOS="1334" HPOS="1202"/>
                  <String HEIGHT="43"
                          WIDTH="117"
                          VPOS="1334"
                          HPOS="1152"
                          CONTENT="non"/>
                  <SP HEIGHT="43" WIDTH="17" VPOS="1334" HPOS="1269"/>
                  <String HEIGHT="43"
                          WIDTH="84"
                          VPOS="1334"
                          HPOS="1202"
                          CONTENT="de"
                          SUBS_TYPE="HypPart1"
                          SUBS_CONTENT="debet"/>
                  <HYP CONTENT="-"/>
               </TextLine>
               <TextLine ID="r2l63"
                         BASELINE="1418"
                         HEIGHT="46"
                         WIDTH="856"
                         VPOS="1372"
                         HPOS="434">
                  <String HEIGHT="46"
                          WIDTH="105"
                          VPOS="1372"
                          HPOS="419"
                          CONTENT="bet"
                          SUBS_TYPE="HypPart2"
                          SUBS_CONTENT="debet"/>
                  <SP HEIGHT="46" WIDTH="15" VPOS="1372" HPOS="524"/>
                  <String HEIGHT="46"
                          WIDTH="165"
                          VPOS="1372"
                          HPOS="479"
                          CONTENT="referri"/>
                  <SP HEIGHT="46" WIDTH="15" VPOS="1372" HPOS="644"/>
                  <String HEIGHT="46" WIDTH="90" VPOS="1372" HPOS="599" CONTENT="ad"/>
                  <SP HEIGHT="46" WIDTH="15" VPOS="1372" HPOS="689"/>
                  <String HEIGHT="46"
                          WIDTH="210"
                          VPOS="1372"
                          HPOS="644"
                          CONTENT="voluntatem"/>
                  <SP HEIGHT="46" WIDTH="15" VPOS="1372" HPOS="854"/>
                  <String HEIGHT="46"
                          WIDTH="180"
                          VPOS="1372"
                          HPOS="809"
                          CONTENT="respectu"/>
                  <SP HEIGHT="46" WIDTH="15" VPOS="1372" HPOS="990"/>
                  <String HEIGHT="46"
                          WIDTH="195"
                          VPOS="1372"
                          HPOS="945"
                          CONTENT="essentiae"/>
                  <SP HEIGHT="46" WIDTH="15" VPOS="1372" HPOS="1140"/>
                  <String HEIGHT="46"
                          WIDTH="165"
                          VPOS="1372"
                          HPOS="1095"
                          CONTENT="animae,"/>
                  <SP HEIGHT="46" WIDTH="15" VPOS="1372" HPOS="1260"/>
                  <String HEIGHT="46"
                          WIDTH="105"
                          VPOS="1372"
                          HPOS="1215"
                          CONTENT="sed"/>
                  <SP HEIGHT="46" WIDTH="15" VPOS="1372" HPOS="1320"/>
                  <String HEIGHT="46" WIDTH="30" VPOS="1372" HPOS="1260" CONTENT=""/>
               </TextLine>
               <TextLine ID="r2l65"
                         BASELINE="1456"
                         HEIGHT="42"
                         WIDTH="848"
                         VPOS="1414"
                         HPOS="441">
                  <String HEIGHT="42"
                          WIDTH="247"
                          VPOS="1414"
                          HPOS="423"
                          CONTENT="tantummodo"/>
                  <SP HEIGHT="42" WIDTH="18" VPOS="1414" HPOS="671"/>
                  <String HEIGHT="42"
                          WIDTH="212"
                          VPOS="1414"
                          HPOS="618"
                          CONTENT="respectu"/>
                  <SP HEIGHT="42" WIDTH="18" VPOS="1414" HPOS="830"/>
                  <String HEIGHT="42"
                          WIDTH="194"
                          VPOS="1414"
                          HPOS="777"
                          CONTENT="aliarum"/>
                  <SP HEIGHT="42" WIDTH="18" VPOS="1414" HPOS="971"/>
                  <String HEIGHT="42"
                          WIDTH="283"
                          VPOS="1414"
                          HPOS="918"
                          CONTENT="potentiarum:"/>
                  <SP HEIGHT="42" WIDTH="18" VPOS="1414" HPOS="1201"/>
                  <String HEIGHT="42"
                          WIDTH="124"
                          VPOS="1414"
                          HPOS="1148"
                          CONTENT="Nam"/>
                  <SP HEIGHT="42" WIDTH="18" VPOS="1414" HPOS="1271"/>
                  <String HEIGHT="42"
                          WIDTH="88"
                          VPOS="1414"
                          HPOS="1201"
                          CONTENT="om"
                          SUBS_TYPE="HypPart1"
                          SUBS_CONTENT="omnium"/>
                  <HYP CONTENT="-"/>
               </TextLine>
               <TextLine ID="r2l67"
                         BASELINE="1498"
                         HEIGHT="44"
                         WIDTH="837"
                         VPOS="1454"
                         HPOS="445">
                  <String HEIGHT="44"
                          WIDTH="134"
                          VPOS="1454"
                          HPOS="428"
                          CONTENT="nium"
                          SUBS_TYPE="HypPart2"
                          SUBS_CONTENT="omnium"/>
                  <SP HEIGHT="44" WIDTH="17" VPOS="1454" HPOS="562"/>
                  <String HEIGHT="44"
                          WIDTH="251"
                          VPOS="1454"
                          HPOS="512"
                          CONTENT="operationum"/>
                  <SP HEIGHT="44" WIDTH="17" VPOS="1454" HPOS="763"/>
                  <String HEIGHT="44"
                          WIDTH="218"
                          VPOS="1454"
                          HPOS="713"
                          CONTENT="humanarum"/>
                  <SP HEIGHT="44" WIDTH="17" VPOS="1454" HPOS="930"/>
                  <String HEIGHT="44"
                          WIDTH="201"
                          VPOS="1454"
                          HPOS="880"
                          CONTENT="voluntas"/>
                  <SP HEIGHT="44" WIDTH="17" VPOS="1454" HPOS="1081"/>
                  <String HEIGHT="44"
                          WIDTH="117"
                          VPOS="1454"
                          HPOS="1031"
                          CONTENT="est"/>
                  <SP HEIGHT="44" WIDTH="17" VPOS="1454" HPOS="1148"/>
                  <String HEIGHT="44"
                          WIDTH="167"
                          VPOS="1454"
                          HPOS="1098"
                          CONTENT="causa,"/>
                  <SP HEIGHT="44" WIDTH="17" VPOS="1454" HPOS="1265"/>
                  <String HEIGHT="44"
                          WIDTH="84"
                          VPOS="1454"
                          HPOS="1198"
                          CONTENT="vel"/>
               </TextLine>
               <TextLine ID="r2l68"
                         BASELINE="1532"
                         HEIGHT="36"
                         WIDTH="830"
                         VPOS="1496"
                         HPOS="448">
                  <String HEIGHT="36"
                          WIDTH="208"
                          VPOS="1496"
                          HPOS="433"
                          CONTENT="elicitiue,"/>
                  <SP HEIGHT="36" WIDTH="15" VPOS="1496" HPOS="641"/>
                  <String HEIGHT="36"
                          WIDTH="178"
                          VPOS="1496"
                          HPOS="596"
                          CONTENT="scilicet"/>
                  <SP HEIGHT="36" WIDTH="15" VPOS="1496" HPOS="774"/>
                  <String HEIGHT="36"
                          WIDTH="163"
                          VPOS="1496"
                          HPOS="730"
                          CONTENT="quantum"/>
                  <SP HEIGHT="36" WIDTH="15" VPOS="1496" HPOS="893"/>
                  <String HEIGHT="36" WIDTH="89" VPOS="1496" HPOS="848" CONTENT="ad"/>
                  <SP HEIGHT="36" WIDTH="15" VPOS="1496" HPOS="937"/>
                  <String HEIGHT="36"
                          WIDTH="119"
                          VPOS="1496"
                          HPOS="893"
                          CONTENT="suas"/>
                  <SP HEIGHT="36" WIDTH="15" VPOS="1496" HPOS="1011"/>
                  <String HEIGHT="36"
                          WIDTH="178"
                          VPOS="1496"
                          HPOS="967"
                          CONTENT="proprias"/>
                  <SP HEIGHT="36" WIDTH="15" VPOS="1496" HPOS="1145"/>
                  <String HEIGHT="36"
                          WIDTH="193"
                          VPOS="1496"
                          HPOS="1085"
                          CONTENT="operationes"/>
               </TextLine>
               <TextLine ID="r2l70"
                         BASELINE="1572"
                         HEIGHT="40"
                         WIDTH="834"
                         VPOS="1532"
                         HPOS="451">
                  <String HEIGHT="40"
                          WIDTH="112"
                          VPOS="1532"
                          HPOS="435"
                          CONTENT="vel"/>
                  <SP HEIGHT="40" WIDTH="16" VPOS="1532" HPOS="547"/>
                  <String HEIGHT="40"
                          WIDTH="160"
                          VPOS="1532"
                          HPOS="499"
                          CONTENT="saltem"/>
                  <SP HEIGHT="40" WIDTH="16" VPOS="1532" HPOS="660"/>
                  <String HEIGHT="40"
                          WIDTH="225"
                          VPOS="1532"
                          HPOS="611"
                          CONTENT="imperatiue"/>
                  <SP HEIGHT="40" WIDTH="16" VPOS="1532" HPOS="836"/>
                  <String HEIGHT="40"
                          WIDTH="176"
                          VPOS="1532"
                          HPOS="788"
                          CONTENT="quantum"/>
                  <SP HEIGHT="40" WIDTH="16" VPOS="1532" HPOS="964"/>
                  <String HEIGHT="40" WIDTH="96" VPOS="1532" HPOS="916" CONTENT="ad"/>
                  <SP HEIGHT="40" WIDTH="16" VPOS="1532" HPOS="1012"/>
                  <String HEIGHT="40"
                          WIDTH="241"
                          VPOS="1532"
                          HPOS="964"
                          CONTENT="operationes"/>
                  <SP HEIGHT="40" WIDTH="16" VPOS="1532" HPOS="1205"/>
                  <String HEIGHT="40"
                          WIDTH="144"
                          VPOS="1532"
                          HPOS="1141"
                          CONTENT="aliarum"/>
               </TextLine>
               <TextLine ID="r2l74"
                         BASELINE="1621"
                         HEIGHT="49"
                         WIDTH="848"
                         VPOS="1572"
                         HPOS="438">
                  <String HEIGHT="49"
                          WIDTH="223"
                          VPOS="1572"
                          HPOS="423"
                          CONTENT="potentiarum"/>
                  <SP HEIGHT="49" WIDTH="15" VPOS="1572" HPOS="646"/>
                  <String HEIGHT="49" WIDTH="74" VPOS="1572" HPOS="602" CONTENT=":"/>
                  <SP HEIGHT="49" WIDTH="15" VPOS="1572" HPOS="676"/>
                  <String HEIGHT="49"
                          WIDTH="119"
                          VPOS="1572"
                          HPOS="631"
                          CONTENT="ergo"/>
                  <SP HEIGHT="49" WIDTH="15" VPOS="1572" HPOS="750"/>
                  <String HEIGHT="49"
                          WIDTH="164"
                          VPOS="1572"
                          HPOS="706"
                          CONTENT="gratia,"/>
                  <SP HEIGHT="49" WIDTH="15" VPOS="1572" HPOS="869"/>
                  <String HEIGHT="49"
                          WIDTH="134"
                          VPOS="1572"
                          HPOS="825"
                          CONTENT="prout"/>
                  <SP HEIGHT="49" WIDTH="15" VPOS="1572" HPOS="959"/>
                  <String HEIGHT="49"
                          WIDTH="179"
                          VPOS="1572"
                          HPOS="914"
                          CONTENT="respicit"/>
                  <SP HEIGHT="49" WIDTH="15" VPOS="1572" HPOS="1093"/>
                  <String HEIGHT="49"
                          WIDTH="238"
                          VPOS="1572"
                          HPOS="1048"
                          CONTENT="operationes,"/>
                  <SP HEIGHT="49" WIDTH="15" VPOS="1572" HPOS="1286"/>
                  <String HEIGHT="49" WIDTH="60" VPOS="1572" HPOS="1226" CONTENT="im"/>
               </TextLine>
               <TextLine ID="r2l76"
                         BASELINE="1656"
                         HEIGHT="41"
                         WIDTH="837"
                         VPOS="1615"
                         HPOS="443">
                  <String HEIGHT="41"
                          WIDTH="198"
                          VPOS="1615"
                          HPOS="428"
                          CONTENT="mediatius"/>
                  <SP HEIGHT="41" WIDTH="15" VPOS="1615" HPOS="626"/>
                  <String HEIGHT="41"
                          WIDTH="183"
                          VPOS="1615"
                          HPOS="580"
                          CONTENT="respicit"/>
                  <SP HEIGHT="41" WIDTH="15" VPOS="1615" HPOS="763"/>
                  <String HEIGHT="41"
                          WIDTH="228"
                          VPOS="1615"
                          HPOS="717"
                          CONTENT="voluntatem:"/>
                  <SP HEIGHT="41" WIDTH="15" VPOS="1615" HPOS="945"/>
                  <String HEIGHT="41"
                          WIDTH="122"
                          VPOS="1615"
                          HPOS="900"
                          CONTENT="quam"/>
                  <SP HEIGHT="41" WIDTH="15" VPOS="1615" HPOS="1021"/>
                  <String HEIGHT="41"
                          WIDTH="213"
                          VPOS="1615"
                          HPOS="976"
                          CONTENT="quascumque"/>
                  <SP HEIGHT="41" WIDTH="15" VPOS="1615" HPOS="1189"/>
                  <String HEIGHT="41"
                          WIDTH="137"
                          VPOS="1615"
                          HPOS="1143"
                          CONTENT="alias"/>
                  <SP HEIGHT="41" WIDTH="15" VPOS="1615" HPOS="1280"/>
                  <String HEIGHT="41" WIDTH="61" VPOS="1615" HPOS="1219" CONTENT="po"/>
               </TextLine>
               <TextLine ID="r2l78"
                         BASELINE="1707"
                         HEIGHT="49"
                         WIDTH="827"
                         VPOS="1658"
                         HPOS="447">
                  <String HEIGHT="49"
                          WIDTH="174"
                          VPOS="1658"
                          HPOS="432"
                          CONTENT="tentias:"/>
                  <SP HEIGHT="49" WIDTH="15" VPOS="1658" HPOS="607"/>
                  <String HEIGHT="49" WIDTH="73" VPOS="1658" HPOS="563" CONTENT="&amp;"/>
                  <SP HEIGHT="49" WIDTH="15" VPOS="1658" HPOS="636"/>
                  <String HEIGHT="49"
                          WIDTH="160"
                          VPOS="1658"
                          HPOS="592"
                          CONTENT="propter"/>
                  <SP HEIGHT="49" WIDTH="15" VPOS="1658" HPOS="752"/>
                  <String HEIGHT="49"
                          WIDTH="102"
                          VPOS="1658"
                          HPOS="708"
                          CONTENT="hoc"/>
                  <SP HEIGHT="49" WIDTH="15" VPOS="1658" HPOS="810"/>
                  <String HEIGHT="49"
                          WIDTH="160"
                          VPOS="1658"
                          HPOS="766"
                          CONTENT="dicitur"/>
                  <SP HEIGHT="49" WIDTH="15" VPOS="1658" HPOS="926"/>
                  <String HEIGHT="49"
                          WIDTH="203"
                          VPOS="1658"
                          HPOS="882"
                          CONTENT="praeuenire"/>
                  <SP HEIGHT="49" WIDTH="15" VPOS="1658" HPOS="1085"/>
                  <String HEIGHT="49"
                          WIDTH="203"
                          VPOS="1658"
                          HPOS="1042"
                          CONTENT="voluntatem"/>
                  <SP HEIGHT="49" WIDTH="15" VPOS="1658" HPOS="1245"/>
                  <String HEIGHT="49"
                          WIDTH="87"
                          VPOS="1658"
                          HPOS="1187"
                          CONTENT="prae"/>
               </TextLine>
               <TextLine ID="r2l81"
                         BASELINE="1741"
                         HEIGHT="55"
                         WIDTH="381"
                         VPOS="1686"
                         HPOS="440">
                  <String HEIGHT="55"
                          WIDTH="218"
                          VPOS="1686"
                          HPOS="422"
                          CONTENT="parando,"/>
                  <SP HEIGHT="55" WIDTH="18" VPOS="1686" HPOS="640"/>
                  <String HEIGHT="55" WIDTH="91" VPOS="1686" HPOS="585" CONTENT="&amp;"/>
                  <SP HEIGHT="55" WIDTH="18" VPOS="1686" HPOS="676"/>
                  <String HEIGHT="55"
                          WIDTH="218"
                          VPOS="1686"
                          HPOS="603"
                          CONTENT="adiuuando."/>
               </TextLine>
               <TextLine ID="r2l83"
                         BASELINE="1773"
                         HEIGHT="42"
                         WIDTH="849"
                         VPOS="1731"
                         HPOS="438">
                  <String HEIGHT="42" WIDTH="85" VPOS="1731" HPOS="424" CONTENT="Ad"/>
                  <SP HEIGHT="42" WIDTH="14" VPOS="1731" HPOS="509"/>
                  <String HEIGHT="42"
                          WIDTH="142"
                          VPOS="1731"
                          HPOS="466"
                          CONTENT="sextum"/>
                  <SP HEIGHT="42" WIDTH="14" VPOS="1731" HPOS="608"/>
                  <String HEIGHT="42"
                          WIDTH="127"
                          VPOS="1731"
                          HPOS="565"
                          CONTENT="patet"/>
                  <SP HEIGHT="42" WIDTH="14" VPOS="1731" HPOS="693"/>
                  <String HEIGHT="42" WIDTH="85" VPOS="1731" HPOS="650" CONTENT="ex"/>
                  <SP HEIGHT="42" WIDTH="14" VPOS="1731" HPOS="735"/>
                  <String HEIGHT="42"
                          WIDTH="113"
                          VPOS="1731"
                          HPOS="693"
                          CONTENT="his,"/>
                  <SP HEIGHT="42" WIDTH="14" VPOS="1731" HPOS="806"/>
                  <String HEIGHT="42"
                          WIDTH="113"
                          VPOS="1731"
                          HPOS="763"
                          CONTENT="quae"/>
                  <SP HEIGHT="42" WIDTH="14" VPOS="1731" HPOS="877"/>
                  <String HEIGHT="42"
                          WIDTH="113"
                          VPOS="1731"
                          HPOS="834"
                          CONTENT="dixi"/>
                  <SP HEIGHT="42" WIDTH="14" VPOS="1731" HPOS="947"/>
                  <String HEIGHT="42"
                          WIDTH="113"
                          VPOS="1731"
                          HPOS="905"
                          CONTENT="lib."/>
                  <SP HEIGHT="42" WIDTH="14" VPOS="1731" HPOS="1018"/>
                  <String HEIGHT="42" WIDTH="85" VPOS="1731" HPOS="976" CONTENT="2."/>
                  <SP HEIGHT="42" WIDTH="14" VPOS="1731" HPOS="1061"/>
                  <String HEIGHT="42"
                          WIDTH="142"
                          VPOS="1731"
                          HPOS="1018"
                          CONTENT="dinst."/>
                  <SP HEIGHT="42" WIDTH="14" VPOS="1731" HPOS="1160"/>
                  <String HEIGHT="42"
                          WIDTH="99"
                          VPOS="1731"
                          HPOS="1117"
                          CONTENT="28."/>
                  <SP HEIGHT="42" WIDTH="14" VPOS="1731" HPOS="1216"/>
                  <String HEIGHT="42"
                          WIDTH="113"
                          VPOS="1731"
                          HPOS="1174"
                          CONTENT="art."/>
                  <SP HEIGHT="42" WIDTH="14" VPOS="1731" HPOS="1287"/>
                  <String HEIGHT="42" WIDTH="57" VPOS="1731" HPOS="1230" CONTENT="2."/>
               </TextLine>
               <TextLine ID="r2l84"
                         BASELINE="1813"
                         HEIGHT="50"
                         WIDTH="219"
                         VPOS="1763"
                         HPOS="452">
                  <String HEIGHT="50"
                          WIDTH="235"
                          VPOS="1763"
                          HPOS="436"
                          CONTENT="conclusione"/>
                  <SP HEIGHT="50" WIDTH="16" VPOS="1763" HPOS="671"/>
                  <String HEIGHT="50" WIDTH="63" VPOS="1763" HPOS="608" CONTENT="2."/>
               </TextLine>
               <TextLine ID="r2l88"
                         BASELINE="1857"
                         HEIGHT="53"
                         WIDTH="849"
                         VPOS="1804"
                         HPOS="443">
                  <String HEIGHT="53"
                          WIDTH="152"
                          VPOS="1804"
                          HPOS="428"
                          CONTENT="Tertio"/>
                  <SP HEIGHT="53" WIDTH="15" VPOS="1804" HPOS="579"/>
                  <String HEIGHT="53"
                          WIDTH="152"
                          VPOS="1804"
                          HPOS="534"
                          CONTENT="contra"/>
                  <SP HEIGHT="53" WIDTH="15" VPOS="1804" HPOS="686"/>
                  <String HEIGHT="53"
                          WIDTH="197"
                          VPOS="1804"
                          HPOS="640"
                          CONTENT="praedicta"/>
                  <SP HEIGHT="53" WIDTH="15" VPOS="1804" HPOS="837"/>
                  <String HEIGHT="53"
                          WIDTH="167"
                          VPOS="1804"
                          HPOS="792"
                          CONTENT="quantum"/>
                  <SP HEIGHT="53" WIDTH="15" VPOS="1804" HPOS="958"/>
                  <String HEIGHT="53" WIDTH="91" VPOS="1804" HPOS="913" CONTENT="ad"/>
                  <SP HEIGHT="53" WIDTH="15" VPOS="1804" HPOS="1004"/>
                  <String HEIGHT="53"
                          WIDTH="152"
                          VPOS="1804"
                          HPOS="958"
                          CONTENT="illud,"/>
                  <SP HEIGHT="53" WIDTH="15" VPOS="1804" HPOS="1110"/>
                  <String HEIGHT="53"
                          WIDTH="121"
                          VPOS="1804"
                          HPOS="1065"
                          CONTENT="quod"/>
                  <SP HEIGHT="53" WIDTH="15" VPOS="1804" HPOS="1186"/>
                  <String HEIGHT="53"
                          WIDTH="121"
                          VPOS="1804"
                          HPOS="1140"
                          CONTENT="dixi"/>
                  <SP HEIGHT="53" WIDTH="15" VPOS="1804" HPOS="1262"/>
                  <String HEIGHT="53"
                          WIDTH="91"
                          VPOS="1804"
                          HPOS="1201"
                          CONTENT="gra"
                          SUBS_TYPE="HypPart1"
                          SUBS_CONTENT="gratiam"/>
                  <HYP CONTENT="-"/>
               </TextLine>
               <TextLine ID="r2l89"
                         BASELINE="1893"
                         HEIGHT="52"
                         WIDTH="854"
                         VPOS="1841"
                         HPOS="441">
                  <String HEIGHT="52"
                          WIDTH="118"
                          VPOS="1841"
                          HPOS="426"
                          CONTENT="tiam"
                          SUBS_TYPE="HypPart2"
                          SUBS_CONTENT="gratiam"/>
                  <SP HEIGHT="52" WIDTH="15" VPOS="1841" HPOS="544"/>
                  <String HEIGHT="52"
                          WIDTH="118"
                          VPOS="1841"
                          HPOS="500"
                          CONTENT="esse"/>
                  <SP HEIGHT="52" WIDTH="15" VPOS="1841" HPOS="618"/>
                  <String HEIGHT="52"
                          WIDTH="147"
                          VPOS="1841"
                          HPOS="574"
                          CONTENT="causam"/>
                  <SP HEIGHT="52" WIDTH="15" VPOS="1841" HPOS="721"/>
                  <String HEIGHT="52"
                          WIDTH="191"
                          VPOS="1841"
                          HPOS="677"
                          CONTENT="virtutum,"/>
                  <SP HEIGHT="52" WIDTH="15" VPOS="1841" HPOS="868"/>
                  <String HEIGHT="52"
                          WIDTH="118"
                          VPOS="1841"
                          HPOS="824"
                          CONTENT="quae"/>
                  <SP HEIGHT="52" WIDTH="15" VPOS="1841" HPOS="942"/>
                  <String HEIGHT="52" WIDTH="88" VPOS="1841" HPOS="897" CONTENT="ab"/>
                  <SP HEIGHT="52" WIDTH="15" VPOS="1841" HPOS="986"/>
                  <String HEIGHT="52"
                          WIDTH="118"
                          VPOS="1841"
                          HPOS="942"
                          CONTENT="ipsa"/>
                  <SP HEIGHT="52" WIDTH="15" VPOS="1841" HPOS="1059"/>
                  <String HEIGHT="52"
                          WIDTH="206"
                          VPOS="1841"
                          HPOS="1015"
                          CONTENT="proffuunt,"/>
                  <SP HEIGHT="52" WIDTH="15" VPOS="1841" HPOS="1221"/>
                  <String HEIGHT="52"
                          WIDTH="103"
                          VPOS="1841"
                          HPOS="1177"
                          CONTENT="est"/>
                  <SP HEIGHT="52" WIDTH="15" VPOS="1841" HPOS="1280"/>
                  <String HEIGHT="52"
                          WIDTH="74"
                          VPOS="1841"
                          HPOS="1221"
                          CONTENT="qui"/>
               </TextLine>
               <TextLine ID="r2l92"
                         BASELINE="1930"
                         HEIGHT="42"
                         WIDTH="836"
                         VPOS="1888"
                         HPOS="444">
                  <String HEIGHT="42"
                          WIDTH="106"
                          VPOS="1888"
                          HPOS="429"
                          CONTENT="dam"/>
                  <SP HEIGHT="42" WIDTH="15" VPOS="1888" HPOS="535"/>
                  <String HEIGHT="42"
                          WIDTH="182"
                          VPOS="1888"
                          HPOS="490"
                          CONTENT="modernus"/>
                  <SP HEIGHT="42" WIDTH="15" VPOS="1888" HPOS="672"/>
                  <String HEIGHT="42"
                          WIDTH="167"
                          VPOS="1888"
                          HPOS="626"
                          CONTENT="doctor,"/>
                  <SP HEIGHT="42" WIDTH="15" VPOS="1888" HPOS="794"/>
                  <String HEIGHT="42"
                          WIDTH="106"
                          VPOS="1888"
                          HPOS="748"
                          CONTENT="qui"/>
                  <SP HEIGHT="42" WIDTH="15" VPOS="1888" HPOS="854"/>
                  <String HEIGHT="42"
                          WIDTH="152"
                          VPOS="1888"
                          HPOS="809"
                          CONTENT="ponit,"/>
                  <SP HEIGHT="42" WIDTH="15" VPOS="1888" HPOS="961"/>
                  <String HEIGHT="42"
                          WIDTH="122"
                          VPOS="1888"
                          HPOS="915"
                          CONTENT="quod"/>
                  <SP HEIGHT="42" WIDTH="15" VPOS="1888" HPOS="1037"/>
                  <String HEIGHT="42"
                          WIDTH="152"
                          VPOS="1888"
                          HPOS="991"
                          CONTENT="gratia"/>
                  <SP HEIGHT="42" WIDTH="15" VPOS="1888" HPOS="1143"/>
                  <String HEIGHT="42"
                          WIDTH="106"
                          VPOS="1888"
                          HPOS="1098"
                          CONTENT="non"/>
                  <SP HEIGHT="42" WIDTH="15" VPOS="1888" HPOS="1204"/>
                  <String HEIGHT="42"
                          WIDTH="106"
                          VPOS="1888"
                          HPOS="1158"
                          CONTENT="sit"/>
                  <SP HEIGHT="42" WIDTH="15" VPOS="1888" HPOS="1265"/>
                  <String HEIGHT="42"
                          WIDTH="76"
                          VPOS="1888"
                          HPOS="1204"
                          CONTENT="cat"/>
               </TextLine>
               <TextLine ID="r2l93"
                         BASELINE="1965"
                         HEIGHT="40"
                         WIDTH="831"
                         VPOS="1925"
                         HPOS="450">
                  <String HEIGHT="40" WIDTH="86" VPOS="1925" HPOS="436" CONTENT="sa"/>
                  <SP HEIGHT="40" WIDTH="14" VPOS="1925" HPOS="522"/>
                  <String HEIGHT="40"
                          WIDTH="186"
                          VPOS="1925"
                          HPOS="479"
                          CONTENT="virtutum,"/>
                  <SP HEIGHT="40" WIDTH="14" VPOS="1925" HPOS="665"/>
                  <String HEIGHT="40"
                          WIDTH="100"
                          VPOS="1925"
                          HPOS="622"
                          CONTENT="nec"/>
                  <SP HEIGHT="40" WIDTH="14" VPOS="1925" HPOS="722"/>
                  <String HEIGHT="40"
                          WIDTH="172"
                          VPOS="1925"
                          HPOS="679"
                          CONTENT="virtutes"/>
                  <SP HEIGHT="40" WIDTH="14" VPOS="1925" HPOS="851"/>
                  <String HEIGHT="40"
                          WIDTH="201"
                          VPOS="1925"
                          HPOS="808"
                          CONTENT="profluunt,"/>
                  <SP HEIGHT="40" WIDTH="14" VPOS="1925" HPOS="1009"/>
                  <String HEIGHT="40" WIDTH="86" VPOS="1925" HPOS="966" CONTENT="vt"/>
                  <SP HEIGHT="40" WIDTH="14" VPOS="1925" HPOS="1052"/>
                  <String HEIGHT="40"
                          WIDTH="115"
                          VPOS="1925"
                          HPOS="1009"
                          CONTENT="ipse"/>
                  <SP HEIGHT="40" WIDTH="14" VPOS="1925" HPOS="1123"/>
                  <String HEIGHT="40"
                          WIDTH="115"
                          VPOS="1925"
                          HPOS="1080"
                          CONTENT="ait,"/>
                  <SP HEIGHT="40" WIDTH="14" VPOS="1925" HPOS="1195"/>
                  <String HEIGHT="40" WIDTH="72" VPOS="1925" HPOS="1152" CONTENT="a"/>
                  <SP HEIGHT="40" WIDTH="14" VPOS="1925" HPOS="1224"/>
                  <String HEIGHT="40"
                          WIDTH="115"
                          VPOS="1925"
                          HPOS="1166"
                          CONTENT="gratia"/>
               </TextLine>
               <TextLine ID="r2l96"
                         BASELINE="2010"
                         HEIGHT="48"
                         WIDTH="844"
                         VPOS="1962"
                         HPOS="447">
                  <String HEIGHT="48"
                          WIDTH="107"
                          VPOS="1962"
                          HPOS="432"
                          CONTENT="sed"/>
                  <SP HEIGHT="48" WIDTH="15" VPOS="1962" HPOS="539"/>
                  <String HEIGHT="48"
                          WIDTH="153"
                          VPOS="1962"
                          HPOS="493"
                          CONTENT="potius"/>
                  <SP HEIGHT="48" WIDTH="15" VPOS="1962" HPOS="646"/>
                  <String HEIGHT="48"
                          WIDTH="199"
                          VPOS="1962"
                          HPOS="600"
                          CONTENT="econuerso"/>
                  <SP HEIGHT="48" WIDTH="15" VPOS="1962" HPOS="800"/>
                  <String HEIGHT="48"
                          WIDTH="153"
                          VPOS="1962"
                          HPOS="754"
                          CONTENT="gratia"/>
                  <SP HEIGHT="48" WIDTH="15" VPOS="1962" HPOS="907"/>
                  <String HEIGHT="48"
                          WIDTH="184"
                          VPOS="1962"
                          HPOS="861"
                          CONTENT="profluit"/>
                  <SP HEIGHT="48" WIDTH="15" VPOS="1962" HPOS="1045"/>
                  <String HEIGHT="48" WIDTH="77" VPOS="1962" HPOS="999" CONTENT="a"/>
                  <SP HEIGHT="48" WIDTH="15" VPOS="1962" HPOS="1076"/>
                  <String HEIGHT="48"
                          WIDTH="230"
                          VPOS="1962"
                          HPOS="1030"
                          CONTENT="virtutibus."/>
                  <SP HEIGHT="48" WIDTH="15" VPOS="1962" HPOS="1260"/>
                  <String HEIGHT="48"
                          WIDTH="92"
                          VPOS="1962"
                          HPOS="1199"
                          CONTENT="Quod"/>
               </TextLine>
               <TextLine ID="r2l99"
                         BASELINE="2051"
                         HEIGHT="50"
                         WIDTH="164"
                         VPOS="2001"
                         HPOS="449">
                  <String HEIGHT="50"
                          WIDTH="149"
                          VPOS="2001"
                          HPOS="434"
                          CONTENT="probat"/>
                  <SP HEIGHT="50" WIDTH="15" VPOS="2001" HPOS="583"/>
                  <String HEIGHT="50"
                          WIDTH="89"
                          VPOS="2001"
                          HPOS="524"
                          CONTENT="sic"
                          SUBS_TYPE="HypPart1"
                          SUBS_CONTENT="sic1"/>
                  <HYP CONTENT="-"/>
               </TextLine>
               <TextLine ID="r2l101"
                         BASELINE="2093"
                         HEIGHT="49"
                         WIDTH="830"
                         VPOS="2044"
                         HPOS="459">
                  <String HEIGHT="49"
                          WIDTH="70"
                          VPOS="2044"
                          HPOS="445"
                          CONTENT="1"
                          SUBS_TYPE="HypPart2"
                          SUBS_CONTENT="sic1"/>
                  <SP HEIGHT="49" WIDTH="14" VPOS="2044" HPOS="515"/>
                  <String HEIGHT="49" WIDTH="84" VPOS="2044" HPOS="473" CONTENT="Si"/>
                  <SP HEIGHT="49" WIDTH="14" VPOS="2044" HPOS="557"/>
                  <String HEIGHT="49"
                          WIDTH="169"
                          VPOS="2044"
                          HPOS="515"
                          CONTENT="virtutes"/>
                  <SP HEIGHT="49" WIDTH="14" VPOS="2044" HPOS="684"/>
                  <String HEIGHT="49"
                          WIDTH="169"
                          VPOS="2044"
                          HPOS="642"
                          CONTENT="fluerent"/>
                  <SP HEIGHT="49" WIDTH="14" VPOS="2044" HPOS="811"/>
                  <String HEIGHT="49" WIDTH="70" VPOS="2044" HPOS="768" CONTENT="a"/>
                  <SP HEIGHT="49" WIDTH="14" VPOS="2044" HPOS="839"/>
                  <String HEIGHT="49"
                          WIDTH="155"
                          VPOS="2044"
                          HPOS="797"
                          CONTENT="gratia,"/>
                  <SP HEIGHT="49" WIDTH="14" VPOS="2044" HPOS="951"/>
                  <String HEIGHT="49" WIDTH="98" VPOS="2044" HPOS="909" CONTENT="vel"/>
                  <SP HEIGHT="49" WIDTH="14" VPOS="2044" HPOS="1008"/>
                  <String HEIGHT="49" WIDTH="98" VPOS="2044" HPOS="965" CONTENT="hoc"/>
                  <SP HEIGHT="49" WIDTH="14" VPOS="2044" HPOS="1064"/>
                  <String HEIGHT="49"
                          WIDTH="127"
                          VPOS="2044"
                          HPOS="1022"
                          CONTENT="esset"/>
                  <SP HEIGHT="49" WIDTH="14" VPOS="2044" HPOS="1148"/>
                  <String HEIGHT="49"
                          WIDTH="155"
                          VPOS="2044"
                          HPOS="1106"
                          CONTENT="tanquam"/>
                  <SP HEIGHT="49" WIDTH="14" VPOS="2044" HPOS="1261"/>
                  <String HEIGHT="49" WIDTH="70" VPOS="2044" HPOS="1219" CONTENT="a"/>
                  <SP HEIGHT="49" WIDTH="14" VPOS="2044" HPOS="1289"/>
                  <String HEIGHT="49" WIDTH="56" VPOS="2044" HPOS="1233" CONTENT="su"/>
               </TextLine>
               <TextLine ID="r2l103"
                         BASELINE="2130"
                         HEIGHT="51"
                         WIDTH="853"
                         VPOS="2079"
                         HPOS="446">
                  <String HEIGHT="51"
                          WIDTH="138"
                          VPOS="2079"
                          HPOS="432"
                          CONTENT="biecto"/>
                  <SP HEIGHT="51" WIDTH="14" VPOS="2079" HPOS="570"/>
                  <String HEIGHT="51" WIDTH="96" VPOS="2079" HPOS="529" CONTENT="vel"/>
                  <SP HEIGHT="51" WIDTH="14" VPOS="2079" HPOS="625"/>
                  <String HEIGHT="51"
                          WIDTH="206"
                          VPOS="2079"
                          HPOS="584"
                          CONTENT="efficiente,"/>
                  <SP HEIGHT="51" WIDTH="14" VPOS="2079" HPOS="790"/>
                  <String HEIGHT="51" WIDTH="96" VPOS="2079" HPOS="749" CONTENT="vel"/>
                  <SP HEIGHT="51" WIDTH="14" VPOS="2079" HPOS="845"/>
                  <String HEIGHT="51"
                          WIDTH="138"
                          VPOS="2079"
                          HPOS="804"
                          CONTENT="forma."/>
                  <SP HEIGHT="51" WIDTH="14" VPOS="2079" HPOS="941"/>
                  <String HEIGHT="51" WIDTH="96" VPOS="2079" HPOS="900" CONTENT="Nom"/>
                  <SP HEIGHT="51" WIDTH="14" VPOS="2079" HPOS="996"/>
                  <String HEIGHT="51"
                          WIDTH="138"
                          VPOS="2079"
                          HPOS="955"
                          CONTENT="potest"/>
                  <SP HEIGHT="51" WIDTH="14" VPOS="2079" HPOS="1093"/>
                  <String HEIGHT="51"
                          WIDTH="110"
                          VPOS="2079"
                          HPOS="1051"
                          CONTENT="dici"/>
                  <SP HEIGHT="51" WIDTH="14" VPOS="2079" HPOS="1161"/>
                  <String HEIGHT="51"
                          WIDTH="151"
                          VPOS="2079"
                          HPOS="1120"
                          CONTENT="primum:"/>
                  <SP HEIGHT="51" WIDTH="14" VPOS="2079" HPOS="1271"/>
                  <String HEIGHT="51"
                          WIDTH="83"
                          VPOS="2079"
                          HPOS="1216"
                          CONTENT="quia"/>
               </TextLine>
               <TextLine ID="r2l105"
                         BASELINE="2171"
                         HEIGHT="50"
                         WIDTH="834"
                         VPOS="2121"
                         HPOS="446">
                  <String HEIGHT="50"
                          WIDTH="153"
                          VPOS="2121"
                          HPOS="432"
                          CONTENT="gratia."/>
                  <SP HEIGHT="50" WIDTH="14" VPOS="2121" HPOS="585"/>
                  <String HEIGHT="50" WIDTH="97" VPOS="2121" HPOS="543" CONTENT="cum"/>
                  <SP HEIGHT="50" WIDTH="14" VPOS="2121" HPOS="641"/>
                  <String HEIGHT="50" WIDTH="97" VPOS="2121" HPOS="599" CONTENT="sit"/>
                  <SP HEIGHT="50" WIDTH="14" VPOS="2121" HPOS="696"/>
                  <String HEIGHT="50"
                          WIDTH="181"
                          VPOS="2121"
                          HPOS="655"
                          CONTENT="qualitas,"/>
                  <SP HEIGHT="50" WIDTH="14" VPOS="2121" HPOS="835"/>
                  <String HEIGHT="50" WIDTH="97" VPOS="2121" HPOS="794" CONTENT="non"/>
                  <SP HEIGHT="50" WIDTH="14" VPOS="2121" HPOS="891"/>
                  <String HEIGHT="50"
                          WIDTH="139"
                          VPOS="2121"
                          HPOS="849"
                          CONTENT="potest"/>
                  <SP HEIGHT="50" WIDTH="14" VPOS="2121" HPOS="988"/>
                  <String HEIGHT="50"
                          WIDTH="111"
                          VPOS="2121"
                          HPOS="946"
                          CONTENT="esse"/>
                  <SP HEIGHT="50" WIDTH="14" VPOS="2121" HPOS="1058"/>
                  <String HEIGHT="50"
                          WIDTH="181"
                          VPOS="2121"
                          HPOS="1016"
                          CONTENT="subiectu."/>
                  <SP HEIGHT="50" WIDTH="14" VPOS="2121" HPOS="1197"/>
                  <String HEIGHT="50" WIDTH="83" VPOS="2121" HPOS="1155" CONTENT="Et"/>
                  <SP HEIGHT="50" WIDTH="14" VPOS="2121" HPOS="1238"/>
                  <String HEIGHT="50"
                          WIDTH="97"
                          VPOS="2121"
                          HPOS="1183"
                          CONTENT="confi"/>
               </TextLine>
               <TextLine ID="r2l107"
                         BASELINE="2209"
                         HEIGHT="41"
                         WIDTH="851"
                         VPOS="2168"
                         HPOS="440">
                  <String HEIGHT="41"
                          WIDTH="147"
                          VPOS="2168"
                          HPOS="425"
                          CONTENT="matur:"/>
                  <SP HEIGHT="41" WIDTH="15" VPOS="2168" HPOS="572"/>
                  <String HEIGHT="41"
                          WIDTH="117"
                          VPOS="2168"
                          HPOS="528"
                          CONTENT="quia"/>
                  <SP HEIGHT="41" WIDTH="15" VPOS="2168" HPOS="645"/>
                  <String HEIGHT="41"
                          WIDTH="176"
                          VPOS="2168"
                          HPOS="601"
                          CONTENT="virtures"/>
                  <SP HEIGHT="41" WIDTH="15" VPOS="2168" HPOS="777"/>
                  <String HEIGHT="41"
                          WIDTH="117"
                          VPOS="2168"
                          HPOS="733"
                          CONTENT="sunt"/>
                  <SP HEIGHT="41" WIDTH="15" VPOS="2168" HPOS="851"/>
                  <String HEIGHT="41"
                          WIDTH="205"
                          VPOS="2168"
                          HPOS="807"
                          CONTENT="subiectiue"/>
                  <SP HEIGHT="41" WIDTH="15" VPOS="2168" HPOS="1012"/>
                  <String HEIGHT="41" WIDTH="88" VPOS="2168" HPOS="968" CONTENT="in"/>
                  <SP HEIGHT="41" WIDTH="15" VPOS="2168" HPOS="1056"/>
                  <String HEIGHT="41"
                          WIDTH="191"
                          VPOS="2168"
                          HPOS="1012"
                          CONTENT="potentijs"/>
                  <SP HEIGHT="41" WIDTH="15" VPOS="2168" HPOS="1203"/>
                  <String HEIGHT="41"
                          WIDTH="161"
                          VPOS="2168"
                          HPOS="1159"
                          CONTENT="animae:"/>
                  <SP HEIGHT="41" WIDTH="15" VPOS="2168" HPOS="1320"/>
                  <String HEIGHT="41" WIDTH="29" VPOS="2168" HPOS="1262" CONTENT=""/>
               </TextLine>
               <TextLine ID="r2l109"
                         BASELINE="2242"
                         HEIGHT="43"
                         WIDTH="830"
                         VPOS="2199"
                         HPOS="450">
                  <String HEIGHT="43"
                          WIDTH="106"
                          VPOS="2199"
                          HPOS="435"
                          CONTENT="sed"/>
                  <SP HEIGHT="43" WIDTH="15" VPOS="2199" HPOS="541"/>
                  <String HEIGHT="43"
                          WIDTH="151"
                          VPOS="2199"
                          HPOS="495"
                          CONTENT="gratia"/>
                  <SP HEIGHT="43" WIDTH="15" VPOS="2199" HPOS="646"/>
                  <String HEIGHT="43"
                          WIDTH="106"
                          VPOS="2199"
                          HPOS="601"
                          CONTENT="non"/>
                  <SP HEIGHT="43" WIDTH="15" VPOS="2199" HPOS="707"/>
                  <String HEIGHT="43"
                          WIDTH="106"
                          VPOS="2199"
                          HPOS="661"
                          CONTENT="est"/>
                  <SP HEIGHT="43" WIDTH="15" VPOS="2199" HPOS="767"/>
                  <String HEIGHT="43"
                          WIDTH="196"
                          VPOS="2199"
                          HPOS="722"
                          CONTENT="potentia."/>
                  <SP HEIGHT="43" WIDTH="15" VPOS="2199" HPOS="918"/>
                  <String HEIGHT="43"
                          WIDTH="106"
                          VPOS="2199"
                          HPOS="873"
                          CONTENT="Nec"/>
                  <SP HEIGHT="43" WIDTH="15" VPOS="2199" HPOS="978"/>
                  <String HEIGHT="43"
                          WIDTH="196"
                          VPOS="2199"
                          HPOS="933"
                          CONTENT="secundum:"/>
                  <SP HEIGHT="43" WIDTH="15" VPOS="2199" HPOS="1129"/>
                  <String HEIGHT="43"
                          WIDTH="136"
                          VPOS="2199"
                          HPOS="1084"
                          CONTENT="quia,"/>
                  <SP HEIGHT="43" WIDTH="15" VPOS="2199" HPOS="1220"/>
                  <String HEIGHT="43"
                          WIDTH="121"
                          VPOS="2199"
                          HPOS="1159"
                          CONTENT="secun"
                          SUBS_TYPE="HypPart1"
                          SUBS_CONTENT="secundum"/>
                  <HYP CONTENT="-"/>
               </TextLine>
               <TextLine ID="r2l111"
                         BASELINE="2285"
                         HEIGHT="45"
                         WIDTH="831"
                         VPOS="2240"
                         HPOS="450">
                  <String HEIGHT="45"
                          WIDTH="106"
                          VPOS="2240"
                          HPOS="435"
                          CONTENT="dum"
                          SUBS_TYPE="HypPart2"
                          SUBS_CONTENT="secundum"/>
                  <SP HEIGHT="45" WIDTH="15" VPOS="2240" HPOS="541"/>
                  <String HEIGHT="45"
                          WIDTH="121"
                          VPOS="2240"
                          HPOS="495"
                          CONTENT="Aug."/>
                  <SP HEIGHT="45" WIDTH="15" VPOS="2240" HPOS="616"/>
                  <String HEIGHT="45"
                          WIDTH="136"
                          VPOS="2240"
                          HPOS="571"
                          CONTENT="solus"/>
                  <SP HEIGHT="45" WIDTH="15" VPOS="2240" HPOS="707"/>
                  <String HEIGHT="45"
                          WIDTH="121"
                          VPOS="2240"
                          HPOS="662"
                          CONTENT="Deus"/>
                  <SP HEIGHT="45" WIDTH="15" VPOS="2240" HPOS="782"/>
                  <String HEIGHT="45"
                          WIDTH="181"
                          VPOS="2240"
                          HPOS="737"
                          CONTENT="operatur"/>
                  <SP HEIGHT="45" WIDTH="15" VPOS="2240" HPOS="918"/>
                  <String HEIGHT="45" WIDTH="91" VPOS="2240" HPOS="873" CONTENT="in"/>
                  <SP HEIGHT="45" WIDTH="15" VPOS="2240" HPOS="964"/>
                  <String HEIGHT="45"
                          WIDTH="136"
                          VPOS="2240"
                          HPOS="918"
                          CONTENT="nobis"/>
                  <SP HEIGHT="45" WIDTH="15" VPOS="2240" HPOS="1054"/>
                  <String HEIGHT="45"
                          WIDTH="196"
                          VPOS="2240"
                          HPOS="1009"
                          CONTENT="virtutes."/>
                  <SP HEIGHT="45" WIDTH="15" VPOS="2240" HPOS="1205"/>
                  <String HEIGHT="45"
                          WIDTH="136"
                          VPOS="2240"
                          HPOS="1160"
                          CONTENT="Item,"/>
                  <SP HEIGHT="45" WIDTH="15" VPOS="2240" HPOS="1296"/>
                  <String HEIGHT="45" WIDTH="45" VPOS="2240" HPOS="1236" CONTENT="s"/>
               </TextLine>
               <TextLine ID="r2l114"
                         BASELINE="2335"
                         HEIGHT="52"
                         WIDTH="844"
                         VPOS="2283"
                         HPOS="447">
                  <String HEIGHT="52"
                          WIDTH="146"
                          VPOS="2283"
                          HPOS="432"
                          CONTENT="gratia"/>
                  <SP HEIGHT="52" WIDTH="15" VPOS="2283" HPOS="578"/>
                  <String HEIGHT="52"
                          WIDTH="189"
                          VPOS="2283"
                          HPOS="534"
                          CONTENT="efficeret"/>
                  <SP HEIGHT="52" WIDTH="15" VPOS="2283" HPOS="723"/>
                  <String HEIGHT="52"
                          WIDTH="189"
                          VPOS="2283"
                          HPOS="680"
                          CONTENT="virtutes,"/>
                  <SP HEIGHT="52" WIDTH="15" VPOS="2283" HPOS="869"/>
                  <String HEIGHT="52"
                          WIDTH="102"
                          VPOS="2283"
                          HPOS="825"
                          CONTENT="vel"/>
                  <SP HEIGHT="52" WIDTH="15" VPOS="2283" HPOS="927"/>
                  <String HEIGHT="52"
                          WIDTH="102"
                          VPOS="2283"
                          HPOS="884"
                          CONTENT="hoc"/>
                  <SP HEIGHT="52" WIDTH="15" VPOS="2283" HPOS="985"/>
                  <String HEIGHT="52"
                          WIDTH="131"
                          VPOS="2283"
                          HPOS="942"
                          CONTENT="esset"/>
                  <SP HEIGHT="52" WIDTH="15" VPOS="2283" HPOS="1073"/>
                  <String HEIGHT="52"
                          WIDTH="102"
                          VPOS="2283"
                          HPOS="1029"
                          CONTENT="per"/>
                  <SP HEIGHT="52" WIDTH="15" VPOS="2283" HPOS="1131"/>
                  <String HEIGHT="52"
                          WIDTH="218"
                          VPOS="2283"
                          HPOS="1087"
                          CONTENT="infusionem:"/>
                  <SP HEIGHT="52" WIDTH="15" VPOS="2283" HPOS="1306"/>
                  <String HEIGHT="52" WIDTH="44" VPOS="2283" HPOS="1247" CONTENT="&amp;"/>
               </TextLine>
               <TextLine ID="r2l117"
                         BASELINE="2366"
                         HEIGHT="48"
                         WIDTH="837"
                         VPOS="2318"
                         HPOS="447">
                  <String HEIGHT="48"
                          WIDTH="120"
                          VPOS="2318"
                          HPOS="432"
                          CONTENT="tunc"/>
                  <SP HEIGHT="48" WIDTH="15" VPOS="2318" HPOS="552"/>
                  <String HEIGHT="48"
                          WIDTH="164"
                          VPOS="2318"
                          HPOS="507"
                          CONTENT="crearet"/>
                  <SP HEIGHT="48" WIDTH="15" VPOS="2318" HPOS="671"/>
                  <String HEIGHT="48"
                          WIDTH="120"
                          VPOS="2318"
                          HPOS="626"
                          CONTENT="eas:"/>
                  <SP HEIGHT="48" WIDTH="15" VPOS="2318" HPOS="746"/>
                  <String HEIGHT="48"
                          WIDTH="120"
                          VPOS="2318"
                          HPOS="701"
                          CONTENT="quod"/>
                  <SP HEIGHT="48" WIDTH="15" VPOS="2318" HPOS="821"/>
                  <String HEIGHT="48"
                          WIDTH="105"
                          VPOS="2318"
                          HPOS="776"
                          CONTENT="est"/>
                  <SP HEIGHT="48" WIDTH="15" VPOS="2318" HPOS="880"/>
                  <String HEIGHT="48"
                          WIDTH="164"
                          VPOS="2318"
                          HPOS="836"
                          CONTENT="falsum:"/>
                  <SP HEIGHT="48" WIDTH="15" VPOS="2318" HPOS="1000"/>
                  <String HEIGHT="48"
                          WIDTH="105"
                          VPOS="2318"
                          HPOS="955"
                          CONTENT="cum"/>
                  <SP HEIGHT="48" WIDTH="15" VPOS="2318" HPOS="1060"/>
                  <String HEIGHT="48"
                          WIDTH="179"
                          VPOS="2318"
                          HPOS="1015"
                          CONTENT="creatura"/>
                  <SP HEIGHT="48" WIDTH="15" VPOS="2318" HPOS="1194"/>
                  <String HEIGHT="48"
                          WIDTH="105"
                          VPOS="2318"
                          HPOS="1149"
                          CONTENT="non"/>
                  <SP HEIGHT="48" WIDTH="15" VPOS="2318" HPOS="1254"/>
                  <String HEIGHT="48"
                          WIDTH="90"
                          VPOS="2318"
                          HPOS="1194"
                          CONTENT="pos"
                          SUBS_TYPE="HypPart1"
                          SUBS_CONTENT="possit"/>
                  <HYP CONTENT="-"/>
               </TextLine>
               <TextLine ID="r2l118"
                         BASELINE="2402"
                         HEIGHT="46"
                         WIDTH="835"
                         VPOS="2356"
                         HPOS="454">
                  <String HEIGHT="46"
                          WIDTH="104"
                          VPOS="2356"
                          HPOS="439"
                          CONTENT="sit"
                          SUBS_TYPE="HypPart2"
                          SUBS_CONTENT="possit"/>
                  <SP HEIGHT="46" WIDTH="15" VPOS="2356" HPOS="543"/>
                  <String HEIGHT="46"
                          WIDTH="164"
                          VPOS="2356"
                          HPOS="499"
                          CONTENT="creare:"/>
                  <SP HEIGHT="46" WIDTH="15" VPOS="2356" HPOS="663"/>
                  <String HEIGHT="46"
                          WIDTH="104"
                          VPOS="2356"
                          HPOS="618"
                          CONTENT="aut"/>
                  <SP HEIGHT="46" WIDTH="15" VPOS="2356" HPOS="722"/>
                  <String HEIGHT="46"
                          WIDTH="179"
                          VPOS="2356"
                          HPOS="678"
                          CONTENT="educeret"/>
                  <SP HEIGHT="46" WIDTH="15" VPOS="2356" HPOS="857"/>
                  <String HEIGHT="46" WIDTH="89" VPOS="2356" HPOS="812" CONTENT="de"/>
                  <SP HEIGHT="46" WIDTH="15" VPOS="2356" HPOS="901"/>
                  <String HEIGHT="46"
                          WIDTH="194"
                          VPOS="2356"
                          HPOS="857"
                          CONTENT="subiecto,"/>
                  <SP HEIGHT="46" WIDTH="15" VPOS="2356" HPOS="1050"/>
                  <String HEIGHT="46" WIDTH="75" VPOS="2356" HPOS="1006" CONTENT="&amp;"/>
                  <SP HEIGHT="46" WIDTH="15" VPOS="2356" HPOS="1080"/>
                  <String HEIGHT="46"
                          WIDTH="104"
                          VPOS="2356"
                          HPOS="1036"
                          CONTENT="hoc"/>
                  <SP HEIGHT="46" WIDTH="15" VPOS="2356" HPOS="1140"/>
                  <String HEIGHT="46"
                          WIDTH="104"
                          VPOS="2356"
                          HPOS="1095"
                          CONTENT="non"/>
                  <SP HEIGHT="46" WIDTH="15" VPOS="2356" HPOS="1200"/>
                  <String HEIGHT="46"
                          WIDTH="119"
                          VPOS="2356"
                          HPOS="1155"
                          CONTENT="quia"/>
                  <SP HEIGHT="46" WIDTH="15" VPOS="2356" HPOS="1274"/>
                  <String HEIGHT="46"
                          WIDTH="75"
                          VPOS="2356"
                          HPOS="1214"
                          CONTENT="cum"/>
               </TextLine>
               <TextLine ID="r2l120"
                         BASELINE="2439"
                         HEIGHT="44"
                         WIDTH="839"
                         VPOS="2395"
                         HPOS="447">
                  <String HEIGHT="44"
                          WIDTH="194"
                          VPOS="2395"
                          HPOS="431"
                          CONTENT="virtutes"/>
                  <SP HEIGHT="44" WIDTH="16" VPOS="2395" HPOS="624"/>
                  <String HEIGHT="44"
                          WIDTH="145"
                          VPOS="2395"
                          HPOS="576"
                          CONTENT="solum"/>
                  <SP HEIGHT="44" WIDTH="16" VPOS="2395" HPOS="721"/>
                  <String HEIGHT="44"
                          WIDTH="177"
                          VPOS="2395"
                          HPOS="673"
                          CONTENT="possint"/>
                  <SP HEIGHT="44" WIDTH="16" VPOS="2395" HPOS="850"/>
                  <String HEIGHT="44"
                          WIDTH="129"
                          VPOS="2395"
                          HPOS="802"
                          CONTENT="esse"/>
                  <SP HEIGHT="44" WIDTH="16" VPOS="2395" HPOS="931"/>
                  <String HEIGHT="44"
                          WIDTH="113"
                          VPOS="2395"
                          HPOS="883"
                          CONTENT="per"/>
                  <SP HEIGHT="44" WIDTH="16" VPOS="2395" HPOS="996"/>
                  <String HEIGHT="44"
                          WIDTH="242"
                          VPOS="2395"
                          HPOS="947"
                          CONTENT="creationem:"/>
                  <SP HEIGHT="44" WIDTH="16" VPOS="2395" HPOS="1189"/>
                  <String HEIGHT="44"
                          WIDTH="129"
                          VPOS="2395"
                          HPOS="1141"
                          CONTENT="ideo"/>
                  <SP HEIGHT="44" WIDTH="16" VPOS="2395" HPOS="1270"/>
                  <String HEIGHT="44"
                          WIDTH="81"
                          VPOS="2395"
                          HPOS="1205"
                          CONTENT="non"/>
               </TextLine>
               <TextLine ID="r2l122"
                         BASELINE="2477"
                         HEIGHT="44"
                         WIDTH="839"
                         VPOS="2433"
                         HPOS="454">
                  <String HEIGHT="44"
                          WIDTH="122"
                          VPOS="2433"
                          HPOS="439"
                          CONTENT="sunt"/>
                  <SP HEIGHT="44" WIDTH="15" VPOS="2433" HPOS="561"/>
                  <String HEIGHT="44"
                          WIDTH="214"
                          VPOS="2433"
                          HPOS="515"
                          CONTENT="educibiles"/>
                  <SP HEIGHT="44" WIDTH="15" VPOS="2433" HPOS="729"/>
                  <String HEIGHT="44" WIDTH="92" VPOS="2433" HPOS="683" CONTENT="de"/>
                  <SP HEIGHT="44" WIDTH="15" VPOS="2433" HPOS="774"/>
                  <String HEIGHT="44"
                          WIDTH="198"
                          VPOS="2433"
                          HPOS="729"
                          CONTENT="subiecto."/>
                  <SP HEIGHT="44" WIDTH="15" VPOS="2433" HPOS="927"/>
                  <String HEIGHT="44"
                          WIDTH="107"
                          VPOS="2433"
                          HPOS="881"
                          CONTENT="Nec"/>
                  <SP HEIGHT="44" WIDTH="15" VPOS="2433" HPOS="988"/>
                  <String HEIGHT="44"
                          WIDTH="183"
                          VPOS="2433"
                          HPOS="942"
                          CONTENT="tertium:"/>
                  <SP HEIGHT="44" WIDTH="15" VPOS="2433" HPOS="1125"/>
                  <String HEIGHT="44"
                          WIDTH="122"
                          VPOS="2433"
                          HPOS="1079"
                          CONTENT="quia"/>
                  <SP HEIGHT="44" WIDTH="15" VPOS="2433" HPOS="1201"/>
                  <String HEIGHT="44"
                          WIDTH="153"
                          VPOS="2433"
                          HPOS="1140"
                          CONTENT="effectus"/>
               </TextLine>
               <TextLine ID="r2l124"
                         BASELINE="2520"
                         HEIGHT="48"
                         WIDTH="827"
                         VPOS="2472"
                         HPOS="459">
                  <String HEIGHT="48"
                          WIDTH="184"
                          VPOS="2472"
                          HPOS="444"
                          CONTENT="formalis"/>
                  <SP HEIGHT="48" WIDTH="15" VPOS="2472" HPOS="627"/>
                  <String HEIGHT="48"
                          WIDTH="107"
                          VPOS="2472"
                          HPOS="582"
                          CONTENT="non"/>
                  <SP HEIGHT="48" WIDTH="15" VPOS="2472" HPOS="689"/>
                  <String HEIGHT="48"
                          WIDTH="168"
                          VPOS="2472"
                          HPOS="643"
                          CONTENT="differt"/>
                  <SP HEIGHT="48" WIDTH="15" VPOS="2472" HPOS="811"/>
                  <String HEIGHT="48"
                          WIDTH="214"
                          VPOS="2472"
                          HPOS="765"
                          CONTENT="formaliter"/>
                  <SP HEIGHT="48" WIDTH="15" VPOS="2472" HPOS="980"/>
                  <String HEIGHT="48" WIDTH="77" VPOS="2472" HPOS="934" CONTENT="a"/>
                  <SP HEIGHT="48" WIDTH="15" VPOS="2472" HPOS="1010"/>
                  <String HEIGHT="48"
                          WIDTH="153"
                          VPOS="2472"
                          HPOS="964"
                          CONTENT="forma,"/>
                  <SP HEIGHT="48" WIDTH="15" VPOS="2472" HPOS="1118"/>
                  <String HEIGHT="48"
                          WIDTH="184"
                          VPOS="2472"
                          HPOS="1072"
                          CONTENT="secundum"/>
                  <SP HEIGHT="48" WIDTH="15" VPOS="2472" HPOS="1255"/>
                  <String HEIGHT="48"
                          WIDTH="92"
                          VPOS="2472"
                          HPOS="1194"
                          CONTENT="Aui"
                          SUBS_TYPE="HypPart1"
                          SUBS_CONTENT="Auicennam"/>
                  <HYP CONTENT="-"/>
               </TextLine>
               <TextLine ID="r2l126"
                         BASELINE="2561"
                         HEIGHT="51"
                         WIDTH="307"
                         VPOS="2510"
                         HPOS="459">
                  <String HEIGHT="51"
                          WIDTH="146"
                          VPOS="2510"
                          HPOS="444"
                          CONTENT="cennam"
                          SUBS_TYPE="HypPart2"
                          SUBS_CONTENT="Auicennam"/>
                  <SP HEIGHT="51" WIDTH="15" VPOS="2510" HPOS="591"/>
                  <String HEIGHT="51" WIDTH="88" VPOS="2510" HPOS="547" CONTENT="5."/>
                  <SP HEIGHT="51" WIDTH="15" VPOS="2510" HPOS="634"/>
                  <String HEIGHT="51"
                          WIDTH="132"
                          VPOS="2510"
                          HPOS="591"
                          CONTENT="meth."/>
                  <SP HEIGHT="51" WIDTH="15" VPOS="2510" HPOS="722"/>
                  <String HEIGHT="51"
                          WIDTH="102"
                          VPOS="2510"
                          HPOS="664"
                          CONTENT="suae."/>
               </TextLine>
               <TextLine ID="r2l131"
                         BASELINE="2598"
                         HEIGHT="56"
                         WIDTH="785"
                         VPOS="2542"
                         HPOS="502">
                  <String HEIGHT="56" WIDTH="68" VPOS="2542" HPOS="488" CONTENT="2"/>
                  <SP HEIGHT="56" WIDTH="14" VPOS="2542" HPOS="556"/>
                  <String HEIGHT="56"
                          WIDTH="189"
                          VPOS="2542"
                          HPOS="516"
                          CONTENT="Praeterea,"/>
                  <SP HEIGHT="56" WIDTH="14" VPOS="2542" HPOS="705"/>
                  <String HEIGHT="56"
                          WIDTH="122"
                          VPOS="2542"
                          HPOS="664"
                          CONTENT="nihil"/>
                  <SP HEIGHT="56" WIDTH="14" VPOS="2542" HPOS="786"/>
                  <String HEIGHT="56"
                          WIDTH="162"
                          VPOS="2542"
                          HPOS="746"
                          CONTENT="profluit"/>
                  <SP HEIGHT="56" WIDTH="14" VPOS="2542" HPOS="908"/>
                  <String HEIGHT="56" WIDTH="68" VPOS="2542" HPOS="867" CONTENT="a"/>
                  <SP HEIGHT="56" WIDTH="14" VPOS="2542" HPOS="935"/>
                  <String HEIGHT="56"
                          WIDTH="149"
                          VPOS="2542"
                          HPOS="895"
                          CONTENT="seipsa:"/>
                  <SP HEIGHT="56" WIDTH="14" VPOS="2542" HPOS="1043"/>
                  <String HEIGHT="56"
                          WIDTH="95"
                          VPOS="2542"
                          HPOS="1003"
                          CONTENT="sed"/>
                  <SP HEIGHT="56" WIDTH="14" VPOS="2542" HPOS="1098"/>
                  <String HEIGHT="56"
                          WIDTH="176"
                          VPOS="2542"
                          HPOS="1057"
                          CONTENT="virtutes,"/>
                  <SP HEIGHT="56" WIDTH="14" VPOS="2542" HPOS="1233"/>
                  <String HEIGHT="56" WIDTH="68" VPOS="2542" HPOS="1192" CONTENT="&amp;"/>
                  <SP HEIGHT="56" WIDTH="14" VPOS="2542" HPOS="1260"/>
                  <String HEIGHT="56"
                          WIDTH="81"
                          VPOS="2542"
                          HPOS="1206"
                          CONTENT="don"
                          SUBS_TYPE="HypPart1"
                          SUBS_CONTENT="donfunt"/>
                  <HYP CONTENT="-"/>
               </TextLine>
               <TextLine ID="r2l132"
                         BASELINE="2634"
                         HEIGHT="55"
                         WIDTH="842"
                         VPOS="2579"
                         HPOS="446">
                  <String HEIGHT="55"
                          WIDTH="120"
                          VPOS="2579"
                          HPOS="431"
                          CONTENT="funt"
                          SUBS_TYPE="HypPart2"
                          SUBS_CONTENT="donfunt"/>
                  <SP HEIGHT="55" WIDTH="15" VPOS="2579" HPOS="551"/>
                  <String HEIGHT="55"
                          WIDTH="211"
                          VPOS="2579"
                          HPOS="506"
                          CONTENT="formaliter"/>
                  <SP HEIGHT="55" WIDTH="15" VPOS="2579" HPOS="717"/>
                  <String HEIGHT="55"
                          WIDTH="165"
                          VPOS="2579"
                          HPOS="672"
                          CONTENT="ipsamet"/>
                  <SP HEIGHT="55" WIDTH="15" VPOS="2579" HPOS="837"/>
                  <String HEIGHT="55"
                          WIDTH="165"
                          VPOS="2579"
                          HPOS="792"
                          CONTENT="gratia:"/>
                  <SP HEIGHT="55" WIDTH="15" VPOS="2579" HPOS="957"/>
                  <String HEIGHT="55"
                          WIDTH="120"
                          VPOS="2579"
                          HPOS="912"
                          CONTENT="ergo"/>
                  <SP HEIGHT="55" WIDTH="15" VPOS="2579" HPOS="1032"/>
                  <String HEIGHT="55"
                          WIDTH="105"
                          VPOS="2579"
                          HPOS="987"
                          CONTENT="non"/>
                  <SP HEIGHT="55" WIDTH="15" VPOS="2579" HPOS="1093"/>
                  <String HEIGHT="55"
                          WIDTH="195"
                          VPOS="2579"
                          HPOS="1047"
                          CONTENT="profluunt"/>
                  <SP HEIGHT="55" WIDTH="15" VPOS="2579" HPOS="1243"/>
                  <String HEIGHT="55" WIDTH="90" VPOS="2579" HPOS="1198" CONTENT="ab"/>
                  <SP HEIGHT="55" WIDTH="15" VPOS="2579" HPOS="1288"/>
                  <String HEIGHT="55" WIDTH="60" VPOS="2579" HPOS="1228" CONTENT="ea"/>
               </TextLine>
               <TextLine ID="r2l134"
                         BASELINE="2679"
                         HEIGHT="50"
                         WIDTH="837"
                         VPOS="2629"
                         HPOS="453">
                  <String HEIGHT="50"
                          WIDTH="142"
                          VPOS="2629"
                          HPOS="439"
                          CONTENT="Probat"/>
                  <SP HEIGHT="50" WIDTH="14" VPOS="2629" HPOS="581"/>
                  <String HEIGHT="50"
                          WIDTH="170"
                          VPOS="2629"
                          HPOS="538"
                          CONTENT="minorem:"/>
                  <SP HEIGHT="50" WIDTH="14" VPOS="2629" HPOS="708"/>
                  <String HEIGHT="50"
                          WIDTH="128"
                          VPOS="2629"
                          HPOS="666"
                          CONTENT="quia,"/>
                  <SP HEIGHT="50" WIDTH="14" VPOS="2629" HPOS="793"/>
                  <String HEIGHT="50" WIDTH="99" VPOS="2629" HPOS="751" CONTENT="vel"/>
                  <SP HEIGHT="50" WIDTH="14" VPOS="2629" HPOS="850"/>
                  <String HEIGHT="50"
                          WIDTH="156"
                          VPOS="2629"
                          HPOS="808"
                          CONTENT="dicitur"/>
                  <SP HEIGHT="50" WIDTH="14" VPOS="2629" HPOS="964"/>
                  <String HEIGHT="50"
                          WIDTH="156"
                          VPOS="2629"
                          HPOS="921"
                          CONTENT="gratia,"/>
                  <SP HEIGHT="50" WIDTH="14" VPOS="2629" HPOS="1077"/>
                  <String HEIGHT="50"
                          WIDTH="113"
                          VPOS="2629"
                          HPOS="1035"
                          CONTENT="quia"/>
                  <SP HEIGHT="50" WIDTH="14" VPOS="2629" HPOS="1148"/>
                  <String HEIGHT="50"
                          WIDTH="142"
                          VPOS="2629"
                          HPOS="1106"
                          CONTENT="gratis"/>
                  <SP HEIGHT="50" WIDTH="14" VPOS="2629" HPOS="1247"/>
                  <String HEIGHT="50"
                          WIDTH="99"
                          VPOS="2629"
                          HPOS="1191"
                          CONTENT="datur"/>
               </TextLine>
               <TextLine ID="r2l136"
                         BASELINE="2720"
                         HEIGHT="48"
                         WIDTH="843"
                         VPOS="2672"
                         HPOS="456">
                  <String HEIGHT="48"
                          WIDTH="111"
                          VPOS="2672"
                          HPOS="440"
                          CONTENT="vel"/>
                  <SP HEIGHT="48" WIDTH="16" VPOS="2672" HPOS="551"/>
                  <String HEIGHT="48"
                          WIDTH="127"
                          VPOS="2672"
                          HPOS="504"
                          CONTENT="quia"/>
                  <SP HEIGHT="48" WIDTH="16" VPOS="2672" HPOS="631"/>
                  <String HEIGHT="48"
                          WIDTH="159"
                          VPOS="2672"
                          HPOS="583"
                          CONTENT="gratum"/>
                  <SP HEIGHT="48" WIDTH="16" VPOS="2672" HPOS="742"/>
                  <String HEIGHT="48"
                          WIDTH="191"
                          VPOS="2672"
                          HPOS="695"
                          CONTENT="faciens:"/>
                  <SP HEIGHT="48" WIDTH="16" VPOS="2672" HPOS="885"/>
                  <String HEIGHT="48"
                          WIDTH="111"
                          VPOS="2672"
                          HPOS="838"
                          CONTENT="sed"/>
                  <SP HEIGHT="48" WIDTH="16" VPOS="2672" HPOS="949"/>
                  <String HEIGHT="48"
                          WIDTH="207"
                          VPOS="2672"
                          HPOS="901"
                          CONTENT="virtutes,"/>
                  <SP HEIGHT="48" WIDTH="16" VPOS="2672" HPOS="1108"/>
                  <String HEIGHT="48" WIDTH="80" VPOS="2672" HPOS="1060" CONTENT="&amp;"/>
                  <SP HEIGHT="48" WIDTH="16" VPOS="2672" HPOS="1140"/>
                  <String HEIGHT="48"
                          WIDTH="143"
                          VPOS="2672"
                          HPOS="1092"
                          CONTENT="dona,"/>
                  <SP HEIGHT="48" WIDTH="16" VPOS="2672" HPOS="1235"/>
                  <String HEIGHT="48" WIDTH="80" VPOS="2672" HPOS="1188" CONTENT="&amp;"/>
                  <SP HEIGHT="48" WIDTH="16" VPOS="2672" HPOS="1267"/>
                  <String HEIGHT="48"
                          WIDTH="95"
                          VPOS="2672"
                          HPOS="1204"
                          CONTENT="sunt"/>
               </TextLine>
               <TextLine ID="r2l138"
                         BASELINE="2768"
                         HEIGHT="55"
                         WIDTH="687"
                         VPOS="2713"
                         HPOS="449">
                  <String HEIGHT="55"
                          WIDTH="168"
                          VPOS="2713"
                          HPOS="432"
                          CONTENT="gratis"/>
                  <SP HEIGHT="55" WIDTH="17" VPOS="2713" HPOS="600"/>
                  <String HEIGHT="55"
                          WIDTH="151"
                          VPOS="2713"
                          HPOS="550"
                          CONTENT="data,"/>
                  <SP HEIGHT="55" WIDTH="17" VPOS="2713" HPOS="700"/>
                  <String HEIGHT="55" WIDTH="84" VPOS="2713" HPOS="650" CONTENT="&amp;"/>
                  <SP HEIGHT="55" WIDTH="17" VPOS="2713" HPOS="734"/>
                  <String HEIGHT="55"
                          WIDTH="184"
                          VPOS="2713"
                          HPOS="684"
                          CONTENT="faciunt"/>
                  <SP HEIGHT="55" WIDTH="17" VPOS="2713" HPOS="868"/>
                  <String HEIGHT="55"
                          WIDTH="168"
                          VPOS="2713"
                          HPOS="818"
                          CONTENT="animam"/>
                  <SP HEIGHT="55" WIDTH="17" VPOS="2713" HPOS="985"/>
                  <String HEIGHT="55"
                          WIDTH="117"
                          VPOS="2713"
                          HPOS="935"
                          CONTENT="Deo"/>
                  <SP HEIGHT="55" WIDTH="17" VPOS="2713" HPOS="1052"/>
                  <String HEIGHT="55"
                          WIDTH="151"
                          VPOS="2713"
                          HPOS="985"
                          CONTENT="gratam."/>
               </TextLine>
               <TextLine ID="r2l141"
                         BASELINE="2792"
                         HEIGHT="45"
                         WIDTH="819"
                         VPOS="2747"
                         HPOS="473">
                  <String HEIGHT="45" WIDTH="69" VPOS="2747" HPOS="459" CONTENT="3"/>
                  <SP HEIGHT="45" WIDTH="14" VPOS="2747" HPOS="529"/>
                  <String HEIGHT="45"
                          WIDTH="194"
                          VPOS="2747"
                          HPOS="487"
                          CONTENT="Praeterea,"/>
                  <SP HEIGHT="45" WIDTH="14" VPOS="2747" HPOS="681"/>
                  <String HEIGHT="45" WIDTH="83" VPOS="2747" HPOS="640" CONTENT="si"/>
                  <SP HEIGHT="45" WIDTH="14" VPOS="2747" HPOS="723"/>
                  <String HEIGHT="45"
                          WIDTH="167"
                          VPOS="2747"
                          HPOS="681"
                          CONTENT="virtutes"/>
                  <SP HEIGHT="45" WIDTH="14" VPOS="2747" HPOS="848"/>
                  <String HEIGHT="45"
                          WIDTH="180"
                          VPOS="2747"
                          HPOS="806"
                          CONTENT="profluunt"/>
                  <SP HEIGHT="45" WIDTH="14" VPOS="2747" HPOS="987"/>
                  <String HEIGHT="45" WIDTH="69" VPOS="2747" HPOS="945" CONTENT="a"/>
                  <SP HEIGHT="45" WIDTH="14" VPOS="2747" HPOS="1014"/>
                  <String HEIGHT="45"
                          WIDTH="153"
                          VPOS="2747"
                          HPOS="973"
                          CONTENT="gratia,"/>
                  <SP HEIGHT="45" WIDTH="14" VPOS="2747" HPOS="1125"/>
                  <String HEIGHT="45"
                          WIDTH="97"
                          VPOS="2747"
                          HPOS="1084"
                          CONTENT="vel"/>
                  <SP HEIGHT="45" WIDTH="14" VPOS="2747" HPOS="1181"/>
                  <String HEIGHT="45"
                          WIDTH="97"
                          VPOS="2747"
                          HPOS="1139"
                          CONTENT="hoc"/>
                  <SP HEIGHT="45" WIDTH="14" VPOS="2747" HPOS="1236"/>
                  <String HEIGHT="45"
                          WIDTH="97"
                          VPOS="2747"
                          HPOS="1195"
                          CONTENT="fit"/>
                  <SP HEIGHT="45" WIDTH="14" VPOS="2747" HPOS="1292"/>
                  <String HEIGHT="45" WIDTH="56" VPOS="2747" HPOS="1236" CONTENT="li"/>
               </TextLine>
               <TextLine ID="r2l143"
                         BASELINE="2838"
                         HEIGHT="59"
                         WIDTH="851"
                         VPOS="2779"
                         HPOS="450">
                  <String HEIGHT="59"
                          WIDTH="142"
                          VPOS="2779"
                          HPOS="434"
                          CONTENT="bere,"/>
                  <SP HEIGHT="59" WIDTH="16" VPOS="2779" HPOS="576"/>
                  <String HEIGHT="59"
                          WIDTH="110"
                          VPOS="2779"
                          HPOS="529"
                          CONTENT="vel"/>
                  <SP HEIGHT="59" WIDTH="16" VPOS="2779" HPOS="639"/>
                  <String HEIGHT="59" WIDTH="95" VPOS="2779" HPOS="592" CONTENT="ex"/>
                  <SP HEIGHT="59" WIDTH="16" VPOS="2779" HPOS="686"/>
                  <String HEIGHT="59"
                          WIDTH="236"
                          VPOS="2779"
                          HPOS="639"
                          CONTENT="necessitate"/>
                  <SP HEIGHT="59" WIDTH="16" VPOS="2779" HPOS="876"/>
                  <String HEIGHT="59"
                          WIDTH="189"
                          VPOS="2779"
                          HPOS="828"
                          CONTENT="naturae."/>
                  <SP HEIGHT="59" WIDTH="16" VPOS="2779" HPOS="1017"/>
                  <String HEIGHT="59"
                          WIDTH="110"
                          VPOS="2779"
                          HPOS="970"
                          CONTENT="Non"/>
                  <SP HEIGHT="59" WIDTH="16" VPOS="2779" HPOS="1080"/>
                  <String HEIGHT="59"
                          WIDTH="142"
                          VPOS="2779"
                          HPOS="1033"
                          CONTENT="primo"/>
                  <SP HEIGHT="59" WIDTH="16" VPOS="2779" HPOS="1175"/>
                  <String HEIGHT="59"
                          WIDTH="142"
                          VPOS="2779"
                          HPOS="1128"
                          CONTENT="modo:"/>
                  <SP HEIGHT="59" WIDTH="16" VPOS="2779" HPOS="1269"/>
                  <String HEIGHT="59"
                          WIDTH="95"
                          VPOS="2779"
                          HPOS="1206"
                          CONTENT="quia"/>
               </TextLine>
               <TextLine ID="r2l145"
                         BASELINE="2882"
                         HEIGHT="52"
                         WIDTH="820"
                         VPOS="2830"
                         HPOS="470">
                  <String HEIGHT="52"
                          WIDTH="158"
                          VPOS="2830"
                          HPOS="456"
                          CONTENT="gratia,"/>
                  <SP HEIGHT="52" WIDTH="14" VPOS="2830" HPOS="614"/>
                  <String HEIGHT="52"
                          WIDTH="101"
                          VPOS="2830"
                          HPOS="571"
                          CONTENT="cum"/>
                  <SP HEIGHT="52" WIDTH="14" VPOS="2830" HPOS="671"/>
                  <String HEIGHT="52"
                          WIDTH="101"
                          VPOS="2830"
                          HPOS="628"
                          CONTENT="sit"/>
                  <SP HEIGHT="52" WIDTH="14" VPOS="2830" HPOS="729"/>
                  <String HEIGHT="52"
                          WIDTH="173"
                          VPOS="2830"
                          HPOS="686"
                          CONTENT="qualitas"/>
                  <SP HEIGHT="52" WIDTH="14" VPOS="2830" HPOS="858"/>
                  <String HEIGHT="52"
                          WIDTH="173"
                          VPOS="2830"
                          HPOS="815"
                          CONTENT="secundum"/>
                  <SP HEIGHT="52" WIDTH="14" VPOS="2830" HPOS="988"/>
                  <String HEIGHT="52"
                          WIDTH="144"
                          VPOS="2830"
                          HPOS="945"
                          CONTENT="istos,"/>
                  <SP HEIGHT="52" WIDTH="14" VPOS="2830" HPOS="1089"/>
                  <String HEIGHT="52"
                          WIDTH="101"
                          VPOS="2830"
                          HPOS="1045"
                          CONTENT="non"/>
                  <SP HEIGHT="52" WIDTH="14" VPOS="2830" HPOS="1146"/>
                  <String HEIGHT="52"
                          WIDTH="158"
                          VPOS="2830"
                          HPOS="1103"
                          CONTENT="poterit"/>
                  <SP HEIGHT="52" WIDTH="14" VPOS="2830" HPOS="1261"/>
                  <String HEIGHT="52"
                          WIDTH="86"
                          VPOS="2830"
                          HPOS="1204"
                          CONTENT="essi"/>
               </TextLine>
               <TextLine ID="r2l147"
                         BASELINE="2907"
                         HEIGHT="42"
                         WIDTH="823"
                         VPOS="2865"
                         HPOS="466">
                  <String HEIGHT="42"
                          WIDTH="150"
                          VPOS="2865"
                          HPOS="451"
                          CONTENT="domina"/>
                  <SP HEIGHT="42" WIDTH="15" VPOS="2865" HPOS="601"/>
                  <String HEIGHT="42"
                          WIDTH="105"
                          VPOS="2865"
                          HPOS="556"
                          CONTENT="sui"/>
                  <SP HEIGHT="42" WIDTH="15" VPOS="2865" HPOS="661"/>
                  <String HEIGHT="42"
                          WIDTH="150"
                          VPOS="2865"
                          HPOS="616"
                          CONTENT="actus."/>
                  <SP HEIGHT="42" WIDTH="15" VPOS="2865" HPOS="765"/>
                  <String HEIGHT="42"
                          WIDTH="105"
                          VPOS="2865"
                          HPOS="720"
                          CONTENT="Nec"/>
                  <SP HEIGHT="42" WIDTH="15" VPOS="2865" HPOS="825"/>
                  <String HEIGHT="42"
                          WIDTH="165"
                          VPOS="2865"
                          HPOS="780"
                          CONTENT="secundo"/>
                  <SP HEIGHT="42" WIDTH="15" VPOS="2865" HPOS="945"/>
                  <String HEIGHT="42"
                          WIDTH="135"
                          VPOS="2865"
                          HPOS="900"
                          CONTENT="modo:"/>
                  <SP HEIGHT="42" WIDTH="15" VPOS="2865" HPOS="1035"/>
                  <String HEIGHT="42"
                          WIDTH="120"
                          VPOS="2865"
                          HPOS="990"
                          CONTENT="quia"/>
                  <SP HEIGHT="42" WIDTH="15" VPOS="2865" HPOS="1109"/>
                  <String HEIGHT="42"
                          WIDTH="224"
                          VPOS="2865"
                          HPOS="1065"
                          CONTENT="Virginitas,"/>
                  <SP HEIGHT="42" WIDTH="15" VPOS="2865" HPOS="1289"/>
                  <String HEIGHT="42" WIDTH="60" VPOS="2865" HPOS="1229" CONTENT="&amp;S"/>
               </TextLine>
               <TextLine ID="r2l150"
                         BASELINE="2958"
                         HEIGHT="53"
                         WIDTH="839"
                         VPOS="2905"
                         HPOS="459">
                  <String HEIGHT="53"
                          WIDTH="198"
                          VPOS="2905"
                          HPOS="444"
                          CONTENT="paupertas"/>
                  <SP HEIGHT="53" WIDTH="15" VPOS="2905" HPOS="642"/>
                  <String HEIGHT="53"
                          WIDTH="122"
                          VPOS="2905"
                          HPOS="596"
                          CONTENT="sunt"/>
                  <SP HEIGHT="53" WIDTH="15" VPOS="2905" HPOS="718"/>
                  <String HEIGHT="53"
                          WIDTH="198"
                          VPOS="2905"
                          HPOS="673"
                          CONTENT="virtutes,"/>
                  <SP HEIGHT="53" WIDTH="15" VPOS="2905" HPOS="871"/>
                  <String HEIGHT="53" WIDTH="76" VPOS="2905" HPOS="825" CONTENT="&amp;"/>
                  <SP HEIGHT="53" WIDTH="15" VPOS="2905" HPOS="901"/>
                  <String HEIGHT="53"
                          WIDTH="137"
                          VPOS="2905"
                          HPOS="856"
                          CONTENT="tamen"/>
                  <SP HEIGHT="53" WIDTH="15" VPOS="2905" HPOS="993"/>
                  <String HEIGHT="53"
                          WIDTH="107"
                          VPOS="2905"
                          HPOS="947"
                          CONTENT="non"/>
                  <SP HEIGHT="53" WIDTH="15" VPOS="2905" HPOS="1054"/>
                  <String HEIGHT="53" WIDTH="92" VPOS="2905" HPOS="1008" CONTENT="in"/>
                  <SP HEIGHT="53" WIDTH="15" VPOS="2905" HPOS="1100"/>
                  <String HEIGHT="53"
                          WIDTH="122"
                          VPOS="2905"
                          HPOS="1054"
                          CONTENT="sunt"/>
                  <SP HEIGHT="53" WIDTH="15" VPOS="2905" HPOS="1176"/>
                  <String HEIGHT="53"
                          WIDTH="198"
                          VPOS="2905"
                          HPOS="1130"
                          CONTENT="cuilibet,"/>
                  <SP HEIGHT="53" WIDTH="15" VPOS="2905" HPOS="1329"/>
                  <String HEIGHT="53" WIDTH="31" VPOS="2905" HPOS="1267" CONTENT=""/>
               </TextLine>
               <TextLine ID="r2l152"
                         BASELINE="2997"
                         HEIGHT="59"
                         WIDTH="237"
                         VPOS="2938"
                         HPOS="451">
                  <String HEIGHT="59" WIDTH="98" VPOS="2938" HPOS="437" CONTENT="cui"/>
                  <SP HEIGHT="59" WIDTH="14" VPOS="2938" HPOS="535"/>
                  <String HEIGHT="59"
                          WIDTH="125"
                          VPOS="2938"
                          HPOS="493"
                          CONTENT="inest"/>
                  <SP HEIGHT="59" WIDTH="14" VPOS="2938" HPOS="618"/>
                  <String HEIGHT="59"
                          WIDTH="125"
                          VPOS="2938"
                          HPOS="563"
                          CONTENT="gratia."/>
               </TextLine>
               <TextLine ID="r2l154"
                         BASELINE="3028"
                         HEIGHT="47"
                         WIDTH="801"
                         VPOS="2981"
                         HPOS="490">
                  <String HEIGHT="47" WIDTH="80" VPOS="2981" HPOS="474" CONTENT="4"/>
                  <SP HEIGHT="47" WIDTH="16" VPOS="2981" HPOS="554"/>
                  <String HEIGHT="47"
                          WIDTH="208"
                          VPOS="2981"
                          HPOS="506"
                          CONTENT="Preterea,"/>
                  <SP HEIGHT="47" WIDTH="16" VPOS="2981" HPOS="714"/>
                  <String HEIGHT="47"
                          WIDTH="160"
                          VPOS="2981"
                          HPOS="666"
                          CONTENT="gratia"/>
                  <SP HEIGHT="47" WIDTH="16" VPOS="2981" HPOS="826"/>
                  <String HEIGHT="47"
                          WIDTH="112"
                          VPOS="2981"
                          HPOS="778"
                          CONTENT="est"/>
                  <SP HEIGHT="47" WIDTH="16" VPOS="2981" HPOS="891"/>
                  <String HEIGHT="47"
                          WIDTH="160"
                          VPOS="2981"
                          HPOS="842"
                          CONTENT="quedam"/>
                  <SP HEIGHT="47" WIDTH="16" VPOS="2981" HPOS="1003"/>
                  <String HEIGHT="47"
                          WIDTH="224"
                          VPOS="2981"
                          HPOS="955"
                          CONTENT="similitudo"/>
                  <SP HEIGHT="47" WIDTH="16" VPOS="2981" HPOS="1179"/>
                  <String HEIGHT="47"
                          WIDTH="176"
                          VPOS="2981"
                          HPOS="1115"
                          CONTENT="diuinarum"/>
               </TextLine>
               <TextLine ID="r2l157"
                         BASELINE="3067"
                         HEIGHT="41"
                         WIDTH="840"
                         VPOS="3026"
                         HPOS="465">
                  <String HEIGHT="41"
                          WIDTH="275"
                          VPOS="3026"
                          HPOS="449"
                          CONTENT="perfectionum:"/>
                  <SP HEIGHT="41" WIDTH="16" VPOS="3026" HPOS="723"/>
                  <String HEIGHT="41"
                          WIDTH="129"
                          VPOS="3026"
                          HPOS="675"
                          CONTENT="ergo"/>
                  <SP HEIGHT="41" WIDTH="16" VPOS="3026" HPOS="804"/>
                  <String HEIGHT="41"
                          WIDTH="113"
                          VPOS="3026"
                          HPOS="756"
                          CONTENT="non"/>
                  <SP HEIGHT="41" WIDTH="16" VPOS="3026" HPOS="869"/>
                  <String HEIGHT="41"
                          WIDTH="113"
                          VPOS="3026"
                          HPOS="820"
                          CONTENT="est"/>
                  <SP HEIGHT="41" WIDTH="16" VPOS="3026" HPOS="933"/>
                  <String HEIGHT="41"
                          WIDTH="178"
                          VPOS="3026"
                          HPOS="885"
                          CONTENT="quaedam"/>
                  <SP HEIGHT="41" WIDTH="16" VPOS="3026" HPOS="1063"/>
                  <String HEIGHT="41"
                          WIDTH="194"
                          VPOS="3026"
                          HPOS="1014"
                          CONTENT="qualitas"/>
                  <SP HEIGHT="41" WIDTH="16" VPOS="3026" HPOS="1208"/>
                  <String HEIGHT="41" WIDTH="97" VPOS="3026" HPOS="1160" CONTENT="in"/>
                  <SP HEIGHT="41" WIDTH="16" VPOS="3026" HPOS="1257"/>
                  <String HEIGHT="41"
                          WIDTH="113"
                          VPOS="3026"
                          HPOS="1192"
                          CONTENT="anima"/>
               </TextLine>
               <TextLine ID="r2l160"
                         BASELINE="3113"
                         HEIGHT="47"
                         WIDTH="791"
                         VPOS="3066"
                         HPOS="462">
                  <String HEIGHT="47"
                          WIDTH="198"
                          VPOS="3066"
                          HPOS="447"
                          CONTENT="existens,"/>
                  <SP HEIGHT="47" WIDTH="15" VPOS="3066" HPOS="645"/>
                  <String HEIGHT="47"
                          WIDTH="106"
                          VPOS="3066"
                          HPOS="599"
                          CONTENT="Deo"/>
                  <SP HEIGHT="47" WIDTH="15" VPOS="3066" HPOS="705"/>
                  <String HEIGHT="47"
                          WIDTH="152"
                          VPOS="3066"
                          HPOS="660"
                          CONTENT="gratum"/>
                  <SP HEIGHT="47" WIDTH="15" VPOS="3066" HPOS="812"/>
                  <String HEIGHT="47"
                          WIDTH="183"
                          VPOS="3066"
                          HPOS="766"
                          CONTENT="faciens,"/>
                  <SP HEIGHT="47" WIDTH="15" VPOS="3066" HPOS="949"/>
                  <String HEIGHT="47" WIDTH="91" VPOS="3066" HPOS="903" CONTENT="vt"/>
                  <SP HEIGHT="47" WIDTH="15" VPOS="3066" HPOS="994"/>
                  <String HEIGHT="47"
                          WIDTH="152"
                          VPOS="3066"
                          HPOS="949"
                          CONTENT="aliqui"/>
                  <SP HEIGHT="47" WIDTH="15" VPOS="3066" HPOS="1101"/>
                  <String HEIGHT="47"
                          WIDTH="213"
                          VPOS="3066"
                          HPOS="1040"
                          CONTENT="immaginantur"/>
               </TextLine>
               <TextLine ID="r2l163"
                         BASELINE="3169"
                         HEIGHT="67"
                         WIDTH="810"
                         VPOS="3102"
                         HPOS="489">
                  <String HEIGHT="67" WIDTH="74" VPOS="3102" HPOS="474" CONTENT="3"/>
                  <SP HEIGHT="67" WIDTH="15" VPOS="3102" HPOS="548"/>
                  <String HEIGHT="67"
                          WIDTH="206"
                          VPOS="3102"
                          HPOS="504"
                          CONTENT="Praeterea,"/>
                  <SP HEIGHT="67" WIDTH="15" VPOS="3102" HPOS="710"/>
                  <String HEIGHT="67"
                          WIDTH="133"
                          VPOS="3102"
                          HPOS="666"
                          CONTENT="sicut"/>
                  <SP HEIGHT="67" WIDTH="15" VPOS="3102" HPOS="798"/>
                  <String HEIGHT="67"
                          WIDTH="147"
                          VPOS="3102"
                          HPOS="754"
                          CONTENT="gratia"/>
                  <SP HEIGHT="67" WIDTH="15" VPOS="3102" HPOS="901"/>
                  <String HEIGHT="67"
                          WIDTH="206"
                          VPOS="3102"
                          HPOS="857"
                          CONTENT="corporalis"/>
                  <SP HEIGHT="67" WIDTH="15" VPOS="3102" HPOS="1063"/>
                  <String HEIGHT="67" WIDTH="88" VPOS="3102" HPOS="1019" CONTENT="se"/>
                  <SP HEIGHT="67" WIDTH="15" VPOS="3102" HPOS="1108"/>
                  <String HEIGHT="67"
                          WIDTH="133"
                          VPOS="3102"
                          HPOS="1063"
                          CONTENT="habet"/>
                  <SP HEIGHT="67" WIDTH="15" VPOS="3102" HPOS="1196"/>
                  <String HEIGHT="67" WIDTH="88" VPOS="3102" HPOS="1152" CONTENT="ad"/>
                  <SP HEIGHT="67" WIDTH="15" VPOS="3102" HPOS="1240"/>
                  <String HEIGHT="67"
                          WIDTH="118"
                          VPOS="3102"
                          HPOS="1181"
                          CONTENT="corpus"/>
               </TextLine>
            </TextBlock>
            <TextBlock ID="TextRegion_1603045925836_5691"
                       HEIGHT="2964"
                       WIDTH="883"
                       VPOS="222"
                       HPOS="1308">
               <Shape>
                  <Polygon POINTS="1308,222 2177,222 2191,3080 2191,3186 1308,3186"/>
               </Shape>
               <TextLine ID="line_1603045917457_5687"
                         BASELINE="326"
                         HEIGHT="69"
                         WIDTH="863"
                         VPOS="257"
                         HPOS="1302">
                  <String HEIGHT="69"
                          WIDTH="104"
                          VPOS="257"
                          HPOS="1287"
                          CONTENT="ita"/>
                  <SP HEIGHT="69" WIDTH="15" VPOS="257" HPOS="1391"/>
                  <String HEIGHT="69"
                          WIDTH="149"
                          VPOS="257"
                          HPOS="1347"
                          CONTENT="gratia"/>
                  <SP HEIGHT="69" WIDTH="15" VPOS="257" HPOS="1495"/>
                  <String HEIGHT="69"
                          WIDTH="223"
                          VPOS="257"
                          HPOS="1451"
                          CONTENT="spiritualis"/>
                  <SP HEIGHT="69" WIDTH="15" VPOS="257" HPOS="1674"/>
                  <String HEIGHT="69" WIDTH="89" VPOS="257" HPOS="1629" CONTENT="se"/>
                  <SP HEIGHT="69" WIDTH="15" VPOS="257" HPOS="1719"/>
                  <String HEIGHT="69"
                          WIDTH="134"
                          VPOS="257"
                          HPOS="1674"
                          CONTENT="habet"/>
                  <SP HEIGHT="69" WIDTH="15" VPOS="257" HPOS="1808"/>
                  <String HEIGHT="69" WIDTH="89" VPOS="257" HPOS="1763" CONTENT="ad"/>
                  <SP HEIGHT="69" WIDTH="15" VPOS="257" HPOS="1853"/>
                  <String HEIGHT="69"
                          WIDTH="164"
                          VPOS="257"
                          HPOS="1808"
                          CONTENT="animam:"/>
                  <SP HEIGHT="69" WIDTH="15" VPOS="257" HPOS="1972"/>
                  <String HEIGHT="69"
                          WIDTH="104"
                          VPOS="257"
                          HPOS="1927"
                          CONTENT="sed"/>
                  <SP HEIGHT="69" WIDTH="15" VPOS="257" HPOS="2031"/>
                  <String HEIGHT="69"
                          WIDTH="149"
                          VPOS="257"
                          HPOS="1986"
                          CONTENT="gratia"/>
                  <SP HEIGHT="69" WIDTH="15" VPOS="257" HPOS="2135"/>
                  <String HEIGHT="69"
                          WIDTH="89"
                          VPOS="257"
                          HPOS="2076"
                          CONTENT="red"
                          SUBS_TYPE="HypPart1"
                          SUBS_CONTENT="reddens"/>
                  <HYP CONTENT="-"/>
               </TextLine>
               <TextLine ID="r2l3"
                         BASELINE="363"
                         HEIGHT="53"
                         WIDTH="856"
                         VPOS="310"
                         HPOS="1312">
                  <String HEIGHT="53"
                          WIDTH="120"
                          VPOS="310"
                          HPOS="1297"
                          CONTENT="dens"
                          SUBS_TYPE="HypPart2"
                          SUBS_CONTENT="reddens"/>
                  <SP HEIGHT="53" WIDTH="15" VPOS="310" HPOS="1417"/>
                  <String HEIGHT="53"
                          WIDTH="150"
                          VPOS="310"
                          HPOS="1372"
                          CONTENT="corpus"/>
                  <SP HEIGHT="53" WIDTH="15" VPOS="310" HPOS="1522"/>
                  <String HEIGHT="53"
                          WIDTH="165"
                          VPOS="310"
                          HPOS="1477"
                          CONTENT="gratum,"/>
                  <SP HEIGHT="53" WIDTH="15" VPOS="310" HPOS="1642"/>
                  <String HEIGHT="53"
                          WIDTH="105"
                          VPOS="310"
                          HPOS="1597"
                          CONTENT="non"/>
                  <SP HEIGHT="53" WIDTH="15" VPOS="310" HPOS="1702"/>
                  <String HEIGHT="53"
                          WIDTH="105"
                          VPOS="310"
                          HPOS="1657"
                          CONTENT="est"/>
                  <SP HEIGHT="53" WIDTH="15" VPOS="310" HPOS="1763"/>
                  <String HEIGHT="53"
                          WIDTH="105"
                          VPOS="310"
                          HPOS="1717"
                          CONTENT="vna"/>
                  <SP HEIGHT="53" WIDTH="15" VPOS="310" HPOS="1823"/>
                  <String HEIGHT="53"
                          WIDTH="195"
                          VPOS="310"
                          HPOS="1778"
                          CONTENT="qualitas,"/>
                  <SP HEIGHT="53" WIDTH="15" VPOS="310" HPOS="1973"/>
                  <String HEIGHT="53"
                          WIDTH="105"
                          VPOS="310"
                          HPOS="1928"
                          CONTENT="sed"/>
                  <SP HEIGHT="53" WIDTH="15" VPOS="310" HPOS="2033"/>
                  <String HEIGHT="53"
                          WIDTH="105"
                          VPOS="310"
                          HPOS="1988"
                          CONTENT="est"/>
                  <SP HEIGHT="53" WIDTH="15" VPOS="310" HPOS="2093"/>
                  <String HEIGHT="53"
                          WIDTH="135"
                          VPOS="310"
                          HPOS="2033"
                          CONTENT="aliquid"/>
               </TextLine>
               <TextLine ID="r2l5"
                         BASELINE="396"
                         HEIGHT="42"
                         WIDTH="833"
                         VPOS="354"
                         HPOS="1322">
                  <String HEIGHT="42"
                          WIDTH="205"
                          VPOS="354"
                          HPOS="1307"
                          CONTENT="consurgens"/>
                  <SP HEIGHT="42" WIDTH="15" VPOS="354" HPOS="1512"/>
                  <String HEIGHT="42" WIDTH="88" VPOS="354" HPOS="1468" CONTENT="ex"/>
                  <SP HEIGHT="42" WIDTH="15" VPOS="354" HPOS="1556"/>
                  <String HEIGHT="42"
                          WIDTH="190"
                          VPOS="354"
                          HPOS="1512"
                          CONTENT="diuersis,"/>
                  <SP HEIGHT="42" WIDTH="15" VPOS="354" HPOS="1702"/>
                  <String HEIGHT="42"
                          WIDTH="132"
                          VPOS="354"
                          HPOS="1658"
                          CONTENT="puta,"/>
                  <SP HEIGHT="42" WIDTH="15" VPOS="354" HPOS="1790"/>
                  <String HEIGHT="42" WIDTH="88" VPOS="354" HPOS="1746" CONTENT="ex"/>
                  <SP HEIGHT="42" WIDTH="15" VPOS="354" HPOS="1833"/>
                  <String HEIGHT="42"
                          WIDTH="161"
                          VPOS="354"
                          HPOS="1790"
                          CONTENT="figura,"/>
                  <SP HEIGHT="42" WIDTH="15" VPOS="354" HPOS="1950"/>
                  <String HEIGHT="42"
                          WIDTH="161"
                          VPOS="354"
                          HPOS="1907"
                          CONTENT="colore,"/>
                  <SP HEIGHT="42" WIDTH="15" VPOS="354" HPOS="2067"/>
                  <String HEIGHT="42"
                          WIDTH="146"
                          VPOS="354"
                          HPOS="2009"
                          CONTENT="mansuetu"/>
               </TextLine>
               <TextLine ID="r2l7"
                         BASELINE="436"
                         HEIGHT="47"
                         WIDTH="841"
                         VPOS="389"
                         HPOS="1322">
                  <String HEIGHT="47"
                          WIDTH="131"
                          VPOS="389"
                          HPOS="1308"
                          CONTENT="dine,"/>
                  <SP HEIGHT="47" WIDTH="15" VPOS="389" HPOS="1438"/>
                  <String HEIGHT="47"
                          WIDTH="218"
                          VPOS="389"
                          HPOS="1395"
                          CONTENT="verecundia,"/>
                  <SP HEIGHT="47" WIDTH="15" VPOS="389" HPOS="1612"/>
                  <String HEIGHT="47" WIDTH="73" VPOS="389" HPOS="1569" CONTENT="&amp;"/>
                  <SP HEIGHT="47" WIDTH="15" VPOS="389" HPOS="1641"/>
                  <String HEIGHT="47"
                          WIDTH="203"
                          VPOS="389"
                          HPOS="1598"
                          CONTENT="honestate,"/>
                  <SP HEIGHT="47" WIDTH="15" VPOS="389" HPOS="1801"/>
                  <String HEIGHT="47"
                          WIDTH="116"
                          VPOS="389"
                          HPOS="1757"
                          CONTENT="ergo"/>
                  <SP HEIGHT="47" WIDTH="15" VPOS="389" HPOS="1873"/>
                  <String HEIGHT="47"
                          WIDTH="145"
                          VPOS="389"
                          HPOS="1830"
                          CONTENT="gratia"/>
                  <SP HEIGHT="47" WIDTH="15" VPOS="389" HPOS="1975"/>
                  <String HEIGHT="47"
                          WIDTH="218"
                          VPOS="389"
                          HPOS="1931"
                          CONTENT="spiritualis"/>
                  <SP HEIGHT="47" WIDTH="15" VPOS="389" HPOS="2149"/>
                  <String HEIGHT="47" WIDTH="73" VPOS="389" HPOS="2091" CONTENT="con"/>
               </TextLine>
               <TextLine ID="r2l10"
                         BASELINE="482"
                         HEIGHT="49"
                         WIDTH="840"
                         VPOS="433"
                         HPOS="1314">
                  <String HEIGHT="49"
                          WIDTH="145"
                          VPOS="433"
                          HPOS="1300"
                          CONTENT="surget"/>
                  <SP HEIGHT="49" WIDTH="14" VPOS="433" HPOS="1444"/>
                  <String HEIGHT="49" WIDTH="87" VPOS="433" HPOS="1401" CONTENT="ex"/>
                  <SP HEIGHT="49" WIDTH="14" VPOS="433" HPOS="1488"/>
                  <String HEIGHT="49"
                          WIDTH="145"
                          VPOS="433"
                          HPOS="1444"
                          CONTENT="multis"/>
                  <SP HEIGHT="49" WIDTH="14" VPOS="433" HPOS="1589"/>
                  <String HEIGHT="49"
                          WIDTH="203"
                          VPOS="433"
                          HPOS="1546"
                          CONTENT="virtutibus"/>
                  <SP HEIGHT="49" WIDTH="14" VPOS="433" HPOS="1748"/>
                  <String HEIGHT="49" WIDTH="87" VPOS="433" HPOS="1705" CONTENT="in"/>
                  <SP HEIGHT="49" WIDTH="14" VPOS="433" HPOS="1792"/>
                  <String HEIGHT="49"
                          WIDTH="145"
                          VPOS="433"
                          HPOS="1748"
                          CONTENT="anima."/>
                  <SP HEIGHT="49" WIDTH="14" VPOS="433" HPOS="1893"/>
                  <String HEIGHT="49" WIDTH="87" VPOS="433" HPOS="1850" CONTENT="Et"/>
                  <SP HEIGHT="49" WIDTH="14" VPOS="433" HPOS="1937"/>
                  <String HEIGHT="49"
                          WIDTH="130"
                          VPOS="433"
                          HPOS="1893"
                          CONTENT="addit"/>
                  <SP HEIGHT="49" WIDTH="14" VPOS="433" HPOS="2024"/>
                  <String HEIGHT="49"
                          WIDTH="116"
                          VPOS="433"
                          HPOS="1980"
                          CONTENT="iste"/>
                  <SP HEIGHT="49" WIDTH="14" VPOS="433" HPOS="2096"/>
                  <String HEIGHT="49"
                          WIDTH="116"
                          VPOS="433"
                          HPOS="2038"
                          CONTENT="doctoi"/>
               </TextLine>
               <TextLine ID="r2l12"
                         BASELINE="524"
                         HEIGHT="53"
                         WIDTH="836"
                         VPOS="471"
                         HPOS="1329">
                  <String HEIGHT="53"
                          WIDTH="126"
                          VPOS="471"
                          HPOS="1313"
                          CONTENT="quod"/>
                  <SP HEIGHT="53" WIDTH="16" VPOS="471" HPOS="1439"/>
                  <String HEIGHT="53"
                          WIDTH="158"
                          VPOS="471"
                          HPOS="1392"
                          CONTENT="gratia"/>
                  <SP HEIGHT="53" WIDTH="16" VPOS="471" HPOS="1550"/>
                  <String HEIGHT="53"
                          WIDTH="110"
                          VPOS="471"
                          HPOS="1503"
                          CONTENT="non"/>
                  <SP HEIGHT="53" WIDTH="16" VPOS="471" HPOS="1613"/>
                  <String HEIGHT="53"
                          WIDTH="110"
                          VPOS="471"
                          HPOS="1566"
                          CONTENT="est"/>
                  <SP HEIGHT="53" WIDTH="16" VPOS="471" HPOS="1676"/>
                  <String HEIGHT="53"
                          WIDTH="126"
                          VPOS="471"
                          HPOS="1629"
                          CONTENT="nisi"/>
                  <SP HEIGHT="53" WIDTH="16" VPOS="471" HPOS="1755"/>
                  <String HEIGHT="53"
                          WIDTH="174"
                          VPOS="471"
                          HPOS="1708"
                          CONTENT="quaedam"/>
                  <SP HEIGHT="53" WIDTH="16" VPOS="471" HPOS="1881"/>
                  <String HEIGHT="53"
                          WIDTH="221"
                          VPOS="471"
                          HPOS="1834"
                          CONTENT="extrinseca"/>
                  <SP HEIGHT="53" WIDTH="16" VPOS="471" HPOS="2055"/>
                  <String HEIGHT="53"
                          WIDTH="174"
                          VPOS="471"
                          HPOS="1991"
                          CONTENT="denomina"
                          SUBS_TYPE="HypPart1"
                          SUBS_CONTENT="denominatio"/>
                  <HYP CONTENT="-"/>
               </TextLine>
               <TextLine ID="r2l13"
                         BASELINE="556"
                         HEIGHT="45"
                         WIDTH="836"
                         VPOS="511"
                         HPOS="1317">
                  <String HEIGHT="45"
                          WIDTH="115"
                          VPOS="511"
                          HPOS="1301"
                          CONTENT="tio"
                          SUBS_TYPE="HypPart2"
                          SUBS_CONTENT="denominatio"/>
                  <SP HEIGHT="45" WIDTH="16" VPOS="511" HPOS="1415"/>
                  <String HEIGHT="45" WIDTH="98" VPOS="511" HPOS="1366" CONTENT="ab"/>
                  <SP HEIGHT="45" WIDTH="16" VPOS="511" HPOS="1465"/>
                  <String HEIGHT="45"
                          WIDTH="131"
                          VPOS="511"
                          HPOS="1415"
                          CONTENT="actu"/>
                  <SP HEIGHT="45" WIDTH="16" VPOS="511" HPOS="1546"/>
                  <String HEIGHT="45"
                          WIDTH="262"
                          VPOS="511"
                          HPOS="1497"
                          CONTENT="acceptantis:"/>
                  <SP HEIGHT="45" WIDTH="16" VPOS="511" HPOS="1760"/>
                  <String HEIGHT="45"
                          WIDTH="246"
                          VPOS="511"
                          HPOS="1710"
                          CONTENT="fundamentum"/>
                  <SP HEIGHT="45" WIDTH="16" VPOS="511" HPOS="1956"/>
                  <String HEIGHT="45"
                          WIDTH="148"
                          VPOS="511"
                          HPOS="1907"
                          CONTENT="autem"/>
                  <SP HEIGHT="45" WIDTH="16" VPOS="511" HPOS="2055"/>
                  <String HEIGHT="45"
                          WIDTH="164"
                          VPOS="511"
                          HPOS="1989"
                          CONTENT="denomin:"/>
               </TextLine>
               <TextLine ID="r2l16"
                         BASELINE="594"
                         HEIGHT="44"
                         WIDTH="846"
                         VPOS="550"
                         HPOS="1317">
                  <String HEIGHT="44"
                          WIDTH="154"
                          VPOS="550"
                          HPOS="1302"
                          CONTENT="tionis"/>
                  <SP HEIGHT="44" WIDTH="15" VPOS="550" HPOS="1455"/>
                  <String HEIGHT="44"
                          WIDTH="123"
                          VPOS="550"
                          HPOS="1409"
                          CONTENT="sunt"/>
                  <SP HEIGHT="44" WIDTH="15" VPOS="550" HPOS="1532"/>
                  <String HEIGHT="44"
                          WIDTH="200"
                          VPOS="550"
                          HPOS="1486"
                          CONTENT="virtutes,"/>
                  <SP HEIGHT="44" WIDTH="15" VPOS="550" HPOS="1686"/>
                  <String HEIGHT="44" WIDTH="77" VPOS="550" HPOS="1640" CONTENT="&amp;"/>
                  <SP HEIGHT="44" WIDTH="15" VPOS="550" HPOS="1717"/>
                  <String HEIGHT="44"
                          WIDTH="138"
                          VPOS="550"
                          HPOS="1671"
                          CONTENT="dona."/>
                  <SP HEIGHT="44" WIDTH="15" VPOS="550" HPOS="1809"/>
                  <String HEIGHT="44"
                          WIDTH="123"
                          VPOS="550"
                          HPOS="1763"
                          CONTENT="Iste"/>
                  <SP HEIGHT="44" WIDTH="15" VPOS="550" HPOS="1886"/>
                  <String HEIGHT="44"
                          WIDTH="154"
                          VPOS="550"
                          HPOS="1840"
                          CONTENT="doctor"/>
                  <SP HEIGHT="44" WIDTH="15" VPOS="550" HPOS="1994"/>
                  <String HEIGHT="44"
                          WIDTH="169"
                          VPOS="550"
                          HPOS="1948"
                          CONTENT="assumit"/>
                  <SP HEIGHT="44" WIDTH="15" VPOS="550" HPOS="2117"/>
                  <String HEIGHT="44"
                          WIDTH="108"
                          VPOS="550"
                          HPOS="2055"
                          CONTENT="multa"/>
               </TextLine>
               <TextLine ID="r2l18"
                         BASELINE="631"
                         HEIGHT="45"
                         WIDTH="856"
                         VPOS="586"
                         HPOS="1322">
                  <String HEIGHT="45"
                          WIDTH="178"
                          VPOS="586"
                          HPOS="1304"
                          CONTENT="dubia,"/>
                  <SP HEIGHT="45" WIDTH="18" VPOS="586" HPOS="1483"/>
                  <String HEIGHT="45"
                          WIDTH="143"
                          VPOS="586"
                          HPOS="1429"
                          CONTENT="quae"/>
                  <SP HEIGHT="45" WIDTH="18" VPOS="586" HPOS="1572"/>
                  <String HEIGHT="45"
                          WIDTH="161"
                          VPOS="586"
                          HPOS="1518"
                          CONTENT="causa"/>
                  <SP HEIGHT="45" WIDTH="18" VPOS="586" HPOS="1679"/>
                  <String HEIGHT="45"
                          WIDTH="250"
                          VPOS="586"
                          HPOS="1625"
                          CONTENT="breuitatis"/>
                  <SP HEIGHT="45" WIDTH="18" VPOS="586" HPOS="1875"/>
                  <String HEIGHT="45"
                          WIDTH="178"
                          VPOS="586"
                          HPOS="1821"
                          CONTENT="tangam"/>
                  <SP HEIGHT="45" WIDTH="18" VPOS="586" HPOS="2000"/>
                  <String HEIGHT="45" WIDTH="107" VPOS="586" HPOS="1946" CONTENT="in"/>
                  <SP HEIGHT="45" WIDTH="18" VPOS="586" HPOS="2053"/>
                  <String HEIGHT="45"
                          WIDTH="196"
                          VPOS="586"
                          HPOS="1982"
                          CONTENT="soluendo."/>
               </TextLine>
               <TextLine ID="r2l19"
                         BASELINE="679"
                         HEIGHT="48"
                         WIDTH="838"
                         VPOS="631"
                         HPOS="1323">
                  <String HEIGHT="48" WIDTH="101" VPOS="631" HPOS="1306" CONTENT="Ad"/>
                  <SP HEIGHT="48" WIDTH="17" VPOS="631" HPOS="1407"/>
                  <String HEIGHT="48"
                          WIDTH="168"
                          VPOS="631"
                          HPOS="1357"
                          CONTENT="primum"/>
                  <SP HEIGHT="48" WIDTH="17" VPOS="631" HPOS="1524"/>
                  <String HEIGHT="48"
                          WIDTH="134"
                          VPOS="631"
                          HPOS="1474"
                          CONTENT="ergo"/>
                  <SP HEIGHT="48" WIDTH="17" VPOS="631" HPOS="1608"/>
                  <String HEIGHT="48"
                          WIDTH="218"
                          VPOS="631"
                          HPOS="1558"
                          CONTENT="dicendum,"/>
                  <SP HEIGHT="48" WIDTH="17" VPOS="631" HPOS="1776"/>
                  <String HEIGHT="48"
                          WIDTH="134"
                          VPOS="631"
                          HPOS="1725"
                          CONTENT="quod"/>
                  <SP HEIGHT="48" WIDTH="17" VPOS="631" HPOS="1859"/>
                  <String HEIGHT="48"
                          WIDTH="235"
                          VPOS="631"
                          HPOS="1809"
                          CONTENT="causalitas"/>
                  <SP HEIGHT="48" WIDTH="17" VPOS="631" HPOS="2044"/>
                  <String HEIGHT="48"
                          WIDTH="201"
                          VPOS="631"
                          HPOS="1993"
                          CONTENT="gratiae,"/>
                  <SP HEIGHT="48" WIDTH="17" VPOS="631" HPOS="2195"/>
                  <String HEIGHT="48" WIDTH="34" VPOS="631" HPOS="2127" CONTENT=""/>
               </TextLine>
               <TextLine ID="r2l22"
                         BASELINE="715"
                         HEIGHT="48"
                         WIDTH="849"
                         VPOS="667"
                         HPOS="1319">
                  <String HEIGHT="48"
                          WIDTH="179"
                          VPOS="667"
                          HPOS="1304"
                          CONTENT="respectu"/>
                  <SP HEIGHT="48" WIDTH="15" VPOS="667" HPOS="1483"/>
                  <String HEIGHT="48"
                          WIDTH="194"
                          VPOS="667"
                          HPOS="1438"
                          CONTENT="virtutum,"/>
                  <SP HEIGHT="48" WIDTH="15" VPOS="667" HPOS="1632"/>
                  <String HEIGHT="48"
                          WIDTH="104"
                          VPOS="667"
                          HPOS="1587"
                          CONTENT="est"/>
                  <SP HEIGHT="48" WIDTH="15" VPOS="667" HPOS="1691"/>
                  <String HEIGHT="48"
                          WIDTH="149"
                          VPOS="667"
                          HPOS="1647"
                          CONTENT="aliquo"/>
                  <SP HEIGHT="48" WIDTH="15" VPOS="667" HPOS="1796"/>
                  <String HEIGHT="48"
                          WIDTH="119"
                          VPOS="667"
                          HPOS="1751"
                          CONTENT="modo"/>
                  <SP HEIGHT="48" WIDTH="15" VPOS="667" HPOS="1870"/>
                  <String HEIGHT="48" WIDTH="89" VPOS="667" HPOS="1825" CONTENT="de"/>
                  <SP HEIGHT="48" WIDTH="15" VPOS="667" HPOS="1915"/>
                  <String HEIGHT="48"
                          WIDTH="149"
                          VPOS="667"
                          HPOS="1870"
                          CONTENT="genere"/>
                  <SP HEIGHT="48" WIDTH="15" VPOS="667" HPOS="2019"/>
                  <String HEIGHT="48"
                          WIDTH="149"
                          VPOS="667"
                          HPOS="1974"
                          CONTENT="causae"/>
                  <SP HEIGHT="48" WIDTH="15" VPOS="667" HPOS="2123"/>
                  <String HEIGHT="48"
                          WIDTH="104"
                          VPOS="667"
                          HPOS="2064"
                          CONTENT="effi"
                          SUBS_TYPE="HypPart1"
                          SUBS_CONTENT="efficientis:"/>
                  <HYP CONTENT="-"/>
               </TextLine>
               <TextLine ID="r2l25"
                         BASELINE="754"
                         HEIGHT="51"
                         WIDTH="843"
                         VPOS="703"
                         HPOS="1323">
                  <String HEIGHT="51"
                          WIDTH="163"
                          VPOS="703"
                          HPOS="1309"
                          CONTENT="cientis:"
                          SUBS_TYPE="HypPart2"
                          SUBS_CONTENT="efficientis:"/>
                  <SP HEIGHT="51" WIDTH="14" VPOS="703" HPOS="1473"/>
                  <String HEIGHT="51"
                          WIDTH="122"
                          VPOS="703"
                          HPOS="1432"
                          CONTENT="quia,"/>
                  <SP HEIGHT="51" WIDTH="14" VPOS="703" HPOS="1554"/>
                  <String HEIGHT="51" WIDTH="82" VPOS="703" HPOS="1513" CONTENT="vt"/>
                  <SP HEIGHT="51" WIDTH="14" VPOS="703" HPOS="1595"/>
                  <String HEIGHT="51"
                          WIDTH="163"
                          VPOS="703"
                          HPOS="1554"
                          CONTENT="superius"/>
                  <SP HEIGHT="51" WIDTH="14" VPOS="703" HPOS="1717"/>
                  <String HEIGHT="51"
                          WIDTH="109"
                          VPOS="703"
                          HPOS="1677"
                          CONTENT="dixi"/>
                  <SP HEIGHT="51" WIDTH="14" VPOS="703" HPOS="1785"/>
                  <String HEIGHT="51"
                          WIDTH="190"
                          VPOS="703"
                          HPOS="1745"
                          CONTENT="disposito,"/>
                  <SP HEIGHT="51" WIDTH="14" VPOS="703" HPOS="1935"/>
                  <String HEIGHT="51"
                          WIDTH="109"
                          VPOS="703"
                          HPOS="1894"
                          CONTENT="quae"/>
                  <SP HEIGHT="51" WIDTH="14" VPOS="703" HPOS="2003"/>
                  <String HEIGHT="51" WIDTH="95" VPOS="703" HPOS="1962" CONTENT="est"/>
                  <SP HEIGHT="51" WIDTH="14" VPOS="703" HPOS="2057"/>
                  <String HEIGHT="51"
                          WIDTH="122"
                          VPOS="703"
                          HPOS="2016"
                          CONTENT="ratio"/>
                  <SP HEIGHT="51" WIDTH="14" VPOS="703" HPOS="2139"/>
                  <String HEIGHT="51"
                          WIDTH="82"
                          VPOS="703"
                          HPOS="2084"
                          CONTENT="reci"/>
               </TextLine>
               <TextLine ID="r2l28"
                         BASELINE="792"
                         HEIGHT="49"
                         WIDTH="839"
                         VPOS="743"
                         HPOS="1324">
                  <String HEIGHT="49"
                          WIDTH="153"
                          VPOS="743"
                          HPOS="1309"
                          CONTENT="piendi"/>
                  <SP HEIGHT="49" WIDTH="15" VPOS="743" HPOS="1461"/>
                  <String HEIGHT="49"
                          WIDTH="168"
                          VPOS="743"
                          HPOS="1416"
                          CONTENT="aliquid"/>
                  <SP HEIGHT="49" WIDTH="15" VPOS="743" HPOS="1583"/>
                  <String HEIGHT="49" WIDTH="76" VPOS="743" HPOS="1538" CONTENT="&amp;"/>
                  <SP HEIGHT="49" WIDTH="15" VPOS="743" HPOS="1614"/>
                  <String HEIGHT="49"
                          WIDTH="107"
                          VPOS="743"
                          HPOS="1568"
                          CONTENT="non"/>
                  <SP HEIGHT="49" WIDTH="15" VPOS="743" HPOS="1675"/>
                  <String HEIGHT="49"
                          WIDTH="137"
                          VPOS="743"
                          HPOS="1629"
                          CONTENT="ratio"/>
                  <SP HEIGHT="49" WIDTH="15" VPOS="743" HPOS="1766"/>
                  <String HEIGHT="49"
                          WIDTH="214"
                          VPOS="743"
                          HPOS="1721"
                          CONTENT="receptiua,"/>
                  <SP HEIGHT="49" WIDTH="15" VPOS="743" HPOS="1934"/>
                  <String HEIGHT="49"
                          WIDTH="198"
                          VPOS="743"
                          HPOS="1888"
                          CONTENT="reducitur"/>
                  <SP HEIGHT="49" WIDTH="15" VPOS="743" HPOS="2087"/>
                  <String HEIGHT="49" WIDTH="92" VPOS="743" HPOS="2041" CONTENT="ad"/>
                  <SP HEIGHT="49" WIDTH="15" VPOS="743" HPOS="2132"/>
                  <String HEIGHT="49"
                          WIDTH="92"
                          VPOS="743"
                          HPOS="2071"
                          CONTENT="cau"
                          SUBS_TYPE="HypPart1"
                          SUBS_CONTENT="causam"/>
                  <HYP CONTENT="-"/>
               </TextLine>
               <TextLine ID="r2l31"
                         BASELINE="830"
                         HEIGHT="45"
                         WIDTH="842"
                         VPOS="785"
                         HPOS="1317">
                  <String HEIGHT="45"
                          WIDTH="109"
                          VPOS="785"
                          HPOS="1301"
                          CONTENT="sam"
                          SUBS_TYPE="HypPart2"
                          SUBS_CONTENT="causam"/>
                  <SP HEIGHT="45" WIDTH="16" VPOS="785" HPOS="1411"/>
                  <String HEIGHT="45"
                          WIDTH="234"
                          VPOS="785"
                          HPOS="1364"
                          CONTENT="efficientem"/>
                  <SP HEIGHT="45" WIDTH="16" VPOS="785" HPOS="1598"/>
                  <String HEIGHT="45"
                          WIDTH="187"
                          VPOS="785"
                          HPOS="1551"
                          CONTENT="respectu"/>
                  <SP HEIGHT="45" WIDTH="16" VPOS="785" HPOS="1738"/>
                  <String HEIGHT="45"
                          WIDTH="172"
                          VPOS="785"
                          HPOS="1691"
                          CONTENT="illius,"/>
                  <SP HEIGHT="45" WIDTH="16" VPOS="785" HPOS="1863"/>
                  <String HEIGHT="45"
                          WIDTH="109"
                          VPOS="785"
                          HPOS="1816"
                          CONTENT="sed"/>
                  <SP HEIGHT="45" WIDTH="16" VPOS="785" HPOS="1925"/>
                  <String HEIGHT="45"
                          WIDTH="125"
                          VPOS="785"
                          HPOS="1878"
                          CONTENT="Deus"/>
                  <SP HEIGHT="45" WIDTH="16" VPOS="785" HPOS="2003"/>
                  <String HEIGHT="45"
                          WIDTH="109"
                          VPOS="785"
                          HPOS="1956"
                          CONTENT="per"/>
                  <SP HEIGHT="45" WIDTH="16" VPOS="785" HPOS="2065"/>
                  <String HEIGHT="45"
                          WIDTH="172"
                          VPOS="785"
                          HPOS="2019"
                          CONTENT="gratiam"/>
                  <SP HEIGHT="45" WIDTH="16" VPOS="785" HPOS="2190"/>
                  <String HEIGHT="45" WIDTH="31" VPOS="785" HPOS="2128" CONTENT=""/>
               </TextLine>
               <TextLine ID="r2l33"
                         BASELINE="880"
                         HEIGHT="53"
                         WIDTH="856"
                         VPOS="827"
                         HPOS="1319">
                  <String HEIGHT="53"
                          WIDTH="122"
                          VPOS="827"
                          HPOS="1304"
                          CONTENT="quam"/>
                  <SP HEIGHT="53" WIDTH="15" VPOS="827" HPOS="1426"/>
                  <String HEIGHT="53"
                          WIDTH="183"
                          VPOS="827"
                          HPOS="1380"
                          CONTENT="infundit"/>
                  <SP HEIGHT="53" WIDTH="15" VPOS="827" HPOS="1564"/>
                  <String HEIGHT="53"
                          WIDTH="199"
                          VPOS="827"
                          HPOS="1518"
                          CONTENT="essentiae"/>
                  <SP HEIGHT="53" WIDTH="15" VPOS="827" HPOS="1716"/>
                  <String HEIGHT="53"
                          WIDTH="153"
                          VPOS="827"
                          HPOS="1671"
                          CONTENT="animae"/>
                  <SP HEIGHT="53" WIDTH="15" VPOS="827" HPOS="1823"/>
                  <String HEIGHT="53"
                          WIDTH="168"
                          VPOS="827"
                          HPOS="1778"
                          CONTENT="taliter"/>
                  <SP HEIGHT="53" WIDTH="15" VPOS="827" HPOS="1946"/>
                  <String HEIGHT="53"
                          WIDTH="107"
                          VPOS="827"
                          HPOS="1900"
                          CONTENT="eam"/>
                  <SP HEIGHT="53" WIDTH="15" VPOS="827" HPOS="2007"/>
                  <String HEIGHT="53"
                          WIDTH="229"
                          VPOS="827"
                          HPOS="1961"
                          CONTENT="qualificat,"/>
                  <SP HEIGHT="53" WIDTH="15" VPOS="827" HPOS="2190"/>
                  <String HEIGHT="53" WIDTH="46" VPOS="827" HPOS="2129" CONTENT="&amp;"/>
               </TextLine>
               <TextLine ID="r2l35"
                         BASELINE="911"
                         HEIGHT="47"
                         WIDTH="841"
                         VPOS="864"
                         HPOS="1326">
                  <String HEIGHT="47"
                          WIDTH="192"
                          VPOS="864"
                          HPOS="1311"
                          CONTENT="disponit,"/>
                  <SP HEIGHT="47" WIDTH="15" VPOS="864" HPOS="1503"/>
                  <String HEIGHT="47"
                          WIDTH="118"
                          VPOS="864"
                          HPOS="1459"
                          CONTENT="quod"/>
                  <SP HEIGHT="47" WIDTH="15" VPOS="864" HPOS="1577"/>
                  <String HEIGHT="47"
                          WIDTH="192"
                          VPOS="864"
                          HPOS="1533"
                          CONTENT="potentiae"/>
                  <SP HEIGHT="47" WIDTH="15" VPOS="864" HPOS="1724"/>
                  <String HEIGHT="47"
                          WIDTH="221"
                          VPOS="864"
                          HPOS="1680"
                          CONTENT="naturaliter"/>
                  <SP HEIGHT="47" WIDTH="15" VPOS="864" HPOS="1901"/>
                  <String HEIGHT="47"
                          WIDTH="177"
                          VPOS="864"
                          HPOS="1857"
                          CONTENT="fundatae"/>
                  <SP HEIGHT="47" WIDTH="15" VPOS="864" HPOS="2034"/>
                  <String HEIGHT="47" WIDTH="89" VPOS="864" HPOS="1990" CONTENT="in"/>
                  <SP HEIGHT="47" WIDTH="15" VPOS="864" HPOS="2078"/>
                  <String HEIGHT="47"
                          WIDTH="148"
                          VPOS="864"
                          HPOS="2019"
                          CONTENT="essentia"/>
               </TextLine>
               <TextLine ID="r2l36"
                         BASELINE="948"
                         HEIGHT="48"
                         WIDTH="843"
                         VPOS="900"
                         HPOS="1322">
                  <String HEIGHT="48"
                          WIDTH="148"
                          VPOS="900"
                          HPOS="1307"
                          CONTENT="animae"/>
                  <SP HEIGHT="48" WIDTH="15" VPOS="900" HPOS="1455"/>
                  <String HEIGHT="48"
                          WIDTH="207"
                          VPOS="900"
                          HPOS="1411"
                          CONTENT="actualiter"/>
                  <SP HEIGHT="48" WIDTH="15" VPOS="900" HPOS="1618"/>
                  <String HEIGHT="48"
                          WIDTH="133"
                          VPOS="900"
                          HPOS="1573"
                          CONTENT="erunt"/>
                  <SP HEIGHT="48" WIDTH="15" VPOS="900" HPOS="1707"/>
                  <String HEIGHT="48"
                          WIDTH="163"
                          VPOS="900"
                          HPOS="1662"
                          CONTENT="capaces"/>
                  <SP HEIGHT="48" WIDTH="15" VPOS="900" HPOS="1825"/>
                  <String HEIGHT="48"
                          WIDTH="192"
                          VPOS="900"
                          HPOS="1780"
                          CONTENT="virtutum,"/>
                  <SP HEIGHT="48" WIDTH="15" VPOS="900" HPOS="1973"/>
                  <String HEIGHT="48" WIDTH="74" VPOS="900" HPOS="1928" CONTENT="&amp;"/>
                  <SP HEIGHT="48" WIDTH="15" VPOS="900" HPOS="2002"/>
                  <String HEIGHT="48" WIDTH="89" VPOS="900" HPOS="1958" CONTENT="de"/>
                  <SP HEIGHT="48" WIDTH="15" VPOS="900" HPOS="2047"/>
                  <String HEIGHT="48"
                          WIDTH="133"
                          VPOS="900"
                          HPOS="2002"
                          CONTENT="facto"/>
                  <SP HEIGHT="48" WIDTH="15" VPOS="900" HPOS="2135"/>
                  <String HEIGHT="48"
                          WIDTH="89"
                          VPOS="900"
                          HPOS="2076"
                          CONTENT="reci"/>
               </TextLine>
               <TextLine ID="r2l38"
                         BASELINE="993"
                         HEIGHT="50"
                         WIDTH="832"
                         VPOS="943"
                         HPOS="1326">
                  <String HEIGHT="50"
                          WIDTH="131"
                          VPOS="943"
                          HPOS="1311"
                          CONTENT="piunt"/>
                  <SP HEIGHT="50" WIDTH="15" VPOS="943" HPOS="1443"/>
                  <String HEIGHT="50"
                          WIDTH="117"
                          VPOS="943"
                          HPOS="1399"
                          CONTENT="eas,"/>
                  <SP HEIGHT="50" WIDTH="15" VPOS="943" HPOS="1516"/>
                  <String HEIGHT="50"
                          WIDTH="102"
                          VPOS="943"
                          HPOS="1472"
                          CONTENT="sic"/>
                  <SP HEIGHT="50" WIDTH="15" VPOS="943" HPOS="1574"/>
                  <String HEIGHT="50"
                          WIDTH="146"
                          VPOS="943"
                          HPOS="1530"
                          CONTENT="tamen,"/>
                  <SP HEIGHT="50" WIDTH="15" VPOS="943" HPOS="1676"/>
                  <String HEIGHT="50"
                          WIDTH="117"
                          VPOS="943"
                          HPOS="1633"
                          CONTENT="quod"/>
                  <SP HEIGHT="50" WIDTH="15" VPOS="943" HPOS="1749"/>
                  <String HEIGHT="50"
                          WIDTH="146"
                          VPOS="943"
                          HPOS="1706"
                          CONTENT="gratia"/>
                  <SP HEIGHT="50" WIDTH="15" VPOS="943" HPOS="1851"/>
                  <String HEIGHT="50"
                          WIDTH="102"
                          VPOS="943"
                          HPOS="1808"
                          CONTENT="non"/>
                  <SP HEIGHT="50" WIDTH="15" VPOS="943" HPOS="1910"/>
                  <String HEIGHT="50"
                          WIDTH="102"
                          VPOS="943"
                          HPOS="1866"
                          CONTENT="est"/>
                  <SP HEIGHT="50" WIDTH="15" VPOS="943" HPOS="1968"/>
                  <String HEIGHT="50"
                          WIDTH="131"
                          VPOS="943"
                          HPOS="1924"
                          CONTENT="ratio"/>
                  <SP HEIGHT="50" WIDTH="15" VPOS="943" HPOS="2056"/>
                  <String HEIGHT="50"
                          WIDTH="161"
                          VPOS="943"
                          HPOS="1997"
                          CONTENT="recepriua"/>
               </TextLine>
               <TextLine ID="r2l41"
                         BASELINE="1034"
                         HEIGHT="47"
                         WIDTH="839"
                         VPOS="987"
                         HPOS="1325">
                  <String HEIGHT="47"
                          WIDTH="202"
                          VPOS="987"
                          HPOS="1309"
                          CONTENT="virtutum,"/>
                  <SP HEIGHT="47" WIDTH="16" VPOS="987" HPOS="1511"/>
                  <String HEIGHT="47"
                          WIDTH="109"
                          VPOS="987"
                          HPOS="1465"
                          CONTENT="cum"/>
                  <SP HEIGHT="47" WIDTH="16" VPOS="987" HPOS="1574"/>
                  <String HEIGHT="47"
                          WIDTH="109"
                          VPOS="987"
                          HPOS="1527"
                          CONTENT="non"/>
                  <SP HEIGHT="47" WIDTH="16" VPOS="987" HPOS="1636"/>
                  <String HEIGHT="47"
                          WIDTH="109"
                          VPOS="987"
                          HPOS="1589"
                          CONTENT="sit"/>
                  <SP HEIGHT="47" WIDTH="16" VPOS="987" HPOS="1698"/>
                  <String HEIGHT="47"
                          WIDTH="202"
                          VPOS="987"
                          HPOS="1651"
                          CONTENT="subiectum"/>
                  <SP HEIGHT="47" WIDTH="16" VPOS="987" HPOS="1853"/>
                  <String HEIGHT="47"
                          WIDTH="155"
                          VPOS="987"
                          HPOS="1807"
                          CONTENT="earum;"/>
                  <SP HEIGHT="47" WIDTH="16" VPOS="987" HPOS="1962"/>
                  <String HEIGHT="47"
                          WIDTH="124"
                          VPOS="987"
                          HPOS="1915"
                          CONTENT="ergo"/>
                  <SP HEIGHT="47" WIDTH="16" VPOS="987" HPOS="2040"/>
                  <String HEIGHT="47"
                          WIDTH="140"
                          VPOS="987"
                          HPOS="1993"
                          CONTENT="solum"/>
                  <SP HEIGHT="47" WIDTH="16" VPOS="987" HPOS="2133"/>
                  <String HEIGHT="47"
                          WIDTH="93"
                          VPOS="987"
                          HPOS="2071"
                          CONTENT="erit"/>
               </TextLine>
               <TextLine ID="r2l42"
                         BASELINE="1068"
                         HEIGHT="44"
                         WIDTH="846"
                         VPOS="1024"
                         HPOS="1325">
                  <String HEIGHT="44"
                          WIDTH="144"
                          VPOS="1024"
                          HPOS="1309"
                          CONTENT="ratio"/>
                  <SP HEIGHT="44" WIDTH="16" VPOS="1024" HPOS="1453"/>
                  <String HEIGHT="44"
                          WIDTH="239"
                          VPOS="1024"
                          HPOS="1405"
                          CONTENT="recipiendi,"/>
                  <SP HEIGHT="44" WIDTH="16" VPOS="1024" HPOS="1644"/>
                  <String HEIGHT="44" WIDTH="80" VPOS="1024" HPOS="1596" CONTENT="&amp;"/>
                  <SP HEIGHT="44" WIDTH="16" VPOS="1024" HPOS="1676"/>
                  <String HEIGHT="44"
                          WIDTH="112"
                          VPOS="1024"
                          HPOS="1628"
                          CONTENT="per"/>
                  <SP HEIGHT="44" WIDTH="16" VPOS="1024" HPOS="1740"/>
                  <String HEIGHT="44"
                          WIDTH="223"
                          VPOS="1024"
                          HPOS="1692"
                          CONTENT="consequens"/>
                  <SP HEIGHT="44" WIDTH="16" VPOS="1024" HPOS="1916"/>
                  <String HEIGHT="44"
                          WIDTH="160"
                          VPOS="1024"
                          HPOS="1868"
                          CONTENT="aliquo"/>
                  <SP HEIGHT="44" WIDTH="16" VPOS="1024" HPOS="2027"/>
                  <String HEIGHT="44"
                          WIDTH="128"
                          VPOS="1024"
                          HPOS="1979"
                          CONTENT="modo"/>
                  <SP HEIGHT="44" WIDTH="16" VPOS="1024" HPOS="2107"/>
                  <String HEIGHT="44"
                          WIDTH="128"
                          VPOS="1024"
                          HPOS="2043"
                          CONTENT="gratia"/>
               </TextLine>
               <TextLine ID="r2l45"
                         BASELINE="1103"
                         HEIGHT="48"
                         WIDTH="845"
                         VPOS="1055"
                         HPOS="1320">
                  <String HEIGHT="48"
                          WIDTH="106"
                          VPOS="1055"
                          HPOS="1305"
                          CONTENT="est"/>
                  <SP HEIGHT="48" WIDTH="15" VPOS="1055" HPOS="1411"/>
                  <String HEIGHT="48"
                          WIDTH="136"
                          VPOS="1055"
                          HPOS="1365"
                          CONTENT="causa"/>
                  <SP HEIGHT="48" WIDTH="15" VPOS="1055" HPOS="1501"/>
                  <String HEIGHT="48"
                          WIDTH="196"
                          VPOS="1055"
                          HPOS="1456"
                          CONTENT="efficiens"/>
                  <SP HEIGHT="48" WIDTH="15" VPOS="1055" HPOS="1652"/>
                  <String HEIGHT="48"
                          WIDTH="181"
                          VPOS="1055"
                          HPOS="1607"
                          CONTENT="respectu"/>
                  <SP HEIGHT="48" WIDTH="15" VPOS="1055" HPOS="1788"/>
                  <String HEIGHT="48"
                          WIDTH="166"
                          VPOS="1055"
                          HPOS="1743"
                          CONTENT="ipsarum"/>
                  <SP HEIGHT="48" WIDTH="15" VPOS="1055" HPOS="1908"/>
                  <String HEIGHT="48"
                          WIDTH="196"
                          VPOS="1055"
                          HPOS="1863"
                          CONTENT="virtutum,"/>
                  <SP HEIGHT="48" WIDTH="15" VPOS="1055" HPOS="2059"/>
                  <String HEIGHT="48"
                          WIDTH="121"
                          VPOS="1055"
                          HPOS="2014"
                          CONTENT="quas"/>
                  <SP HEIGHT="48" WIDTH="15" VPOS="1055" HPOS="2135"/>
                  <String HEIGHT="48"
                          WIDTH="91"
                          VPOS="1055"
                          HPOS="2074"
                          CONTENT="Deus"/>
               </TextLine>
               <TextLine ID="r2l47"
                         BASELINE="1147"
                         HEIGHT="53"
                         WIDTH="847"
                         VPOS="1094"
                         HPOS="1317">
                  <String HEIGHT="53"
                          WIDTH="167"
                          VPOS="1094"
                          HPOS="1303"
                          CONTENT="infundit"/>
                  <SP HEIGHT="53" WIDTH="14" VPOS="1094" HPOS="1470"/>
                  <String HEIGHT="53"
                          WIDTH="181"
                          VPOS="1094"
                          HPOS="1428"
                          CONTENT="potentijs"/>
                  <SP HEIGHT="53" WIDTH="14" VPOS="1094" HPOS="1609"/>
                  <String HEIGHT="53"
                          WIDTH="167"
                          VPOS="1094"
                          HPOS="1567"
                          CONTENT="mediante"/>
                  <SP HEIGHT="53" WIDTH="14" VPOS="1094" HPOS="1734"/>
                  <String HEIGHT="53"
                          WIDTH="139"
                          VPOS="1094"
                          HPOS="1692"
                          CONTENT="gratia"/>
                  <SP HEIGHT="53" WIDTH="14" VPOS="1094" HPOS="1831"/>
                  <String HEIGHT="53"
                          WIDTH="194"
                          VPOS="1094"
                          HPOS="1789"
                          CONTENT="praeinfusa"/>
                  <SP HEIGHT="53" WIDTH="14" VPOS="1094" HPOS="1983"/>
                  <String HEIGHT="53"
                          WIDTH="111"
                          VPOS="1094"
                          HPOS="1942"
                          CONTENT="ipsi"/>
                  <SP HEIGHT="53" WIDTH="14" VPOS="1094" HPOS="2053"/>
                  <String HEIGHT="53"
                          WIDTH="167"
                          VPOS="1094"
                          HPOS="1997"
                          CONTENT="essentiae."/>
               </TextLine>
               <TextLine ID="r2l49"
                         BASELINE="1185"
                         HEIGHT="48"
                         WIDTH="822"
                         VPOS="1137"
                         HPOS="1346">
                  <String HEIGHT="48"
                          WIDTH="103"
                          VPOS="1137"
                          HPOS="1329"
                          CONTENT="Ad"/>
                  <SP HEIGHT="48" WIDTH="17" VPOS="1137" HPOS="1432"/>
                  <String HEIGHT="48"
                          WIDTH="154"
                          VPOS="1137"
                          HPOS="1380"
                          CONTENT="ambas"/>
                  <SP HEIGHT="48" WIDTH="17" VPOS="1137" HPOS="1534"/>
                  <String HEIGHT="48"
                          WIDTH="257"
                          VPOS="1137"
                          HPOS="1483"
                          CONTENT="probationes"/>
                  <SP HEIGHT="48" WIDTH="17" VPOS="1137" HPOS="1740"/>
                  <String HEIGHT="48"
                          WIDTH="223"
                          VPOS="1137"
                          HPOS="1689"
                          CONTENT="dicendum,"/>
                  <SP HEIGHT="48" WIDTH="17" VPOS="1137" HPOS="1911"/>
                  <String HEIGHT="48"
                          WIDTH="137"
                          VPOS="1137"
                          HPOS="1860"
                          CONTENT="quod"/>
                  <SP HEIGHT="48" WIDTH="17" VPOS="1137" HPOS="1997"/>
                  <String HEIGHT="48"
                          WIDTH="137"
                          VPOS="1137"
                          HPOS="1945"
                          CONTENT="bene"/>
                  <SP HEIGHT="48" WIDTH="17" VPOS="1137" HPOS="2082"/>
                  <String HEIGHT="48"
                          WIDTH="154"
                          VPOS="1137"
                          HPOS="2014"
                          CONTENT="conclu"
                          SUBS_TYPE="HypPart1"
                          SUBS_CONTENT="concludunt"/>
                  <HYP CONTENT="-"/>
               </TextLine>
               <TextLine ID="line_1603045926022_5694"
                         BASELINE="1222"
                         HEIGHT="47"
                         WIDTH="863"
                         VPOS="1175"
                         HPOS="1323">
                  <String HEIGHT="47"
                          WIDTH="126"
                          VPOS="1175"
                          HPOS="1307"
                          CONTENT="dunt"
                          SUBS_TYPE="HypPart2"
                          SUBS_CONTENT="concludunt"/>
                  <SP HEIGHT="47" WIDTH="16" VPOS="1175" HPOS="1433"/>
                  <String HEIGHT="47"
                          WIDTH="141"
                          VPOS="1175"
                          HPOS="1386"
                          CONTENT="nihil"/>
                  <SP HEIGHT="47" WIDTH="16" VPOS="1175" HPOS="1527"/>
                  <String HEIGHT="47"
                          WIDTH="141"
                          VPOS="1175"
                          HPOS="1480"
                          CONTENT="aliud"/>
                  <SP HEIGHT="47" WIDTH="16" VPOS="1175" HPOS="1621"/>
                  <String HEIGHT="47" WIDTH="78" VPOS="1175" HPOS="1574" CONTENT="a"/>
                  <SP HEIGHT="47" WIDTH="16" VPOS="1175" HPOS="1653"/>
                  <String HEIGHT="47"
                          WIDTH="110"
                          VPOS="1175"
                          HPOS="1605"
                          CONTENT="Deo"/>
                  <SP HEIGHT="47" WIDTH="16" VPOS="1175" HPOS="1715"/>
                  <String HEIGHT="47"
                          WIDTH="126"
                          VPOS="1175"
                          HPOS="1668"
                          CONTENT="esse"/>
                  <SP HEIGHT="47" WIDTH="16" VPOS="1175" HPOS="1794"/>
                  <String HEIGHT="47"
                          WIDTH="157"
                          VPOS="1175"
                          HPOS="1747"
                          CONTENT="causam"/>
                  <SP HEIGHT="47" WIDTH="16" VPOS="1175" HPOS="1904"/>
                  <String HEIGHT="47"
                          WIDTH="235"
                          VPOS="1175"
                          HPOS="1856"
                          CONTENT="efficientem"/>
                  <SP HEIGHT="47" WIDTH="16" VPOS="1175" HPOS="2092"/>
                  <String HEIGHT="47"
                          WIDTH="157"
                          VPOS="1175"
                          HPOS="2029"
                          CONTENT="principa"/>
               </TextLine>
               <TextLine ID="line_1603045926024_5697"
                         BASELINE="1262"
                         HEIGHT="48"
                         WIDTH="857"
                         VPOS="1214"
                         HPOS="1331">
                  <String HEIGHT="48"
                          WIDTH="146"
                          VPOS="1214"
                          HPOS="1315"
                          CONTENT="liter"/>
                  <SP HEIGHT="48" WIDTH="16" VPOS="1214" HPOS="1460"/>
                  <String HEIGHT="48"
                          WIDTH="243"
                          VPOS="1214"
                          HPOS="1412"
                          CONTENT="productiuam"/>
                  <SP HEIGHT="48" WIDTH="16" VPOS="1214" HPOS="1654"/>
                  <String HEIGHT="48"
                          WIDTH="178"
                          VPOS="1214"
                          HPOS="1606"
                          CONTENT="ipsarum"/>
                  <SP HEIGHT="48" WIDTH="16" VPOS="1214" HPOS="1784"/>
                  <String HEIGHT="48"
                          WIDTH="210"
                          VPOS="1214"
                          HPOS="1735"
                          CONTENT="virtutum,"/>
                  <SP HEIGHT="48" WIDTH="16" VPOS="1214" HPOS="1945"/>
                  <String HEIGHT="48"
                          WIDTH="194"
                          VPOS="1214"
                          HPOS="1897"
                          CONTENT="loquendo"/>
                  <SP HEIGHT="48" WIDTH="16" VPOS="1214" HPOS="2091"/>
                  <String HEIGHT="48" WIDTH="97" VPOS="1214" HPOS="2042" CONTENT="de"/>
                  <SP HEIGHT="48" WIDTH="16" VPOS="1214" HPOS="2139"/>
                  <String HEIGHT="48"
                          WIDTH="113"
                          VPOS="1214"
                          HPOS="2075"
                          CONTENT="virtu"/>
               </TextLine>
               <TextLine ID="r2l54"
                         BASELINE="1303"
                         HEIGHT="48"
                         WIDTH="841"
                         VPOS="1255"
                         HPOS="1320">
                  <String HEIGHT="48"
                          WIDTH="135"
                          VPOS="1255"
                          HPOS="1305"
                          CONTENT="tibus"/>
                  <SP HEIGHT="48" WIDTH="15" VPOS="1255" HPOS="1440"/>
                  <String HEIGHT="48"
                          WIDTH="180"
                          VPOS="1255"
                          HPOS="1395"
                          CONTENT="infusis;"/>
                  <SP HEIGHT="48" WIDTH="15" VPOS="1255" HPOS="1575"/>
                  <String HEIGHT="48"
                          WIDTH="135"
                          VPOS="1255"
                          HPOS="1530"
                          CONTENT="tamen"/>
                  <SP HEIGHT="48" WIDTH="15" VPOS="1255" HPOS="1665"/>
                  <String HEIGHT="48"
                          WIDTH="105"
                          VPOS="1255"
                          HPOS="1620"
                          CONTENT="non"/>
                  <SP HEIGHT="48" WIDTH="15" VPOS="1255" HPOS="1725"/>
                  <String HEIGHT="48"
                          WIDTH="180"
                          VPOS="1255"
                          HPOS="1680"
                          CONTENT="probant,"/>
                  <SP HEIGHT="48" WIDTH="15" VPOS="1255" HPOS="1861"/>
                  <String HEIGHT="48"
                          WIDTH="120"
                          VPOS="1255"
                          HPOS="1816"
                          CONTENT="quin"/>
                  <SP HEIGHT="48" WIDTH="15" VPOS="1255" HPOS="1936"/>
                  <String HEIGHT="48"
                          WIDTH="225"
                          VPOS="1255"
                          HPOS="1891"
                          CONTENT="dispositiue"/>
                  <SP HEIGHT="48" WIDTH="15" VPOS="1255" HPOS="2116"/>
                  <String HEIGHT="48"
                          WIDTH="105"
                          VPOS="1255"
                          HPOS="2056"
                          CONTENT="aliud"/>
               </TextLine>
               <TextLine ID="r2l57"
                         BASELINE="1348"
                         HEIGHT="45"
                         WIDTH="820"
                         VPOS="1303"
                         HPOS="1342">
                  <String HEIGHT="45"
                          WIDTH="127"
                          VPOS="1303"
                          HPOS="1328"
                          CONTENT="ossit"/>
                  <SP HEIGHT="45" WIDTH="14" VPOS="1303" HPOS="1455"/>
                  <String HEIGHT="45"
                          WIDTH="113"
                          VPOS="1303"
                          HPOS="1413"
                          CONTENT="esse"/>
                  <SP HEIGHT="45" WIDTH="14" VPOS="1303" HPOS="1526"/>
                  <String HEIGHT="45"
                          WIDTH="127"
                          VPOS="1303"
                          HPOS="1483"
                          CONTENT="causa"/>
                  <SP HEIGHT="45" WIDTH="14" VPOS="1303" HPOS="1611"/>
                  <String HEIGHT="45"
                          WIDTH="127"
                          VPOS="1303"
                          HPOS="1568"
                          CONTENT="etiam"/>
                  <SP HEIGHT="45" WIDTH="14" VPOS="1303" HPOS="1695"/>
                  <String HEIGHT="45" WIDTH="85" VPOS="1303" HPOS="1653" CONTENT="in"/>
                  <SP HEIGHT="45" WIDTH="14" VPOS="1303" HPOS="1738"/>
                  <String HEIGHT="45"
                          WIDTH="141"
                          VPOS="1303"
                          HPOS="1695"
                          CONTENT="genere"/>
                  <SP HEIGHT="45" WIDTH="14" VPOS="1303" HPOS="1837"/>
                  <String HEIGHT="45"
                          WIDTH="141"
                          VPOS="1303"
                          HPOS="1794"
                          CONTENT="causae"/>
                  <SP HEIGHT="45" WIDTH="14" VPOS="1303" HPOS="1936"/>
                  <String HEIGHT="45"
                          WIDTH="212"
                          VPOS="1303"
                          HPOS="1893"
                          CONTENT="efficientis"/>
                  <SP HEIGHT="45" WIDTH="14" VPOS="1303" HPOS="2105"/>
                  <String HEIGHT="45"
                          WIDTH="113"
                          VPOS="1303"
                          HPOS="2049"
                          CONTENT="respe"
                          SUBS_TYPE="HypPart1"
                          SUBS_CONTENT="respectu"/>
                  <HYP CONTENT="-"/>
               </TextLine>
               <TextLine ID="r2l59"
                         BASELINE="1385"
                         HEIGHT="50"
                         WIDTH="315"
                         VPOS="1335"
                         HPOS="1325">
                  <String HEIGHT="50"
                          WIDTH="110"
                          VPOS="1335"
                          HPOS="1309"
                          CONTENT="ctu"
                          SUBS_TYPE="HypPart2"
                          SUBS_CONTENT="respectu"/>
                  <SP HEIGHT="50" WIDTH="16" VPOS="1335" HPOS="1420"/>
                  <String HEIGHT="50"
                          WIDTH="158"
                          VPOS="1335"
                          HPOS="1372"
                          CONTENT="talium"/>
                  <SP HEIGHT="50" WIDTH="16" VPOS="1335" HPOS="1530"/>
                  <String HEIGHT="50"
                          WIDTH="173"
                          VPOS="1335"
                          HPOS="1467"
                          CONTENT="virtutum."/>
               </TextLine>
               <TextLine ID="r2l62"
                         BASELINE="1418"
                         HEIGHT="46"
                         WIDTH="814"
                         VPOS="1372"
                         HPOS="1354">
                  <String HEIGHT="46"
                          WIDTH="131"
                          VPOS="1372"
                          HPOS="1339"
                          CONTENT="Forte"/>
                  <SP HEIGHT="46" WIDTH="15" VPOS="1372" HPOS="1470"/>
                  <String HEIGHT="46"
                          WIDTH="174"
                          VPOS="1372"
                          HPOS="1427"
                          CONTENT="dicetur,"/>
                  <SP HEIGHT="46" WIDTH="15" VPOS="1372" HPOS="1601"/>
                  <String HEIGHT="46"
                          WIDTH="102"
                          VPOS="1372"
                          HPOS="1558"
                          CONTENT="cum"/>
                  <SP HEIGHT="46" WIDTH="15" VPOS="1372" HPOS="1659"/>
                  <String HEIGHT="46"
                          WIDTH="145"
                          VPOS="1372"
                          HPOS="1616"
                          CONTENT="gratia"/>
                  <SP HEIGHT="46" WIDTH="15" VPOS="1372" HPOS="1761"/>
                  <String HEIGHT="46"
                          WIDTH="102"
                          VPOS="1372"
                          HPOS="1717"
                          CONTENT="sit"/>
                  <SP HEIGHT="46" WIDTH="15" VPOS="1372" HPOS="1819"/>
                  <String HEIGHT="46" WIDTH="87" VPOS="1372" HPOS="1776" CONTENT="in"/>
                  <SP HEIGHT="46" WIDTH="15" VPOS="1372" HPOS="1863"/>
                  <String HEIGHT="46"
                          WIDTH="174"
                          VPOS="1372"
                          HPOS="1819"
                          CONTENT="essentia"/>
                  <SP HEIGHT="46" WIDTH="15" VPOS="1372" HPOS="1994"/>
                  <String HEIGHT="46"
                          WIDTH="160"
                          VPOS="1372"
                          HPOS="1950"
                          CONTENT="animae,"/>
                  <SP HEIGHT="46" WIDTH="15" VPOS="1372" HPOS="2110"/>
                  <String HEIGHT="46"
                          WIDTH="102"
                          VPOS="1372"
                          HPOS="2066"
                          CONTENT="non"/>
                  <SP HEIGHT="46" WIDTH="15" VPOS="1372" HPOS="2168"/>
                  <String HEIGHT="46" WIDTH="58" VPOS="1372" HPOS="2110" CONTENT="vi"/>
               </TextLine>
               <TextLine ID="line_1603045926025_5698"
                         BASELINE="1462"
                         HEIGHT="50"
                         WIDTH="862"
                         VPOS="1412"
                         HPOS="1327">
                  <String HEIGHT="50"
                          WIDTH="134"
                          VPOS="1412"
                          HPOS="1312"
                          CONTENT="detur"/>
                  <SP HEIGHT="50" WIDTH="15" VPOS="1412" HPOS="1446"/>
                  <String HEIGHT="50"
                          WIDTH="119"
                          VPOS="1412"
                          HPOS="1401"
                          CONTENT="esse"/>
                  <SP HEIGHT="50" WIDTH="15" VPOS="1412" HPOS="1520"/>
                  <String HEIGHT="50"
                          WIDTH="193"
                          VPOS="1412"
                          HPOS="1476"
                          CONTENT="disposito"/>
                  <SP HEIGHT="50" WIDTH="15" VPOS="1412" HPOS="1669"/>
                  <String HEIGHT="50" WIDTH="89" VPOS="1412" HPOS="1624" CONTENT="ad"/>
                  <SP HEIGHT="50" WIDTH="15" VPOS="1412" HPOS="1713"/>
                  <String HEIGHT="50"
                          WIDTH="193"
                          VPOS="1412"
                          HPOS="1669"
                          CONTENT="virtutem,"/>
                  <SP HEIGHT="50" WIDTH="15" VPOS="1412" HPOS="1862"/>
                  <String HEIGHT="50"
                          WIDTH="119"
                          VPOS="1412"
                          HPOS="1817"
                          CONTENT="quae"/>
                  <SP HEIGHT="50" WIDTH="15" VPOS="1412" HPOS="1936"/>
                  <String HEIGHT="50"
                          WIDTH="104"
                          VPOS="1412"
                          HPOS="1892"
                          CONTENT="est"/>
                  <SP HEIGHT="50" WIDTH="15" VPOS="1412" HPOS="1996"/>
                  <String HEIGHT="50" WIDTH="89" VPOS="1412" HPOS="1951" CONTENT="in"/>
                  <SP HEIGHT="50" WIDTH="15" VPOS="1412" HPOS="2040"/>
                  <String HEIGHT="50"
                          WIDTH="178"
                          VPOS="1412"
                          HPOS="1996"
                          CONTENT="potentia"/>
                  <SP HEIGHT="50" WIDTH="15" VPOS="1412" HPOS="2174"/>
                  <String HEIGHT="50"
                          WIDTH="74"
                          VPOS="1412"
                          HPOS="2115"
                          CONTENT="ani"/>
               </TextLine>
               <TextLine ID="r2l66"
                         BASELINE="1502"
                         HEIGHT="46"
                         WIDTH="847"
                         VPOS="1456"
                         HPOS="1331">
                  <String HEIGHT="46"
                          WIDTH="119"
                          VPOS="1456"
                          HPOS="1316"
                          CONTENT="mae,"/>
                  <SP HEIGHT="46" WIDTH="15" VPOS="1456" HPOS="1435"/>
                  <String HEIGHT="46"
                          WIDTH="119"
                          VPOS="1456"
                          HPOS="1390"
                          CONTENT="quia"/>
                  <SP HEIGHT="46" WIDTH="15" VPOS="1456" HPOS="1509"/>
                  <String HEIGHT="46"
                          WIDTH="149"
                          VPOS="1456"
                          HPOS="1465"
                          CONTENT="forma,"/>
                  <SP HEIGHT="46" WIDTH="15" VPOS="1456" HPOS="1613"/>
                  <String HEIGHT="46"
                          WIDTH="119"
                          VPOS="1456"
                          HPOS="1569"
                          CONTENT="quae"/>
                  <SP HEIGHT="46" WIDTH="15" VPOS="1456" HPOS="1688"/>
                  <String HEIGHT="46"
                          WIDTH="104"
                          VPOS="1456"
                          HPOS="1643"
                          CONTENT="est"/>
                  <SP HEIGHT="46" WIDTH="15" VPOS="1456" HPOS="1747"/>
                  <String HEIGHT="46" WIDTH="89" VPOS="1456" HPOS="1702" CONTENT="in"/>
                  <SP HEIGHT="46" WIDTH="15" VPOS="1456" HPOS="1792"/>
                  <String HEIGHT="46"
                          WIDTH="104"
                          VPOS="1456"
                          HPOS="1747"
                          CONTENT="vno"/>
                  <SP HEIGHT="46" WIDTH="15" VPOS="1456" HPOS="1851"/>
                  <String HEIGHT="46"
                          WIDTH="178"
                          VPOS="1456"
                          HPOS="1807"
                          CONTENT="subiecto"/>
                  <SP HEIGHT="46" WIDTH="15" VPOS="1456" HPOS="1985"/>
                  <String HEIGHT="46"
                          WIDTH="104"
                          VPOS="1456"
                          HPOS="1940"
                          CONTENT="non"/>
                  <SP HEIGHT="46" WIDTH="15" VPOS="1456" HPOS="2044"/>
                  <String HEIGHT="46"
                          WIDTH="178"
                          VPOS="1456"
                          HPOS="2000"
                          CONTENT="disponit"/>
                  <SP HEIGHT="46" WIDTH="15" VPOS="1456" HPOS="2178"/>
                  <String HEIGHT="46" WIDTH="59" VPOS="1456" HPOS="2119" CONTENT="ad"/>
               </TextLine>
               <TextLine ID="r2l69"
                         BASELINE="1532"
                         HEIGHT="44"
                         WIDTH="841"
                         VPOS="1488"
                         HPOS="1325">
                  <String HEIGHT="44"
                          WIDTH="165"
                          VPOS="1488"
                          HPOS="1310"
                          CONTENT="formam:"/>
                  <SP HEIGHT="44" WIDTH="15" VPOS="1488" HPOS="1475"/>
                  <String HEIGHT="44"
                          WIDTH="120"
                          VPOS="1488"
                          HPOS="1430"
                          CONTENT="quae"/>
                  <SP HEIGHT="44" WIDTH="15" VPOS="1488" HPOS="1550"/>
                  <String HEIGHT="44"
                          WIDTH="105"
                          VPOS="1488"
                          HPOS="1505"
                          CONTENT="est"/>
                  <SP HEIGHT="44" WIDTH="15" VPOS="1488" HPOS="1610"/>
                  <String HEIGHT="44" WIDTH="90" VPOS="1488" HPOS="1565" CONTENT="in"/>
                  <SP HEIGHT="44" WIDTH="15" VPOS="1488" HPOS="1655"/>
                  <String HEIGHT="44"
                          WIDTH="120"
                          VPOS="1488"
                          HPOS="1610"
                          CONTENT="alio"/>
                  <SP HEIGHT="44" WIDTH="15" VPOS="1488" HPOS="1730"/>
                  <String HEIGHT="44"
                          WIDTH="195"
                          VPOS="1488"
                          HPOS="1685"
                          CONTENT="subiecto,"/>
                  <SP HEIGHT="44" WIDTH="15" VPOS="1488" HPOS="1881"/>
                  <String HEIGHT="44"
                          WIDTH="120"
                          VPOS="1488"
                          HPOS="1836"
                          CONTENT="quia"/>
                  <SP HEIGHT="44" WIDTH="15" VPOS="1488" HPOS="1956"/>
                  <String HEIGHT="44"
                          WIDTH="135"
                          VPOS="1488"
                          HPOS="1911"
                          CONTENT="solum"/>
                  <SP HEIGHT="44" WIDTH="15" VPOS="1488" HPOS="2046"/>
                  <String HEIGHT="44"
                          WIDTH="180"
                          VPOS="1488"
                          HPOS="1986"
                          CONTENT="qualificat"/>
               </TextLine>
               <TextLine ID="r2l71"
                         BASELINE="1586"
                         HEIGHT="54"
                         WIDTH="329"
                         VPOS="1532"
                         HPOS="1319">
                  <String HEIGHT="54"
                          WIDTH="209"
                          VPOS="1532"
                          HPOS="1304"
                          CONTENT="subiectum:"/>
                  <SP HEIGHT="54" WIDTH="15" VPOS="1532" HPOS="1513"/>
                  <String HEIGHT="54" WIDTH="90" VPOS="1532" HPOS="1469" CONTENT="in"/>
                  <SP HEIGHT="54" WIDTH="15" VPOS="1532" HPOS="1558"/>
                  <String HEIGHT="54"
                          WIDTH="105"
                          VPOS="1532"
                          HPOS="1513"
                          CONTENT="quo"/>
                  <SP HEIGHT="54" WIDTH="15" VPOS="1532" HPOS="1618"/>
                  <String HEIGHT="54"
                          WIDTH="90"
                          VPOS="1532"
                          HPOS="1558"
                          CONTENT="est."/>
               </TextLine>
               <TextLine ID="line_1603045926026_5701"
                         BASELINE="1620"
                         HEIGHT="41"
                         WIDTH="860"
                         VPOS="1579"
                         HPOS="1329">
                  <String HEIGHT="41"
                          WIDTH="219"
                          VPOS="1579"
                          HPOS="1313"
                          CONTENT="Respondeo,"/>
                  <SP HEIGHT="41" WIDTH="16" VPOS="1579" HPOS="1532"/>
                  <String HEIGHT="41"
                          WIDTH="125"
                          VPOS="1579"
                          HPOS="1485"
                          CONTENT="quod"/>
                  <SP HEIGHT="41" WIDTH="16" VPOS="1579" HPOS="1610"/>
                  <String HEIGHT="41"
                          WIDTH="156"
                          VPOS="1579"
                          HPOS="1564"
                          CONTENT="quando"/>
                  <SP HEIGHT="41" WIDTH="16" VPOS="1579" HPOS="1720"/>
                  <String HEIGHT="41"
                          WIDTH="109"
                          VPOS="1579"
                          HPOS="1673"
                          CONTENT="duo"/>
                  <SP HEIGHT="41" WIDTH="16" VPOS="1579" HPOS="1782"/>
                  <String HEIGHT="41"
                          WIDTH="188"
                          VPOS="1579"
                          HPOS="1736"
                          CONTENT="subiecta"/>
                  <SP HEIGHT="41" WIDTH="16" VPOS="1579" HPOS="1923"/>
                  <String HEIGHT="41"
                          WIDTH="109"
                          VPOS="1579"
                          HPOS="1876"
                          CONTENT="sic"/>
                  <SP HEIGHT="41" WIDTH="16" VPOS="1579" HPOS="1986"/>
                  <String HEIGHT="41" WIDTH="94" VPOS="1579" HPOS="1939" CONTENT="se"/>
                  <SP HEIGHT="41" WIDTH="16" VPOS="1579" HPOS="2033"/>
                  <String HEIGHT="41"
                          WIDTH="172"
                          VPOS="1579"
                          HPOS="1986"
                          CONTENT="habent,"/>
                  <SP HEIGHT="41" WIDTH="16" VPOS="1579" HPOS="2158"/>
                  <String HEIGHT="41"
                          WIDTH="94"
                          VPOS="1579"
                          HPOS="2095"
                          CONTENT="quod"/>
               </TextLine>
               <TextLine ID="r2l77"
                         BASELINE="1651"
                         HEIGHT="46"
                         WIDTH="835"
                         VPOS="1605"
                         HPOS="1332">
                  <String HEIGHT="46"
                          WIDTH="119"
                          VPOS="1605"
                          HPOS="1317"
                          CONTENT="vnum"/>
                  <SP HEIGHT="46" WIDTH="15" VPOS="1605" HPOS="1436"/>
                  <String HEIGHT="46"
                          WIDTH="224"
                          VPOS="1605"
                          HPOS="1392"
                          CONTENT="naturaliter"/>
                  <SP HEIGHT="46" WIDTH="15" VPOS="1605" HPOS="1615"/>
                  <String HEIGHT="46"
                          WIDTH="179"
                          VPOS="1605"
                          HPOS="1571"
                          CONTENT="fundatur"/>
                  <SP HEIGHT="46" WIDTH="15" VPOS="1605" HPOS="1750"/>
                  <String HEIGHT="46" WIDTH="89" VPOS="1605" HPOS="1705" CONTENT="in"/>
                  <SP HEIGHT="46" WIDTH="15" VPOS="1605" HPOS="1794"/>
                  <String HEIGHT="46"
                          WIDTH="164"
                          VPOS="1605"
                          HPOS="1750"
                          CONTENT="altero:"/>
                  <SP HEIGHT="46" WIDTH="15" VPOS="1605" HPOS="1914"/>
                  <String HEIGHT="46"
                          WIDTH="119"
                          VPOS="1605"
                          HPOS="1869"
                          CONTENT="tunc"/>
                  <SP HEIGHT="46" WIDTH="15" VPOS="1605" HPOS="1988"/>
                  <String HEIGHT="46"
                          WIDTH="134"
                          VPOS="1605"
                          HPOS="1943"
                          CONTENT="nihil"/>
                  <SP HEIGHT="46" WIDTH="15" VPOS="1605" HPOS="2078"/>
                  <String HEIGHT="46"
                          WIDTH="149"
                          VPOS="1605"
                          HPOS="2018"
                          CONTENT="repugnat"/>
               </TextLine>
               <TextLine ID="r2l79"
                         BASELINE="1705"
                         HEIGHT="58"
                         WIDTH="838"
                         VPOS="1647"
                         HPOS="1334">
                  <String HEIGHT="58"
                          WIDTH="118"
                          VPOS="1647"
                          HPOS="1319"
                          CONTENT="quin"/>
                  <SP HEIGHT="58" WIDTH="15" VPOS="1647" HPOS="1437"/>
                  <String HEIGHT="58"
                          WIDTH="147"
                          VPOS="1647"
                          HPOS="1393"
                          CONTENT="illud,"/>
                  <SP HEIGHT="58" WIDTH="15" VPOS="1647" HPOS="1540"/>
                  <String HEIGHT="58"
                          WIDTH="118"
                          VPOS="1647"
                          HPOS="1496"
                          CONTENT="quod"/>
                  <SP HEIGHT="58" WIDTH="15" VPOS="1647" HPOS="1613"/>
                  <String HEIGHT="58"
                          WIDTH="206"
                          VPOS="1647"
                          HPOS="1569"
                          CONTENT="formaliter"/>
                  <SP HEIGHT="58" WIDTH="15" VPOS="1647" HPOS="1775"/>
                  <String HEIGHT="58"
                          WIDTH="103"
                          VPOS="1647"
                          HPOS="1731"
                          CONTENT="est"/>
                  <SP HEIGHT="58" WIDTH="15" VPOS="1647" HPOS="1834"/>
                  <String HEIGHT="58"
                          WIDTH="191"
                          VPOS="1647"
                          HPOS="1790"
                          CONTENT="disposito"/>
                  <SP HEIGHT="58" WIDTH="15" VPOS="1647" HPOS="1981"/>
                  <String HEIGHT="58"
                          WIDTH="206"
                          VPOS="1647"
                          HPOS="1937"
                          CONTENT="fundantis,"/>
                  <SP HEIGHT="58" WIDTH="15" VPOS="1647" HPOS="2143"/>
                  <String HEIGHT="58"
                          WIDTH="88"
                          VPOS="1647"
                          HPOS="2084"
                          CONTENT="pos"
                          SUBS_TYPE="HypPart1"
                          SUBS_CONTENT="possit"/>
                  <HYP CONTENT="-"/>
               </TextLine>
               <TextLine ID="r2l80"
                         BASELINE="1740"
                         HEIGHT="52"
                         WIDTH="848"
                         VPOS="1688"
                         HPOS="1319">
                  <String HEIGHT="52"
                          WIDTH="114"
                          VPOS="1688"
                          HPOS="1303"
                          CONTENT="sit"
                          SUBS_TYPE="HypPart2"
                          SUBS_CONTENT="possit"/>
                  <SP HEIGHT="52" WIDTH="16" VPOS="1688" HPOS="1417"/>
                  <String HEIGHT="52"
                          WIDTH="261"
                          VPOS="1688"
                          HPOS="1368"
                          CONTENT="redundanter,"/>
                  <SP HEIGHT="52" WIDTH="16" VPOS="1688" HPOS="1629"/>
                  <String HEIGHT="52" WIDTH="82" VPOS="1688" HPOS="1580" CONTENT="&amp;"/>
                  <SP HEIGHT="52" WIDTH="16" VPOS="1688" HPOS="1661"/>
                  <String HEIGHT="52"
                          WIDTH="114"
                          VPOS="1688"
                          HPOS="1613"
                          CONTENT="per"/>
                  <SP HEIGHT="52" WIDTH="16" VPOS="1688" HPOS="1727"/>
                  <String HEIGHT="52"
                          WIDTH="228"
                          VPOS="1688"
                          HPOS="1678"
                          CONTENT="consequens"/>
                  <SP HEIGHT="52" WIDTH="16" VPOS="1688" HPOS="1906"/>
                  <String HEIGHT="52"
                          WIDTH="228"
                          VPOS="1688"
                          HPOS="1857"
                          CONTENT="quodammodo"/>
                  <SP HEIGHT="52" WIDTH="16" VPOS="1688" HPOS="2085"/>
                  <String HEIGHT="52"
                          WIDTH="147"
                          VPOS="1688"
                          HPOS="2020"
                          CONTENT="effici"
                          SUBS_TYPE="HypPart1"
                          SUBS_CONTENT="efficienter"/>
                  <HYP CONTENT="-"/>
               </TextLine>
               <TextLine ID="r2l82"
                         BASELINE="1775"
                         HEIGHT="45"
                         WIDTH="837"
                         VPOS="1730"
                         HPOS="1341">
                  <String HEIGHT="45"
                          WIDTH="137"
                          VPOS="1730"
                          HPOS="1326"
                          CONTENT="enter"
                          SUBS_TYPE="HypPart2"
                          SUBS_CONTENT="efficienter"/>
                  <SP HEIGHT="45" WIDTH="15" VPOS="1730" HPOS="1463"/>
                  <String HEIGHT="45"
                          WIDTH="152"
                          VPOS="1730"
                          HPOS="1417"
                          CONTENT="facere"/>
                  <SP HEIGHT="45" WIDTH="15" VPOS="1730" HPOS="1569"/>
                  <String HEIGHT="45" WIDTH="91" VPOS="1730" HPOS="1524" CONTENT="ad"/>
                  <SP HEIGHT="45" WIDTH="15" VPOS="1730" HPOS="1615"/>
                  <String HEIGHT="45"
                          WIDTH="259"
                          VPOS="1730"
                          HPOS="1569"
                          CONTENT="dispositionem"/>
                  <SP HEIGHT="45" WIDTH="15" VPOS="1730" HPOS="1828"/>
                  <String HEIGHT="45"
                          WIDTH="183"
                          VPOS="1730"
                          HPOS="1782"
                          CONTENT="fundati;"/>
                  <SP HEIGHT="45" WIDTH="15" VPOS="1730" HPOS="1965"/>
                  <String HEIGHT="45"
                          WIDTH="122"
                          VPOS="1730"
                          HPOS="1919"
                          CONTENT="bona"/>
                  <SP HEIGHT="45" WIDTH="15" VPOS="1730" HPOS="2041"/>
                  <String HEIGHT="45"
                          WIDTH="122"
                          VPOS="1730"
                          HPOS="1995"
                          CONTENT="enim"/>
                  <SP HEIGHT="45" WIDTH="15" VPOS="1730" HPOS="2117"/>
                  <String HEIGHT="45"
                          WIDTH="122"
                          VPOS="1730"
                          HPOS="2056"
                          CONTENT="dispo"
                          SUBS_TYPE="HypPart1"
                          SUBS_CONTENT="dispositio"/>
                  <HYP CONTENT="-"/>
               </TextLine>
               <TextLine ID="r2l85"
                         BASELINE="1815"
                         HEIGHT="51"
                         WIDTH="844"
                         VPOS="1764"
                         HPOS="1329">
                  <String HEIGHT="51"
                          WIDTH="133"
                          VPOS="1764"
                          HPOS="1314"
                          CONTENT="sitio"
                          SUBS_TYPE="HypPart2"
                          SUBS_CONTENT="dispositio"/>
                  <SP HEIGHT="51" WIDTH="15" VPOS="1764" HPOS="1447"/>
                  <String HEIGHT="51"
                          WIDTH="133"
                          VPOS="1764"
                          HPOS="1403"
                          CONTENT="oculi"/>
                  <SP HEIGHT="51" WIDTH="15" VPOS="1764" HPOS="1536"/>
                  <String HEIGHT="51"
                          WIDTH="207"
                          VPOS="1764"
                          HPOS="1492"
                          CONTENT="formaliter"/>
                  <SP HEIGHT="51" WIDTH="15" VPOS="1764" HPOS="1699"/>
                  <String HEIGHT="51"
                          WIDTH="178"
                          VPOS="1764"
                          HPOS="1655"
                          CONTENT="existens"/>
                  <SP HEIGHT="51" WIDTH="15" VPOS="1764" HPOS="1832"/>
                  <String HEIGHT="51" WIDTH="89" VPOS="1764" HPOS="1788" CONTENT="in"/>
                  <SP HEIGHT="51" WIDTH="15" VPOS="1764" HPOS="1877"/>
                  <String HEIGHT="51"
                          WIDTH="148"
                          VPOS="1764"
                          HPOS="1832"
                          CONTENT="oculo,"/>
                  <SP HEIGHT="51" WIDTH="15" VPOS="1764" HPOS="1981"/>
                  <String HEIGHT="51"
                          WIDTH="222"
                          VPOS="1764"
                          HPOS="1936"
                          CONTENT="redundanter"/>
                  <SP HEIGHT="51" WIDTH="15" VPOS="1764" HPOS="2158"/>
                  <String HEIGHT="51"
                          WIDTH="74"
                          VPOS="1764"
                          HPOS="2099"
                          CONTENT="fa"
                          SUBS_TYPE="HypPart1"
                          SUBS_CONTENT="facit"/>
                  <HYP CONTENT="-"/>
               </TextLine>
               <TextLine ID="r2l87"
                         BASELINE="1851"
                         HEIGHT="47"
                         WIDTH="835"
                         VPOS="1804"
                         HPOS="1335">
                  <String HEIGHT="47"
                          WIDTH="103"
                          VPOS="1804"
                          HPOS="1320"
                          CONTENT="cit"
                          SUBS_TYPE="HypPart2"
                          SUBS_CONTENT="facit"/>
                  <SP HEIGHT="47" WIDTH="15" VPOS="1804" HPOS="1423"/>
                  <String HEIGHT="47" WIDTH="88" VPOS="1804" HPOS="1379" CONTENT="ad"/>
                  <SP HEIGHT="47" WIDTH="15" VPOS="1804" HPOS="1467"/>
                  <String HEIGHT="47"
                          WIDTH="190"
                          VPOS="1804"
                          HPOS="1423"
                          CONTENT="bonitatem"/>
                  <SP HEIGHT="47" WIDTH="15" VPOS="1804" HPOS="1613"/>
                  <String HEIGHT="47"
                          WIDTH="176"
                          VPOS="1804"
                          HPOS="1569"
                          CONTENT="virtutis"/>
                  <SP HEIGHT="47" WIDTH="15" VPOS="1804" HPOS="1745"/>
                  <String HEIGHT="47"
                          WIDTH="161"
                          VPOS="1804"
                          HPOS="1701"
                          CONTENT="visiue,"/>
                  <SP HEIGHT="47" WIDTH="15" VPOS="1804" HPOS="1862"/>
                  <String HEIGHT="47"
                          WIDTH="117"
                          VPOS="1804"
                          HPOS="1818"
                          CONTENT="quae"/>
                  <SP HEIGHT="47" WIDTH="15" VPOS="1804" HPOS="1936"/>
                  <String HEIGHT="47"
                          WIDTH="176"
                          VPOS="1804"
                          HPOS="1892"
                          CONTENT="fundatur"/>
                  <SP HEIGHT="47" WIDTH="15" VPOS="1804" HPOS="2067"/>
                  <String HEIGHT="47" WIDTH="88" VPOS="1804" HPOS="2024" CONTENT="in"/>
                  <SP HEIGHT="47" WIDTH="15" VPOS="1804" HPOS="2111"/>
                  <String HEIGHT="47"
                          WIDTH="117"
                          VPOS="1804"
                          HPOS="2053"
                          CONTENT="oculo;"/>
               </TextLine>
               <TextLine ID="r2l90"
                         BASELINE="1894"
                         HEIGHT="51"
                         WIDTH="834"
                         VPOS="1843"
                         HPOS="1346">
                  <String HEIGHT="51"
                          WIDTH="158"
                          VPOS="1843"
                          HPOS="1332"
                          CONTENT="propter"/>
                  <SP HEIGHT="51" WIDTH="14" VPOS="1843" HPOS="1490"/>
                  <String HEIGHT="51"
                          WIDTH="115"
                          VPOS="1843"
                          HPOS="1447"
                          CONTENT="quod"/>
                  <SP HEIGHT="51" WIDTH="14" VPOS="1843" HPOS="1562"/>
                  <String HEIGHT="51"
                          WIDTH="101"
                          VPOS="1843"
                          HPOS="1519"
                          CONTENT="ait"/>
                  <SP HEIGHT="51" WIDTH="14" VPOS="1843" HPOS="1619"/>
                  <String HEIGHT="51"
                          WIDTH="158"
                          VPOS="1843"
                          HPOS="1576"
                          CONTENT="Aristo."/>
                  <SP HEIGHT="51" WIDTH="14" VPOS="1843" HPOS="1734"/>
                  <String HEIGHT="51" WIDTH="86" VPOS="1843" HPOS="1691" CONTENT="2."/>
                  <SP HEIGHT="51" WIDTH="14" VPOS="1843" HPOS="1777"/>
                  <String HEIGHT="51" WIDTH="86" VPOS="1843" HPOS="1734" CONTENT="de"/>
                  <SP HEIGHT="51" WIDTH="14" VPOS="1843" HPOS="1821"/>
                  <String HEIGHT="51"
                          WIDTH="144"
                          VPOS="1843"
                          HPOS="1777"
                          CONTENT="anima,"/>
                  <SP HEIGHT="51" WIDTH="14" VPOS="1843" HPOS="1921"/>
                  <String HEIGHT="51" WIDTH="86" VPOS="1843" HPOS="1878" CONTENT="si"/>
                  <SP HEIGHT="51" WIDTH="14" VPOS="1843" HPOS="1964"/>
                  <String HEIGHT="51"
                          WIDTH="129"
                          VPOS="1843"
                          HPOS="1921"
                          CONTENT="senex"/>
                  <SP HEIGHT="51" WIDTH="14" VPOS="1843" HPOS="2051"/>
                  <String HEIGHT="51"
                          WIDTH="158"
                          VPOS="1843"
                          HPOS="2007"
                          CONTENT="haberet"/>
                  <SP HEIGHT="51" WIDTH="14" VPOS="1843" HPOS="2166"/>
                  <String HEIGHT="51"
                          WIDTH="72"
                          VPOS="1843"
                          HPOS="2108"
                          CONTENT="ocu"/>
               </TextLine>
               <TextLine ID="r2l91"
                         BASELINE="1929"
                         HEIGHT="45"
                         WIDTH="839"
                         VPOS="1884"
                         HPOS="1337">
                  <String HEIGHT="45"
                          WIDTH="107"
                          VPOS="1884"
                          HPOS="1322"
                          CONTENT="lum"/>
                  <SP HEIGHT="45" WIDTH="15" VPOS="1884" HPOS="1429"/>
                  <String HEIGHT="45"
                          WIDTH="183"
                          VPOS="1884"
                          HPOS="1383"
                          CONTENT="iuuenis,"/>
                  <SP HEIGHT="45" WIDTH="15" VPOS="1884" HPOS="1566"/>
                  <String HEIGHT="45"
                          WIDTH="168"
                          VPOS="1884"
                          HPOS="1520"
                          CONTENT="videret"/>
                  <SP HEIGHT="45" WIDTH="15" VPOS="1884" HPOS="1688"/>
                  <String HEIGHT="45"
                          WIDTH="153"
                          VPOS="1884"
                          HPOS="1642"
                          CONTENT="vtique"/>
                  <SP HEIGHT="45" WIDTH="15" VPOS="1884" HPOS="1795"/>
                  <String HEIGHT="45"
                          WIDTH="137"
                          VPOS="1884"
                          HPOS="1749"
                          CONTENT="sicut"/>
                  <SP HEIGHT="45" WIDTH="15" VPOS="1884" HPOS="1886"/>
                  <String HEIGHT="45"
                          WIDTH="183"
                          VPOS="1884"
                          HPOS="1840"
                          CONTENT="iuuenis."/>
                  <SP HEIGHT="45" WIDTH="15" VPOS="1884" HPOS="2023"/>
                  <String HEIGHT="45"
                          WIDTH="122"
                          VPOS="1884"
                          HPOS="1978"
                          CONTENT="Vnde"/>
                  <SP HEIGHT="45" WIDTH="15" VPOS="1884" HPOS="2100"/>
                  <String HEIGHT="45" WIDTH="92" VPOS="1884" HPOS="2054" CONTENT="si"/>
                  <SP HEIGHT="45" WIDTH="15" VPOS="1884" HPOS="2145"/>
                  <String HEIGHT="45"
                          WIDTH="92"
                          VPOS="1884"
                          HPOS="2084"
                          CONTENT="Deus"/>
               </TextLine>
               <TextLine ID="r2l94"
                         BASELINE="1972"
                         HEIGHT="46"
                         WIDTH="833"
                         VPOS="1926"
                         HPOS="1338">
                  <String HEIGHT="46"
                          WIDTH="132"
                          VPOS="1926"
                          HPOS="1323"
                          CONTENT="tales"/>
                  <SP HEIGHT="46" WIDTH="15" VPOS="1926" HPOS="1455"/>
                  <String HEIGHT="46"
                          WIDTH="263"
                          VPOS="1926"
                          HPOS="1411"
                          CONTENT="dispositiones,"/>
                  <SP HEIGHT="46" WIDTH="15" VPOS="1926" HPOS="1674"/>
                  <String HEIGHT="46"
                          WIDTH="146"
                          VPOS="1926"
                          HPOS="1630"
                          CONTENT="quales"/>
                  <SP HEIGHT="46" WIDTH="15" VPOS="1926" HPOS="1776"/>
                  <String HEIGHT="46"
                          WIDTH="117"
                          VPOS="1926"
                          HPOS="1733"
                          CONTENT="sunt"/>
                  <SP HEIGHT="46" WIDTH="15" VPOS="1926" HPOS="1849"/>
                  <String HEIGHT="46" WIDTH="88" VPOS="1926" HPOS="1806" CONTENT="in"/>
                  <SP HEIGHT="46" WIDTH="15" VPOS="1926" HPOS="1893"/>
                  <String HEIGHT="46"
                          WIDTH="161"
                          VPOS="1926"
                          HPOS="1849"
                          CONTENT="pupilla"/>
                  <SP HEIGHT="46" WIDTH="15" VPOS="1926" HPOS="2010"/>
                  <String HEIGHT="46"
                          WIDTH="161"
                          VPOS="1926"
                          HPOS="1966"
                          CONTENT="aquilae"/>
                  <SP HEIGHT="46" WIDTH="15" VPOS="1926" HPOS="2127"/>
                  <String HEIGHT="46"
                          WIDTH="102"
                          VPOS="1926"
                          HPOS="2069"
                          CONTENT="pone"
                          SUBS_TYPE="HypPart1"
                          SUBS_CONTENT="poneret"/>
                  <HYP CONTENT="-"/>
               </TextLine>
               <TextLine ID="r2l95"
                         BASELINE="2010"
                         HEIGHT="46"
                         WIDTH="834"
                         VPOS="1964"
                         HPOS="1331">
                  <String HEIGHT="46"
                          WIDTH="101"
                          VPOS="1964"
                          HPOS="1317"
                          CONTENT="ret"
                          SUBS_TYPE="HypPart2"
                          SUBS_CONTENT="poneret"/>
                  <SP HEIGHT="46" WIDTH="14" VPOS="1964" HPOS="1417"/>
                  <String HEIGHT="46" WIDTH="86" VPOS="1964" HPOS="1374" CONTENT="in"/>
                  <SP HEIGHT="46" WIDTH="14" VPOS="1964" HPOS="1460"/>
                  <String HEIGHT="46"
                          WIDTH="158"
                          VPOS="1964"
                          HPOS="1417"
                          CONTENT="pupilla"/>
                  <SP HEIGHT="46" WIDTH="14" VPOS="1964" HPOS="1575"/>
                  <String HEIGHT="46"
                          WIDTH="273"
                          VPOS="1964"
                          HPOS="1532"
                          CONTENT="vespertilionis,"/>
                  <SP HEIGHT="46" WIDTH="14" VPOS="1964" HPOS="1806"/>
                  <String HEIGHT="46"
                          WIDTH="115"
                          VPOS="1964"
                          HPOS="1762"
                          CONTENT="tunc"/>
                  <SP HEIGHT="46" WIDTH="14" VPOS="1964" HPOS="1877"/>
                  <String HEIGHT="46"
                          WIDTH="216"
                          VPOS="1964"
                          HPOS="1834"
                          CONTENT="vespertilio"/>
                  <SP HEIGHT="46" WIDTH="14" VPOS="1964" HPOS="2050"/>
                  <String HEIGHT="46"
                          WIDTH="158"
                          VPOS="1964"
                          HPOS="2007"
                          CONTENT="videret"/>
                  <SP HEIGHT="46" WIDTH="14" VPOS="1964" HPOS="2165"/>
                  <String HEIGHT="46" WIDTH="58" VPOS="1964" HPOS="2107" CONTENT="si"/>
               </TextLine>
               <TextLine ID="r2l98"
                         BASELINE="2046"
                         HEIGHT="43"
                         WIDTH="845"
                         VPOS="2003"
                         HPOS="1329">
                  <String HEIGHT="43"
                          WIDTH="112"
                          VPOS="2003"
                          HPOS="1313"
                          CONTENT="cut"/>
                  <SP HEIGHT="43" WIDTH="16" VPOS="2003" HPOS="1425"/>
                  <String HEIGHT="43"
                          WIDTH="159"
                          VPOS="2003"
                          HPOS="1377"
                          CONTENT="aquila"/>
                  <SP HEIGHT="43" WIDTH="16" VPOS="2003" HPOS="1536"/>
                  <String HEIGHT="43"
                          WIDTH="112"
                          VPOS="2003"
                          HPOS="1488"
                          CONTENT="Cum"/>
                  <SP HEIGHT="43" WIDTH="16" VPOS="2003" HPOS="1600"/>
                  <String HEIGHT="43"
                          WIDTH="128"
                          VPOS="2003"
                          HPOS="1552"
                          CONTENT="ergo"/>
                  <SP HEIGHT="43" WIDTH="16" VPOS="2003" HPOS="1680"/>
                  <String HEIGHT="43"
                          WIDTH="207"
                          VPOS="2003"
                          HPOS="1632"
                          CONTENT="potentiae"/>
                  <SP HEIGHT="43" WIDTH="16" VPOS="2003" HPOS="1839"/>
                  <String HEIGHT="43"
                          WIDTH="159"
                          VPOS="2003"
                          HPOS="1791"
                          CONTENT="animae"/>
                  <SP HEIGHT="43" WIDTH="16" VPOS="2003" HPOS="1951"/>
                  <String HEIGHT="43"
                          WIDTH="239"
                          VPOS="2003"
                          HPOS="1903"
                          CONTENT="naturaliter"/>
                  <SP HEIGHT="43" WIDTH="16" VPOS="2003" HPOS="2142"/>
                  <String HEIGHT="43"
                          WIDTH="96"
                          VPOS="2003"
                          HPOS="2078"
                          CONTENT="fun"
                          SUBS_TYPE="HypPart1"
                          SUBS_CONTENT="fundentur"/>
                  <HYP CONTENT="-"/>
               </TextLine>
               <TextLine ID="r2l100"
                         BASELINE="2089"
                         HEIGHT="47"
                         WIDTH="849"
                         VPOS="2042"
                         HPOS="1331">
                  <String HEIGHT="47"
                          WIDTH="146"
                          VPOS="2042"
                          HPOS="1316"
                          CONTENT="dentur"
                          SUBS_TYPE="HypPart2"
                          SUBS_CONTENT="fundentur"/>
                  <SP HEIGHT="47" WIDTH="15" VPOS="2042" HPOS="1463"/>
                  <String HEIGHT="47" WIDTH="88" VPOS="2042" HPOS="1419" CONTENT="in"/>
                  <SP HEIGHT="47" WIDTH="15" VPOS="2042" HPOS="1507"/>
                  <String HEIGHT="47"
                          WIDTH="176"
                          VPOS="2042"
                          HPOS="1463"
                          CONTENT="essentia"/>
                  <SP HEIGHT="47" WIDTH="15" VPOS="2042" HPOS="1638"/>
                  <String HEIGHT="47"
                          WIDTH="161"
                          VPOS="2042"
                          HPOS="1594"
                          CONTENT="animae,"/>
                  <SP HEIGHT="47" WIDTH="15" VPOS="2042" HPOS="1756"/>
                  <String HEIGHT="47"
                          WIDTH="190"
                          VPOS="2042"
                          HPOS="1712"
                          CONTENT="sequitur,"/>
                  <SP HEIGHT="47" WIDTH="15" VPOS="2042" HPOS="1902"/>
                  <String HEIGHT="47"
                          WIDTH="117"
                          VPOS="2042"
                          HPOS="1858"
                          CONTENT="quod"/>
                  <SP HEIGHT="47" WIDTH="15" VPOS="2042" HPOS="1975"/>
                  <String HEIGHT="47"
                          WIDTH="146"
                          VPOS="2042"
                          HPOS="1931"
                          CONTENT="gratia"/>
                  <SP HEIGHT="47" WIDTH="15" VPOS="2042" HPOS="2078"/>
                  <String HEIGHT="47"
                          WIDTH="161"
                          VPOS="2042"
                          HPOS="2019"
                          CONTENT="perficies"/>
               </TextLine>
               <TextLine ID="r2l102"
                         BASELINE="2131"
                         HEIGHT="45"
                         WIDTH="838"
                         VPOS="2086"
                         HPOS="1331">
                  <String HEIGHT="45"
                          WIDTH="185"
                          VPOS="2086"
                          HPOS="1317"
                          CONTENT="essentiam"/>
                  <SP HEIGHT="45" WIDTH="14" VPOS="2086" HPOS="1501"/>
                  <String HEIGHT="45"
                          WIDTH="156"
                          VPOS="2086"
                          HPOS="1459"
                          CONTENT="animae,"/>
                  <SP HEIGHT="45" WIDTH="14" VPOS="2086" HPOS="1615"/>
                  <String HEIGHT="45"
                          WIDTH="128"
                          VPOS="2086"
                          HPOS="1572"
                          CONTENT="dando"/>
                  <SP HEIGHT="45" WIDTH="14" VPOS="2086" HPOS="1700"/>
                  <String HEIGHT="45"
                          WIDTH="114"
                          VPOS="2086"
                          HPOS="1658"
                          CONTENT="illi"/>
                  <SP HEIGHT="45" WIDTH="14" VPOS="2086" HPOS="1771"/>
                  <String HEIGHT="45"
                          WIDTH="114"
                          VPOS="2086"
                          HPOS="1729"
                          CONTENT="esse"/>
                  <SP HEIGHT="45" WIDTH="14" VPOS="2086" HPOS="1842"/>
                  <String HEIGHT="45"
                          WIDTH="241"
                          VPOS="2086"
                          HPOS="1800"
                          CONTENT="supernaturale"/>
                  <SP HEIGHT="45" WIDTH="14" VPOS="2086" HPOS="2041"/>
                  <String HEIGHT="45"
                          WIDTH="99"
                          VPOS="2086"
                          HPOS="1999"
                          CONTENT="per"/>
                  <SP HEIGHT="45" WIDTH="14" VPOS="2086" HPOS="2098"/>
                  <String HEIGHT="45"
                          WIDTH="99"
                          VPOS="2086"
                          HPOS="2055"
                          CONTENT="sui"/>
                  <SP HEIGHT="45" WIDTH="14" VPOS="2086" HPOS="2155"/>
                  <String HEIGHT="45"
                          WIDTH="71"
                          VPOS="2086"
                          HPOS="2098"
                          CONTENT="re"
                          SUBS_TYPE="HypPart1"
                          SUBS_CONTENT="redundantiam,"/>
                  <HYP CONTENT="-"/>
               </TextLine>
               <TextLine ID="r2l104"
                         BASELINE="2161"
                         HEIGHT="41"
                         WIDTH="832"
                         VPOS="2120"
                         HPOS="1342">
                  <String HEIGHT="41"
                          WIDTH="235"
                          VPOS="2120"
                          HPOS="1326"
                          CONTENT="dundantiam,"
                          SUBS_TYPE="HypPart2"
                          SUBS_CONTENT="redundantiam,"/>
                  <SP HEIGHT="41" WIDTH="16" VPOS="2120" HPOS="1562"/>
                  <String HEIGHT="41"
                          WIDTH="173"
                          VPOS="2120"
                          HPOS="1515"
                          CONTENT="aliquam"/>
                  <SP HEIGHT="41" WIDTH="16" VPOS="2120" HPOS="1687"/>
                  <String HEIGHT="41"
                          WIDTH="251"
                          VPOS="2120"
                          HPOS="1640"
                          CONTENT="dispositiuam"/>
                  <SP HEIGHT="41" WIDTH="16" VPOS="2120" HPOS="1891"/>
                  <String HEIGHT="41"
                          WIDTH="220"
                          VPOS="2120"
                          HPOS="1844"
                          CONTENT="efficaciam"/>
                  <SP HEIGHT="41" WIDTH="16" VPOS="2120" HPOS="2064"/>
                  <String HEIGHT="41"
                          WIDTH="157"
                          VPOS="2120"
                          HPOS="2017"
                          CONTENT="habeat"/>
                  <SP HEIGHT="41" WIDTH="16" VPOS="2120" HPOS="2174"/>
                  <String HEIGHT="41" WIDTH="63" VPOS="2120" HPOS="2111" CONTENT="re"/>
               </TextLine>
               <TextLine ID="r2l106"
                         BASELINE="2211"
                         HEIGHT="51"
                         WIDTH="827"
                         VPOS="2160"
                         HPOS="1346">
                  <String HEIGHT="51"
                          WIDTH="133"
                          VPOS="2160"
                          HPOS="1331"
                          CONTENT="pectu"/>
                  <SP HEIGHT="51" WIDTH="15" VPOS="2160" HPOS="1464"/>
                  <String HEIGHT="51"
                          WIDTH="192"
                          VPOS="2160"
                          HPOS="1420"
                          CONTENT="virtutum,"/>
                  <SP HEIGHT="51" WIDTH="15" VPOS="2160" HPOS="1612"/>
                  <String HEIGHT="51"
                          WIDTH="103"
                          VPOS="2160"
                          HPOS="1568"
                          CONTENT="per"/>
                  <SP HEIGHT="51" WIDTH="15" VPOS="2160" HPOS="1671"/>
                  <String HEIGHT="51"
                          WIDTH="118"
                          VPOS="2160"
                          HPOS="1627"
                          CONTENT="quas"/>
                  <SP HEIGHT="51" WIDTH="15" VPOS="2160" HPOS="1745"/>
                  <String HEIGHT="51"
                          WIDTH="133"
                          VPOS="2160"
                          HPOS="1700"
                          CONTENT="ipsis"/>
                  <SP HEIGHT="51" WIDTH="15" VPOS="2160" HPOS="1833"/>
                  <String HEIGHT="51"
                          WIDTH="192"
                          VPOS="2160"
                          HPOS="1789"
                          CONTENT="potentijs"/>
                  <SP HEIGHT="51" WIDTH="15" VPOS="2160" HPOS="1981"/>
                  <String HEIGHT="51"
                          WIDTH="177"
                          VPOS="2160"
                          HPOS="1937"
                          CONTENT="competit"/>
                  <SP HEIGHT="51" WIDTH="15" VPOS="2160" HPOS="2114"/>
                  <String HEIGHT="51"
                          WIDTH="118"
                          VPOS="2160"
                          HPOS="2055"
                          CONTENT="super,"/>
               </TextLine>
               <TextLine ID="r2l108"
                         BASELINE="2249"
                         HEIGHT="51"
                         WIDTH="282"
                         VPOS="2198"
                         HPOS="1336">
                  <String HEIGHT="51"
                          WIDTH="223"
                          VPOS="2198"
                          HPOS="1321"
                          CONTENT="naturaliter"/>
                  <SP HEIGHT="51" WIDTH="15" VPOS="2198" HPOS="1544"/>
                  <String HEIGHT="51"
                          WIDTH="134"
                          VPOS="2198"
                          HPOS="1484"
                          CONTENT="operari"/>
               </TextLine>
               <TextLine ID="r2l112"
                         BASELINE="2294"
                         HEIGHT="49"
                         WIDTH="840"
                         VPOS="2245"
                         HPOS="1337">
                  <String HEIGHT="49"
                          WIDTH="112"
                          VPOS="2245"
                          HPOS="1318"
                          CONTENT="Ad"/>
                  <SP HEIGHT="49" WIDTH="19" VPOS="2245" HPOS="1430"/>
                  <String HEIGHT="49"
                          WIDTH="224"
                          VPOS="2245"
                          HPOS="1374"
                          CONTENT="secundum"/>
                  <SP HEIGHT="49" WIDTH="19" VPOS="2245" HPOS="1598"/>
                  <String HEIGHT="49"
                          WIDTH="149"
                          VPOS="2245"
                          HPOS="1542"
                          CONTENT="nego"/>
                  <SP HEIGHT="49" WIDTH="19" VPOS="2245" HPOS="1692"/>
                  <String HEIGHT="49"
                          WIDTH="224"
                          VPOS="2245"
                          HPOS="1636"
                          CONTENT="minorem."/>
                  <SP HEIGHT="49" WIDTH="19" VPOS="2245" HPOS="1860"/>
                  <String HEIGHT="49"
                          WIDTH="243"
                          VPOS="2245"
                          HPOS="1804"
                          CONTENT="Oppositum"/>
                  <SP HEIGHT="49" WIDTH="19" VPOS="2245" HPOS="2046"/>
                  <String HEIGHT="49"
                          WIDTH="149"
                          VPOS="2245"
                          HPOS="1990"
                          CONTENT="enim"/>
                  <SP HEIGHT="49" WIDTH="19" VPOS="2245" HPOS="2140"/>
                  <String HEIGHT="49"
                          WIDTH="112"
                          VPOS="2245"
                          HPOS="2065"
                          CONTENT="eius"/>
               </TextLine>
               <TextLine ID="r2l113"
                         BASELINE="2326"
                         HEIGHT="50"
                         WIDTH="463"
                         VPOS="2276"
                         HPOS="1343">
                  <String HEIGHT="50"
                          WIDTH="164"
                          VPOS="2276"
                          HPOS="1328"
                          CONTENT="probaui"/>
                  <SP HEIGHT="50" WIDTH="15" VPOS="2276" HPOS="1492"/>
                  <String HEIGHT="50"
                          WIDTH="134"
                          VPOS="2276"
                          HPOS="1448"
                          CONTENT="libro"/>
                  <SP HEIGHT="50" WIDTH="15" VPOS="2276" HPOS="1582"/>
                  <String HEIGHT="50"
                          WIDTH="164"
                          VPOS="2276"
                          HPOS="1537"
                          CONTENT="secundo"/>
                  <SP HEIGHT="50" WIDTH="15" VPOS="2276" HPOS="1701"/>
                  <String HEIGHT="50"
                          WIDTH="134"
                          VPOS="2276"
                          HPOS="1657"
                          CONTENT="dist."/>
                  <SP HEIGHT="50" WIDTH="15" VPOS="2276" HPOS="1791"/>
                  <String HEIGHT="50"
                          WIDTH="75"
                          VPOS="2276"
                          HPOS="1731"
                          CONTENT="28."/>
               </TextLine>
               <TextLine ID="r2l116"
                         BASELINE="2362"
                         HEIGHT="41"
                         WIDTH="844"
                         VPOS="2321"
                         HPOS="1335">
                  <String HEIGHT="41"
                          WIDTH="101"
                          VPOS="2321"
                          HPOS="1318"
                          CONTENT="Ad"/>
                  <SP HEIGHT="41" WIDTH="17" VPOS="2321" HPOS="1419"/>
                  <String HEIGHT="41"
                          WIDTH="253"
                          VPOS="2321"
                          HPOS="1369"
                          CONTENT="probationem"/>
                  <SP HEIGHT="41" WIDTH="17" VPOS="2321" HPOS="1622"/>
                  <String HEIGHT="41"
                          WIDTH="152"
                          VPOS="2321"
                          HPOS="1571"
                          CONTENT="dico,"/>
                  <SP HEIGHT="41" WIDTH="17" VPOS="2321" HPOS="1723"/>
                  <String HEIGHT="41"
                          WIDTH="135"
                          VPOS="2321"
                          HPOS="1673"
                          CONTENT="quod"/>
                  <SP HEIGHT="41" WIDTH="17" VPOS="2321" HPOS="1808"/>
                  <String HEIGHT="41"
                          WIDTH="169"
                          VPOS="2321"
                          HPOS="1757"
                          CONTENT="gratia"/>
                  <SP HEIGHT="41" WIDTH="17" VPOS="2321" HPOS="1926"/>
                  <String HEIGHT="41"
                          WIDTH="236"
                          VPOS="2321"
                          HPOS="1875"
                          CONTENT="perficiens"/>
                  <SP HEIGHT="41" WIDTH="17" VPOS="2321" HPOS="2111"/>
                  <String HEIGHT="41"
                          WIDTH="135"
                          VPOS="2321"
                          HPOS="2044"
                          CONTENT="essen"
                          SUBS_TYPE="HypPart1"
                          SUBS_CONTENT="essentiam"/>
                  <HYP CONTENT="-"/>
               </TextLine>
               <TextLine ID="r2l119"
                         BASELINE="2403"
                         HEIGHT="49"
                         WIDTH="842"
                         VPOS="2354"
                         HPOS="1329">
                  <String HEIGHT="49"
                          WIDTH="116"
                          VPOS="2354"
                          HPOS="1314"
                          CONTENT="tiam"
                          SUBS_TYPE="HypPart2"
                          SUBS_CONTENT="essentiam"/>
                  <SP HEIGHT="49" WIDTH="15" VPOS="2354" HPOS="1431"/>
                  <String HEIGHT="49"
                          WIDTH="145"
                          VPOS="2354"
                          HPOS="1387"
                          CONTENT="animae"/>
                  <SP HEIGHT="49" WIDTH="15" VPOS="2354" HPOS="1532"/>
                  <String HEIGHT="49"
                          WIDTH="218"
                          VPOS="2354"
                          HPOS="1489"
                          CONTENT="subiectiue,"/>
                  <SP HEIGHT="49" WIDTH="15" VPOS="2354" HPOS="1706"/>
                  <String HEIGHT="49"
                          WIDTH="102"
                          VPOS="2354"
                          HPOS="1663"
                          CONTENT="pro"/>
                  <SP HEIGHT="49" WIDTH="15" VPOS="2354" HPOS="1765"/>
                  <String HEIGHT="49"
                          WIDTH="131"
                          VPOS="2354"
                          HPOS="1721"
                          CONTENT="tanto"/>
                  <SP HEIGHT="49" WIDTH="15" VPOS="2354" HPOS="1852"/>
                  <String HEIGHT="49"
                          WIDTH="160"
                          VPOS="2354"
                          HPOS="1808"
                          CONTENT="dicitur"/>
                  <SP HEIGHT="49" WIDTH="15" VPOS="2354" HPOS="1968"/>
                  <String HEIGHT="49"
                          WIDTH="160"
                          VPOS="2354"
                          HPOS="1924"
                          CONTENT="gratia,"/>
                  <SP HEIGHT="49" WIDTH="15" VPOS="2354" HPOS="2084"/>
                  <String HEIGHT="49"
                          WIDTH="116"
                          VPOS="2354"
                          HPOS="2040"
                          CONTENT="quia"/>
                  <SP HEIGHT="49" WIDTH="15" VPOS="2354" HPOS="2156"/>
                  <String HEIGHT="49"
                          WIDTH="73"
                          VPOS="2354"
                          HPOS="2098"
                          CONTENT="for"/>
               </TextLine>
               <TextLine ID="r2l121"
                         BASELINE="2443"
                         HEIGHT="44"
                         WIDTH="839"
                         VPOS="2399"
                         HPOS="1334">
                  <String HEIGHT="44"
                          WIDTH="168"
                          VPOS="2399"
                          HPOS="1319"
                          CONTENT="maliter"/>
                  <SP HEIGHT="44" WIDTH="15" VPOS="2399" HPOS="1487"/>
                  <String HEIGHT="44"
                          WIDTH="107"
                          VPOS="2399"
                          HPOS="1441"
                          CONTENT="dat"/>
                  <SP HEIGHT="44" WIDTH="15" VPOS="2399" HPOS="1548"/>
                  <String HEIGHT="44"
                          WIDTH="122"
                          VPOS="2399"
                          HPOS="1502"
                          CONTENT="esse"/>
                  <SP HEIGHT="44" WIDTH="15" VPOS="2399" HPOS="1624"/>
                  <String HEIGHT="44"
                          WIDTH="168"
                          VPOS="2399"
                          HPOS="1578"
                          CONTENT="gratum,"/>
                  <SP HEIGHT="44" WIDTH="15" VPOS="2399" HPOS="1746"/>
                  <String HEIGHT="44" WIDTH="76" VPOS="2399" HPOS="1700" CONTENT="&amp;"/>
                  <SP HEIGHT="44" WIDTH="15" VPOS="2399" HPOS="1776"/>
                  <String HEIGHT="44"
                          WIDTH="107"
                          VPOS="2399"
                          HPOS="1731"
                          CONTENT="hoc"/>
                  <SP HEIGHT="44" WIDTH="15" VPOS="2399" HPOS="1837"/>
                  <String HEIGHT="44"
                          WIDTH="107"
                          VPOS="2399"
                          HPOS="1792"
                          CONTENT="non"/>
                  <SP HEIGHT="44" WIDTH="15" VPOS="2399" HPOS="1898"/>
                  <String HEIGHT="44"
                          WIDTH="183"
                          VPOS="2399"
                          HPOS="1853"
                          CONTENT="conuenit"/>
                  <SP HEIGHT="44" WIDTH="15" VPOS="2399" HPOS="2036"/>
                  <String HEIGHT="44"
                          WIDTH="153"
                          VPOS="2399"
                          HPOS="1990"
                          CONTENT="alicui"/>
                  <SP HEIGHT="44" WIDTH="15" VPOS="2399" HPOS="2142"/>
                  <String HEIGHT="44"
                          WIDTH="92"
                          VPOS="2399"
                          HPOS="2081"
                          CONTENT="vir"
                          SUBS_TYPE="HypPart1"
                          SUBS_CONTENT="virtuti;"/>
                  <HYP CONTENT="-"/>
               </TextLine>
               <TextLine ID="r2l123"
                         BASELINE="2478"
                         HEIGHT="42"
                         WIDTH="839"
                         VPOS="2436"
                         HPOS="1338">
                  <String HEIGHT="42"
                          WIDTH="130"
                          VPOS="2436"
                          HPOS="1324"
                          CONTENT="tuti;"
                          SUBS_TYPE="HypPart2"
                          SUBS_CONTENT="virtuti;"/>
                  <SP HEIGHT="42" WIDTH="14" VPOS="2436" HPOS="1454"/>
                  <String HEIGHT="42"
                          WIDTH="116"
                          VPOS="2436"
                          HPOS="1410"
                          CONTENT="quia"/>
                  <SP HEIGHT="42" WIDTH="14" VPOS="2436" HPOS="1526"/>
                  <String HEIGHT="42"
                          WIDTH="174"
                          VPOS="2436"
                          HPOS="1483"
                          CONTENT="formalis"/>
                  <SP HEIGHT="42" WIDTH="14" VPOS="2436" HPOS="1656"/>
                  <String HEIGHT="42"
                          WIDTH="174"
                          VPOS="2436"
                          HPOS="1613"
                          CONTENT="effectus"/>
                  <SP HEIGHT="42" WIDTH="14" VPOS="2436" HPOS="1786"/>
                  <String HEIGHT="42"
                          WIDTH="174"
                          VPOS="2436"
                          HPOS="1743"
                          CONTENT="virtutis"/>
                  <SP HEIGHT="42" WIDTH="14" VPOS="2436" HPOS="1917"/>
                  <String HEIGHT="42"
                          WIDTH="101"
                          VPOS="2436"
                          HPOS="1873"
                          CONTENT="non"/>
                  <SP HEIGHT="42" WIDTH="14" VPOS="2436" HPOS="1974"/>
                  <String HEIGHT="42"
                          WIDTH="101"
                          VPOS="2436"
                          HPOS="1931"
                          CONTENT="est"/>
                  <SP HEIGHT="42" WIDTH="14" VPOS="2436" HPOS="2032"/>
                  <String HEIGHT="42"
                          WIDTH="116"
                          VPOS="2436"
                          HPOS="1989"
                          CONTENT="esse"/>
                  <SP HEIGHT="42" WIDTH="14" VPOS="2436" HPOS="2105"/>
                  <String HEIGHT="42"
                          WIDTH="130"
                          VPOS="2436"
                          HPOS="2047"
                          CONTENT="gratum,"/>
               </TextLine>
               <TextLine ID="r2l125"
                         BASELINE="2523"
                         HEIGHT="51"
                         WIDTH="841"
                         VPOS="2472"
                         HPOS="1336">
                  <String HEIGHT="51"
                          WIDTH="105"
                          VPOS="2472"
                          HPOS="1321"
                          CONTENT="sed"/>
                  <SP HEIGHT="51" WIDTH="15" VPOS="2472" HPOS="1426"/>
                  <String HEIGHT="51"
                          WIDTH="105"
                          VPOS="2472"
                          HPOS="1381"
                          CONTENT="est"/>
                  <SP HEIGHT="51" WIDTH="15" VPOS="2472" HPOS="1486"/>
                  <String HEIGHT="51"
                          WIDTH="120"
                          VPOS="2472"
                          HPOS="1441"
                          CONTENT="esse"/>
                  <SP HEIGHT="51" WIDTH="15" VPOS="2472" HPOS="1561"/>
                  <String HEIGHT="51"
                          WIDTH="210"
                          VPOS="2472"
                          HPOS="1516"
                          CONTENT="virtuosum."/>
                  <SP HEIGHT="51" WIDTH="15" VPOS="2472" HPOS="1726"/>
                  <String HEIGHT="51"
                          WIDTH="120"
                          VPOS="2472"
                          HPOS="1681"
                          CONTENT="Vnde"/>
                  <SP HEIGHT="51" WIDTH="15" VPOS="2472" HPOS="1802"/>
                  <String HEIGHT="51" WIDTH="90" VPOS="2472" HPOS="1757" CONTENT="si"/>
                  <SP HEIGHT="51" WIDTH="15" VPOS="2472" HPOS="1847"/>
                  <String HEIGHT="51"
                          WIDTH="210"
                          VPOS="2472"
                          HPOS="1802"
                          CONTENT="virtutibus"/>
                  <SP HEIGHT="51" WIDTH="15" VPOS="2472" HPOS="2012"/>
                  <String HEIGHT="51"
                          WIDTH="165"
                          VPOS="2472"
                          HPOS="1967"
                          CONTENT="dicimur"/>
                  <SP HEIGHT="51" WIDTH="15" VPOS="2472" HPOS="2132"/>
                  <String HEIGHT="51"
                          WIDTH="105"
                          VPOS="2472"
                          HPOS="2072"
                          CONTENT="grati"/>
               </TextLine>
               <TextLine ID="r2l127"
                         BASELINE="2556"
                         HEIGHT="42"
                         WIDTH="839"
                         VPOS="2514"
                         HPOS="1336">
                  <String HEIGHT="42"
                          WIDTH="118"
                          VPOS="2514"
                          HPOS="1321"
                          CONTENT="Deo,"/>
                  <SP HEIGHT="42" WIDTH="15" VPOS="2514" HPOS="1439"/>
                  <String HEIGHT="42"
                          WIDTH="103"
                          VPOS="2514"
                          HPOS="1395"
                          CONTENT="hoc"/>
                  <SP HEIGHT="42" WIDTH="15" VPOS="2514" HPOS="1498"/>
                  <String HEIGHT="42"
                          WIDTH="147"
                          VPOS="2514"
                          HPOS="1454"
                          CONTENT="habent"/>
                  <SP HEIGHT="42" WIDTH="15" VPOS="2514" HPOS="1601"/>
                  <String HEIGHT="42"
                          WIDTH="236"
                          VPOS="2514"
                          HPOS="1557"
                          CONTENT="originaliter"/>
                  <SP HEIGHT="42" WIDTH="15" VPOS="2514" HPOS="1792"/>
                  <String HEIGHT="42"
                          WIDTH="118"
                          VPOS="2514"
                          HPOS="1748"
                          CONTENT="ipse"/>
                  <SP HEIGHT="42" WIDTH="15" VPOS="2514" HPOS="1866"/>
                  <String HEIGHT="42"
                          WIDTH="177"
                          VPOS="2514"
                          HPOS="1822"
                          CONTENT="virtutes"/>
                  <SP HEIGHT="42" WIDTH="15" VPOS="2514" HPOS="1998"/>
                  <String HEIGHT="42" WIDTH="74" VPOS="2514" HPOS="1954" CONTENT="a"/>
                  <SP HEIGHT="42" WIDTH="15" VPOS="2514" HPOS="2028"/>
                  <String HEIGHT="42"
                          WIDTH="162"
                          VPOS="2514"
                          HPOS="1984"
                          CONTENT="gratia,"/>
                  <SP HEIGHT="42" WIDTH="15" VPOS="2514" HPOS="2146"/>
                  <String HEIGHT="42"
                          WIDTH="88"
                          VPOS="2514"
                          HPOS="2087"
                          CONTENT="quae"/>
               </TextLine>
               <TextLine ID="r2l130"
                         BASELINE="2601"
                         HEIGHT="48"
                         WIDTH="833"
                         VPOS="2553"
                         HPOS="1344">
                  <String HEIGHT="48"
                          WIDTH="132"
                          VPOS="2553"
                          HPOS="1329"
                          CONTENT="primo"/>
                  <SP HEIGHT="48" WIDTH="15" VPOS="2553" HPOS="1461"/>
                  <String HEIGHT="48"
                          WIDTH="102"
                          VPOS="2553"
                          HPOS="1417"
                          CONTENT="dat"/>
                  <SP HEIGHT="48" WIDTH="15" VPOS="2553" HPOS="1519"/>
                  <String HEIGHT="48"
                          WIDTH="117"
                          VPOS="2553"
                          HPOS="1476"
                          CONTENT="esse"/>
                  <SP HEIGHT="48" WIDTH="15" VPOS="2553" HPOS="1592"/>
                  <String HEIGHT="48"
                          WIDTH="146"
                          VPOS="2553"
                          HPOS="1549"
                          CONTENT="gratum"/>
                  <SP HEIGHT="48" WIDTH="15" VPOS="2553" HPOS="1695"/>
                  <String HEIGHT="48"
                          WIDTH="117"
                          VPOS="2553"
                          HPOS="1651"
                          CONTENT="ipsi"/>
                  <SP HEIGHT="48" WIDTH="15" VPOS="2553" HPOS="1768"/>
                  <String HEIGHT="48"
                          WIDTH="205"
                          VPOS="2553"
                          HPOS="1724"
                          CONTENT="essentiae,"/>
                  <SP HEIGHT="48" WIDTH="15" VPOS="2553" HPOS="1929"/>
                  <String HEIGHT="48" WIDTH="73" VPOS="2553" HPOS="1885" CONTENT="&amp;"/>
                  <SP HEIGHT="48" WIDTH="15" VPOS="2553" HPOS="1958"/>
                  <String HEIGHT="48"
                          WIDTH="102"
                          VPOS="2553"
                          HPOS="1914"
                          CONTENT="per"/>
                  <SP HEIGHT="48" WIDTH="15" VPOS="2553" HPOS="2016"/>
                  <String HEIGHT="48"
                          WIDTH="205"
                          VPOS="2553"
                          HPOS="1972"
                          CONTENT="consequens"/>
                  <SP HEIGHT="48" WIDTH="15" VPOS="2553" HPOS="2177"/>
                  <String HEIGHT="48" WIDTH="58" VPOS="2553" HPOS="2119" CONTENT="om"/>
               </TextLine>
               <TextLine ID="r2l133"
                         BASELINE="2640"
                         HEIGHT="51"
                         WIDTH="851"
                         VPOS="2589"
                         HPOS="1329">
                  <String HEIGHT="51"
                          WIDTH="147"
                          VPOS="2589"
                          HPOS="1314"
                          CONTENT="nibus,"/>
                  <SP HEIGHT="51" WIDTH="15" VPOS="2589" HPOS="1461"/>
                  <String HEIGHT="51"
                          WIDTH="117"
                          VPOS="2589"
                          HPOS="1417"
                          CONTENT="quae"/>
                  <SP HEIGHT="51" WIDTH="15" VPOS="2589" HPOS="1534"/>
                  <String HEIGHT="51"
                          WIDTH="191"
                          VPOS="2589"
                          HPOS="1490"
                          CONTENT="fundantur"/>
                  <SP HEIGHT="51" WIDTH="15" VPOS="2589" HPOS="1681"/>
                  <String HEIGHT="51" WIDTH="88" VPOS="2589" HPOS="1637" CONTENT="in"/>
                  <SP HEIGHT="51" WIDTH="15" VPOS="2589" HPOS="1725"/>
                  <String HEIGHT="51"
                          WIDTH="191"
                          VPOS="2589"
                          HPOS="1681"
                          CONTENT="essentia,"/>
                  <SP HEIGHT="51" WIDTH="15" VPOS="2589" HPOS="1872"/>
                  <String HEIGHT="51"
                          WIDTH="117"
                          VPOS="2589"
                          HPOS="1828"
                          CONTENT="siue"/>
                  <SP HEIGHT="51" WIDTH="15" VPOS="2589" HPOS="1945"/>
                  <String HEIGHT="51"
                          WIDTH="191"
                          VPOS="2589"
                          HPOS="1901"
                          CONTENT="immediate"/>
                  <SP HEIGHT="51" WIDTH="15" VPOS="2589" HPOS="2092"/>
                  <String HEIGHT="51"
                          WIDTH="132"
                          VPOS="2589"
                          HPOS="2048"
                          CONTENT="sicut"/>
                  <SP HEIGHT="51" WIDTH="15" VPOS="2589" HPOS="2180"/>
                  <String HEIGHT="51" WIDTH="59" VPOS="2589" HPOS="2121" CONTENT="po"/>
               </TextLine>
               <TextLine ID="r2l135"
                         BASELINE="2677"
                         HEIGHT="43"
                         WIDTH="817"
                         VPOS="2634"
                         HPOS="1345">
                  <String HEIGHT="43"
                          WIDTH="218"
                          VPOS="2634"
                          HPOS="1327"
                          CONTENT="tentiae,"/>
                  <SP HEIGHT="43" WIDTH="18" VPOS="2634" HPOS="1545"/>
                  <String HEIGHT="43"
                          WIDTH="145"
                          VPOS="2634"
                          HPOS="1490"
                          CONTENT="siue"/>
                  <SP HEIGHT="43" WIDTH="18" VPOS="2634" HPOS="1635"/>
                  <String HEIGHT="43"
                          WIDTH="200"
                          VPOS="2634"
                          HPOS="1581"
                          CONTENT="mediate"/>
                  <SP HEIGHT="43" WIDTH="18" VPOS="2634" HPOS="1781"/>
                  <String HEIGHT="43"
                          WIDTH="163"
                          VPOS="2634"
                          HPOS="1726"
                          CONTENT="sicut"/>
                  <SP HEIGHT="43" WIDTH="18" VPOS="2634" HPOS="1890"/>
                  <String HEIGHT="43"
                          WIDTH="236"
                          VPOS="2634"
                          HPOS="1835"
                          CONTENT="virtutes,"/>
                  <SP HEIGHT="43" WIDTH="18" VPOS="2634" HPOS="2071"/>
                  <String HEIGHT="43" WIDTH="91" VPOS="2634" HPOS="2017" CONTENT="&amp;"/>
                  <SP HEIGHT="43" WIDTH="18" VPOS="2634" HPOS="2108"/>
                  <String HEIGHT="43"
                          WIDTH="127"
                          VPOS="2634"
                          HPOS="2035"
                          CONTENT="dona."/>
               </TextLine>
               <TextLine ID="r2l137"
                         BASELINE="2715"
                         HEIGHT="48"
                         WIDTH="818"
                         VPOS="2667"
                         HPOS="1362">
                  <String HEIGHT="48"
                          WIDTH="100"
                          VPOS="2667"
                          HPOS="1345"
                          CONTENT="Ad"/>
                  <SP HEIGHT="48" WIDTH="17" VPOS="2667" HPOS="1445"/>
                  <String HEIGHT="48"
                          WIDTH="184"
                          VPOS="2667"
                          HPOS="1395"
                          CONTENT="tertium"/>
                  <SP HEIGHT="48" WIDTH="17" VPOS="2667" HPOS="1579"/>
                  <String HEIGHT="48"
                          WIDTH="217"
                          VPOS="2667"
                          HPOS="1529"
                          CONTENT="dicendum,"/>
                  <SP HEIGHT="48" WIDTH="17" VPOS="2667" HPOS="1746"/>
                  <String HEIGHT="48"
                          WIDTH="134"
                          VPOS="2667"
                          HPOS="1696"
                          CONTENT="quod"/>
                  <SP HEIGHT="48" WIDTH="17" VPOS="2667" HPOS="1829"/>
                  <String HEIGHT="48"
                          WIDTH="217"
                          VPOS="2667"
                          HPOS="1779"
                          CONTENT="profluxus"/>
                  <SP HEIGHT="48" WIDTH="17" VPOS="2667" HPOS="1996"/>
                  <String HEIGHT="48"
                          WIDTH="200"
                          VPOS="2667"
                          HPOS="1946"
                          CONTENT="virtutum"/>
                  <SP HEIGHT="48" WIDTH="17" VPOS="2667" HPOS="2147"/>
                  <String HEIGHT="48" WIDTH="83" VPOS="2667" HPOS="2097" CONTENT="a"/>
                  <SP HEIGHT="48" WIDTH="17" VPOS="2667" HPOS="2180"/>
                  <String HEIGHT="48" WIDTH="67" VPOS="2667" HPOS="2113" CONTENT="gm"/>
               </TextLine>
               <TextLine ID="r2l139"
                         BASELINE="2748"
                         HEIGHT="39"
                         WIDTH="848"
                         VPOS="2709"
                         HPOS="1335">
                  <String HEIGHT="39"
                          WIDTH="108"
                          VPOS="2709"
                          HPOS="1320"
                          CONTENT="tia"/>
                  <SP HEIGHT="39" WIDTH="15" VPOS="2709" HPOS="1428"/>
                  <String HEIGHT="39"
                          WIDTH="154"
                          VPOS="2709"
                          HPOS="1381"
                          CONTENT="potest"/>
                  <SP HEIGHT="39" WIDTH="15" VPOS="2709" HPOS="1535"/>
                  <String HEIGHT="39"
                          WIDTH="123"
                          VPOS="2709"
                          HPOS="1489"
                          CONTENT="dici"/>
                  <SP HEIGHT="39" WIDTH="15" VPOS="2709" HPOS="1613"/>
                  <String HEIGHT="39"
                          WIDTH="231"
                          VPOS="2709"
                          HPOS="1566"
                          CONTENT="necessarius"/>
                  <SP HEIGHT="39" WIDTH="15" VPOS="2709" HPOS="1798"/>
                  <String HEIGHT="39"
                          WIDTH="185"
                          VPOS="2709"
                          HPOS="1751"
                          CONTENT="secundum"/>
                  <SP HEIGHT="39" WIDTH="15" VPOS="2709" HPOS="1936"/>
                  <String HEIGHT="39"
                          WIDTH="185"
                          VPOS="2709"
                          HPOS="1890"
                          CONTENT="ordinem,"/>
                  <SP HEIGHT="39" WIDTH="15" VPOS="2709" HPOS="2075"/>
                  <String HEIGHT="39"
                          WIDTH="123"
                          VPOS="2709"
                          HPOS="2029"
                          CONTENT="quem"/>
                  <SP HEIGHT="39" WIDTH="15" VPOS="2709" HPOS="2152"/>
                  <String HEIGHT="39"
                          WIDTH="93"
                          VPOS="2709"
                          HPOS="2090"
                          CONTENT="cro"
                          SUBS_TYPE="HypPart1"
                          SUBS_CONTENT="crodimus"/>
                  <HYP CONTENT="-"/>
               </TextLine>
               <TextLine ID="r2l142"
                         BASELINE="2796"
                         HEIGHT="49"
                         WIDTH="849"
                         VPOS="2747"
                         HPOS="1341">
                  <String HEIGHT="49"
                          WIDTH="134"
                          VPOS="2747"
                          HPOS="1326"
                          CONTENT="dimus"
                          SUBS_TYPE="HypPart2"
                          SUBS_CONTENT="crodimus"/>
                  <SP HEIGHT="49" WIDTH="15" VPOS="2747" HPOS="1460"/>
                  <String HEIGHT="49" WIDTH="74" VPOS="2747" HPOS="1415" CONTENT="a"/>
                  <SP HEIGHT="49" WIDTH="15" VPOS="2747" HPOS="1490"/>
                  <String HEIGHT="49"
                          WIDTH="104"
                          VPOS="2747"
                          HPOS="1445"
                          CONTENT="Deo"/>
                  <SP HEIGHT="49" WIDTH="15" VPOS="2747" HPOS="1550"/>
                  <String HEIGHT="49"
                          WIDTH="223"
                          VPOS="2747"
                          HPOS="1505"
                          CONTENT="institutum:"/>
                  <SP HEIGHT="49" WIDTH="15" VPOS="2747" HPOS="1728"/>
                  <String HEIGHT="49"
                          WIDTH="119"
                          VPOS="2747"
                          HPOS="1684"
                          CONTENT="quia"/>
                  <SP HEIGHT="49" WIDTH="15" VPOS="2747" HPOS="1803"/>
                  <String HEIGHT="49"
                          WIDTH="119"
                          VPOS="2747"
                          HPOS="1758"
                          CONTENT="Deus"/>
                  <SP HEIGHT="49" WIDTH="15" VPOS="2747" HPOS="1877"/>
                  <String HEIGHT="49"
                          WIDTH="134"
                          VPOS="2747"
                          HPOS="1833"
                          CONTENT="nulli"/>
                  <SP HEIGHT="49" WIDTH="15" VPOS="2747" HPOS="1967"/>
                  <String HEIGHT="49"
                          WIDTH="179"
                          VPOS="2747"
                          HPOS="1922"
                          CONTENT="infundit"/>
                  <SP HEIGHT="49" WIDTH="15" VPOS="2747" HPOS="2101"/>
                  <String HEIGHT="49"
                          WIDTH="149"
                          VPOS="2747"
                          HPOS="2041"
                          CONTENT="gratiam,"/>
               </TextLine>
               <TextLine ID="r2l144"
                         BASELINE="2831"
                         HEIGHT="45"
                         WIDTH="841"
                         VPOS="2786"
                         HPOS="1342">
                  <String HEIGHT="45"
                          WIDTH="122"
                          VPOS="2786"
                          HPOS="1327"
                          CONTENT="nisi"/>
                  <SP HEIGHT="45" WIDTH="15" VPOS="2786" HPOS="1449"/>
                  <String HEIGHT="45"
                          WIDTH="138"
                          VPOS="2786"
                          HPOS="1403"
                          CONTENT="eidem"/>
                  <SP HEIGHT="45" WIDTH="15" VPOS="2786" HPOS="1541"/>
                  <String HEIGHT="45"
                          WIDTH="183"
                          VPOS="2786"
                          HPOS="1495"
                          CONTENT="infundat"/>
                  <SP HEIGHT="45" WIDTH="15" VPOS="2786" HPOS="1678"/>
                  <String HEIGHT="45"
                          WIDTH="199"
                          VPOS="2786"
                          HPOS="1633"
                          CONTENT="virtutes,"/>
                  <SP HEIGHT="45" WIDTH="15" VPOS="2786" HPOS="1831"/>
                  <String HEIGHT="45" WIDTH="92" VPOS="2786" HPOS="1785" CONTENT="ad"/>
                  <SP HEIGHT="45" WIDTH="15" VPOS="2786" HPOS="1877"/>
                  <String HEIGHT="45"
                          WIDTH="122"
                          VPOS="2786"
                          HPOS="1831"
                          CONTENT="quas"/>
                  <SP HEIGHT="45" WIDTH="15" VPOS="2786" HPOS="1954"/>
                  <String HEIGHT="45"
                          WIDTH="168"
                          VPOS="2786"
                          HPOS="1908"
                          CONTENT="diponit"/>
                  <SP HEIGHT="45" WIDTH="15" VPOS="2786" HPOS="2076"/>
                  <String HEIGHT="45"
                          WIDTH="153"
                          VPOS="2786"
                          HPOS="2030"
                          CONTENT="gratia"/>
                  <SP HEIGHT="45" WIDTH="15" VPOS="2786" HPOS="2183"/>
                  <String HEIGHT="45" WIDTH="61" VPOS="2786" HPOS="2122" CONTENT="mo"/>
               </TextLine>
               <TextLine ID="r2l146"
                         BASELINE="2869"
                         HEIGHT="42"
                         WIDTH="834"
                         VPOS="2827"
                         HPOS="1346">
                  <String HEIGHT="42" WIDTH="96" VPOS="2827" HPOS="1330" CONTENT="do"/>
                  <SP HEIGHT="42" WIDTH="16" VPOS="2827" HPOS="1426"/>
                  <String HEIGHT="42"
                          WIDTH="241"
                          VPOS="2827"
                          HPOS="1378"
                          CONTENT="supradicto."/>
                  <SP HEIGHT="42" WIDTH="16" VPOS="2827" HPOS="1619"/>
                  <String HEIGHT="42" WIDTH="96" VPOS="2827" HPOS="1571" CONTENT="Ad"/>
                  <SP HEIGHT="42" WIDTH="16" VPOS="2827" HPOS="1667"/>
                  <String HEIGHT="42"
                          WIDTH="241"
                          VPOS="2827"
                          HPOS="1619"
                          CONTENT="probationem"/>
                  <SP HEIGHT="42" WIDTH="16" VPOS="2827" HPOS="1859"/>
                  <String HEIGHT="42"
                          WIDTH="209"
                          VPOS="2827"
                          HPOS="1811"
                          CONTENT="dicendum,"/>
                  <SP HEIGHT="42" WIDTH="16" VPOS="2827" HPOS="2020"/>
                  <String HEIGHT="42"
                          WIDTH="128"
                          VPOS="2827"
                          HPOS="1972"
                          CONTENT="quod"/>
                  <SP HEIGHT="42" WIDTH="16" VPOS="2827" HPOS="2100"/>
                  <String HEIGHT="42"
                          WIDTH="144"
                          VPOS="2827"
                          HPOS="2036"
                          CONTENT="virgini"/>
               </TextLine>
               <TextLine ID="r2l148"
                         BASELINE="2926"
                         HEIGHT="59"
                         WIDTH="831"
                         VPOS="2867"
                         HPOS="1345">
                  <String HEIGHT="59"
                          WIDTH="117"
                          VPOS="2867"
                          HPOS="1330"
                          CONTENT="tas,"/>
                  <SP HEIGHT="59" WIDTH="15" VPOS="2867" HPOS="1447"/>
                  <String HEIGHT="59" WIDTH="73" VPOS="2867" HPOS="1403" CONTENT="&amp;"/>
                  <SP HEIGHT="59" WIDTH="15" VPOS="2867" HPOS="1476"/>
                  <String HEIGHT="59"
                          WIDTH="190"
                          VPOS="2867"
                          HPOS="1432"
                          CONTENT="paupertas"/>
                  <SP HEIGHT="59" WIDTH="15" VPOS="2867" HPOS="1622"/>
                  <String HEIGHT="59"
                          WIDTH="102"
                          VPOS="2867"
                          HPOS="1578"
                          CONTENT="non"/>
                  <SP HEIGHT="59" WIDTH="15" VPOS="2867" HPOS="1680"/>
                  <String HEIGHT="59"
                          WIDTH="117"
                          VPOS="2867"
                          HPOS="1637"
                          CONTENT="sunt"/>
                  <SP HEIGHT="59" WIDTH="15" VPOS="2867" HPOS="1753"/>
                  <String HEIGHT="59"
                          WIDTH="175"
                          VPOS="2867"
                          HPOS="1709"
                          CONTENT="virtutes"/>
                  <SP HEIGHT="59" WIDTH="15" VPOS="2867" HPOS="1884"/>
                  <String HEIGHT="59"
                          WIDTH="175"
                          VPOS="2867"
                          HPOS="1841"
                          CONTENT="infusae;"/>
                  <SP HEIGHT="59" WIDTH="15" VPOS="2867" HPOS="2016"/>
                  <String HEIGHT="59"
                          WIDTH="102"
                          VPOS="2867"
                          HPOS="1972"
                          CONTENT="nos"/>
                  <SP HEIGHT="59" WIDTH="15" VPOS="2867" HPOS="2074"/>
                  <String HEIGHT="59"
                          WIDTH="131"
                          VPOS="2867"
                          HPOS="2030"
                          CONTENT="autem"/>
                  <SP HEIGHT="59" WIDTH="15" VPOS="2867" HPOS="2161"/>
                  <String HEIGHT="59"
                          WIDTH="73"
                          VPOS="2867"
                          HPOS="2103"
                          CONTENT="lo"
                          SUBS_TYPE="HypPart1"
                          SUBS_CONTENT="loquimur"/>
                  <HYP CONTENT="-"/>
               </TextLine>
               <TextLine ID="r2l149"
                         BASELINE="2951"
                         HEIGHT="51"
                         WIDTH="432"
                         VPOS="2900"
                         HPOS="1343">
                  <String HEIGHT="51"
                          WIDTH="149"
                          VPOS="2900"
                          HPOS="1328"
                          CONTENT="quimur"
                          SUBS_TYPE="HypPart2"
                          SUBS_CONTENT="loquimur"/>
                  <SP HEIGHT="51" WIDTH="15" VPOS="2900" HPOS="1477"/>
                  <String HEIGHT="51" WIDTH="89" VPOS="2900" HPOS="1432" CONTENT="de"/>
                  <SP HEIGHT="51" WIDTH="15" VPOS="2900" HPOS="1522"/>
                  <String HEIGHT="51"
                          WIDTH="164"
                          VPOS="2900"
                          HPOS="1477"
                          CONTENT="infusis"/>
                  <SP HEIGHT="51" WIDTH="15" VPOS="2900" HPOS="1641"/>
                  <String HEIGHT="51"
                          WIDTH="194"
                          VPOS="2900"
                          HPOS="1581"
                          CONTENT="virtutibus."/>
               </TextLine>
               <TextLine ID="line_1603045926031_5703"
                         BASELINE="2992"
                         HEIGHT="51"
                         WIDTH="807"
                         VPOS="2941"
                         HPOS="1389">
                  <String HEIGHT="51"
                          WIDTH="101"
                          VPOS="2941"
                          HPOS="1372"
                          CONTENT="Ad"/>
                  <SP HEIGHT="51" WIDTH="17" VPOS="2941" HPOS="1473"/>
                  <String HEIGHT="51"
                          WIDTH="185"
                          VPOS="2941"
                          HPOS="1423"
                          CONTENT="quartum"/>
                  <SP HEIGHT="51" WIDTH="17" VPOS="2941" HPOS="1608"/>
                  <String HEIGHT="51"
                          WIDTH="135"
                          VPOS="2941"
                          HPOS="1557"
                          CONTENT="nego"/>
                  <SP HEIGHT="51" WIDTH="17" VPOS="2941" HPOS="1692"/>
                  <String HEIGHT="51"
                          WIDTH="235"
                          VPOS="2941"
                          HPOS="1641"
                          CONTENT="antecedens"/>
                  <SP HEIGHT="51" WIDTH="17" VPOS="2941" HPOS="1877"/>
                  <String HEIGHT="51"
                          WIDTH="135"
                          VPOS="2941"
                          HPOS="1826"
                          CONTENT="quia"/>
                  <SP HEIGHT="51" WIDTH="17" VPOS="2941" HPOS="1961"/>
                  <String HEIGHT="51"
                          WIDTH="168"
                          VPOS="2941"
                          HPOS="1910"
                          CONTENT="illud,"/>
                  <SP HEIGHT="51" WIDTH="17" VPOS="2941" HPOS="2078"/>
                  <String HEIGHT="51"
                          WIDTH="135"
                          VPOS="2941"
                          HPOS="2028"
                          CONTENT="quod"/>
                  <SP HEIGHT="51" WIDTH="17" VPOS="2941" HPOS="2162"/>
                  <String HEIGHT="51"
                          WIDTH="101"
                          VPOS="2941"
                          HPOS="2095"
                          CONTENT="imme"/>
               </TextLine>
               <TextLine ID="r2l155"
                         BASELINE="3035"
                         HEIGHT="49"
                         WIDTH="824"
                         VPOS="2986"
                         HPOS="1344">
                  <String HEIGHT="49"
                          WIDTH="137"
                          VPOS="2986"
                          HPOS="1329"
                          CONTENT="diate"/>
                  <SP HEIGHT="49" WIDTH="15" VPOS="2986" HPOS="1466"/>
                  <String HEIGHT="49"
                          WIDTH="183"
                          VPOS="2986"
                          HPOS="1420"
                          CONTENT="terminat"/>
                  <SP HEIGHT="49" WIDTH="15" VPOS="2986" HPOS="1603"/>
                  <String HEIGHT="49"
                          WIDTH="183"
                          VPOS="2986"
                          HPOS="1558"
                          CONTENT="actionem"/>
                  <SP HEIGHT="49" WIDTH="15" VPOS="2986" HPOS="1741"/>
                  <String HEIGHT="49"
                          WIDTH="168"
                          VPOS="2986"
                          HPOS="1695"
                          CONTENT="realem,"/>
                  <SP HEIGHT="49" WIDTH="15" VPOS="2986" HPOS="1863"/>
                  <String HEIGHT="49"
                          WIDTH="107"
                          VPOS="2986"
                          HPOS="1817"
                          CONTENT="hoc"/>
                  <SP HEIGHT="49" WIDTH="15" VPOS="2986" HPOS="1924"/>
                  <String HEIGHT="49"
                          WIDTH="107"
                          VPOS="2986"
                          HPOS="1878"
                          CONTENT="non"/>
                  <SP HEIGHT="49" WIDTH="15" VPOS="2986" HPOS="1985"/>
                  <String HEIGHT="49"
                          WIDTH="153"
                          VPOS="2986"
                          HPOS="1939"
                          CONTENT="potest"/>
                  <SP HEIGHT="49" WIDTH="15" VPOS="2986" HPOS="2092"/>
                  <String HEIGHT="49"
                          WIDTH="122"
                          VPOS="2986"
                          HPOS="2046"
                          CONTENT="esse"/>
                  <SP HEIGHT="49" WIDTH="15" VPOS="2986" HPOS="2168"/>
                  <String HEIGHT="49" WIDTH="61" VPOS="2986" HPOS="2107" CONTENT="re"/>
               </TextLine>
               <TextLine ID="r2l158"
                         BASELINE="3063"
                         HEIGHT="42"
                         WIDTH="825"
                         VPOS="3021"
                         HPOS="1352">
                  <String HEIGHT="42"
                          WIDTH="147"
                          VPOS="3021"
                          HPOS="1337"
                          CONTENT="latio,"/>
                  <SP HEIGHT="42" WIDTH="15" VPOS="3021" HPOS="1485"/>
                  <String HEIGHT="42"
                          WIDTH="103"
                          VPOS="3021"
                          HPOS="1440"
                          CONTENT="nec"/>
                  <SP HEIGHT="42" WIDTH="15" VPOS="3021" HPOS="1544"/>
                  <String HEIGHT="42"
                          WIDTH="103"
                          VPOS="3021"
                          HPOS="1499"
                          CONTENT="per"/>
                  <SP HEIGHT="42" WIDTH="15" VPOS="3021" HPOS="1602"/>
                  <String HEIGHT="42"
                          WIDTH="206"
                          VPOS="3021"
                          HPOS="1558"
                          CONTENT="consequens"/>
                  <SP HEIGHT="42" WIDTH="15" VPOS="3021" HPOS="1765"/>
                  <String HEIGHT="42"
                          WIDTH="221"
                          VPOS="3021"
                          HPOS="1720"
                          CONTENT="similitudo,"/>
                  <SP HEIGHT="42" WIDTH="15" VPOS="3021" HPOS="1941"/>
                  <String HEIGHT="42"
                          WIDTH="103"
                          VPOS="3021"
                          HPOS="1897"
                          CONTENT="sed"/>
                  <SP HEIGHT="42" WIDTH="15" VPOS="3021" HPOS="2000"/>
                  <String HEIGHT="42"
                          WIDTH="147"
                          VPOS="3021"
                          HPOS="1956"
                          CONTENT="gratia"/>
                  <SP HEIGHT="42" WIDTH="15" VPOS="3021" HPOS="2103"/>
                  <String HEIGHT="42"
                          WIDTH="133"
                          VPOS="3021"
                          HPOS="2044"
                          CONTENT="immedi"
                          SUBS_TYPE="HypPart1"
                          SUBS_CONTENT="immedite"/>
                  <HYP CONTENT="-"/>
               </TextLine>
               <TextLine ID="r2l161"
                         BASELINE="3108"
                         HEIGHT="47"
                         WIDTH="846"
                         VPOS="3061"
                         HPOS="1340">
                  <String HEIGHT="47"
                          WIDTH="91"
                          VPOS="3061"
                          HPOS="1325"
                          CONTENT="te"
                          SUBS_TYPE="HypPart2"
                          SUBS_CONTENT="immedite"/>
                  <SP HEIGHT="47" WIDTH="15" VPOS="3061" HPOS="1416"/>
                  <String HEIGHT="47"
                          WIDTH="181"
                          VPOS="3061"
                          HPOS="1370"
                          CONTENT="terminat"/>
                  <SP HEIGHT="47" WIDTH="15" VPOS="3061" HPOS="1552"/>
                  <String HEIGHT="47"
                          WIDTH="181"
                          VPOS="3061"
                          HPOS="1506"
                          CONTENT="actionem"/>
                  <SP HEIGHT="47" WIDTH="15" VPOS="3061" HPOS="1687"/>
                  <String HEIGHT="47"
                          WIDTH="121"
                          VPOS="3061"
                          HPOS="1642"
                          CONTENT="Dei."/>
                  <SP HEIGHT="47" WIDTH="15" VPOS="3061" HPOS="1763"/>
                  <String HEIGHT="47"
                          WIDTH="136"
                          VPOS="3061"
                          HPOS="1718"
                          CONTENT="Maior"/>
                  <SP HEIGHT="47" WIDTH="15" VPOS="3061" HPOS="1854"/>
                  <String HEIGHT="47"
                          WIDTH="136"
                          VPOS="3061"
                          HPOS="1808"
                          CONTENT="patet"/>
                  <SP HEIGHT="47" WIDTH="15" VPOS="3061" HPOS="1944"/>
                  <String HEIGHT="47" WIDTH="91" VPOS="3061" HPOS="1899" CONTENT="5."/>
                  <SP HEIGHT="47" WIDTH="15" VPOS="3061" HPOS="1990"/>
                  <String HEIGHT="47" WIDTH="76" VPOS="3061" HPOS="1944" CONTENT="&amp;"/>
                  <SP HEIGHT="47" WIDTH="15" VPOS="3061" HPOS="2020"/>
                  <String HEIGHT="47" WIDTH="91" VPOS="3061" HPOS="1975" CONTENT="7."/>
                  <SP HEIGHT="47" WIDTH="15" VPOS="3061" HPOS="2065"/>
                  <String HEIGHT="47"
                          WIDTH="151"
                          VPOS="3061"
                          HPOS="2020"
                          CONTENT="physi."/>
                  <SP HEIGHT="47" WIDTH="15" VPOS="3061" HPOS="2171"/>
                  <String HEIGHT="47"
                          WIDTH="76"
                          VPOS="3061"
                          HPOS="2110"
                          CONTENT="Mi"
                          SUBS_TYPE="HypPart1"
                          SUBS_CONTENT="Minorem"/>
                  <HYP CONTENT="-"/>
               </TextLine>
               <TextLine ID="r2l162"
                         BASELINE="3150"
                         HEIGHT="48"
                         WIDTH="834"
                         VPOS="3102"
                         HPOS="1344">
                  <String HEIGHT="48"
                          WIDTH="139"
                          VPOS="3102"
                          HPOS="1329"
                          CONTENT="norem"
                          SUBS_TYPE="HypPart2"
                          SUBS_CONTENT="Minorem"/>
                  <SP HEIGHT="48" WIDTH="15" VPOS="3102" HPOS="1468"/>
                  <String HEIGHT="48"
                          WIDTH="139"
                          VPOS="3102"
                          HPOS="1421"
                          CONTENT="probo"/>
                  <SP HEIGHT="48" WIDTH="15" VPOS="3102" HPOS="1560"/>
                  <String HEIGHT="48"
                          WIDTH="108"
                          VPOS="3102"
                          HPOS="1514"
                          CONTENT="per"/>
                  <SP HEIGHT="48" WIDTH="15" VPOS="3102" HPOS="1622"/>
                  <String HEIGHT="48"
                          WIDTH="154"
                          VPOS="3102"
                          HPOS="1576"
                          CONTENT="dictum"/>
                  <SP HEIGHT="48" WIDTH="15" VPOS="3102" HPOS="1730"/>
                  <String HEIGHT="48"
                          WIDTH="216"
                          VPOS="3102"
                          HPOS="1684"
                          CONTENT="Augustini,"/>
                  <SP HEIGHT="48" WIDTH="15" VPOS="3102" HPOS="1900"/>
                  <String HEIGHT="48"
                          WIDTH="124"
                          VPOS="3102"
                          HPOS="1854"
                          CONTENT="qui,"/>
                  <SP HEIGHT="48" WIDTH="15" VPOS="3102" HPOS="1977"/>
                  <String HEIGHT="48" WIDTH="93" VPOS="3102" HPOS="1931" CONTENT="vt"/>
                  <SP HEIGHT="48" WIDTH="15" VPOS="3102" HPOS="2024"/>
                  <String HEIGHT="48"
                          WIDTH="170"
                          VPOS="3102"
                          HPOS="1977"
                          CONTENT="allegat"/>
                  <SP HEIGHT="48" WIDTH="15" VPOS="3102" HPOS="2147"/>
                  <String HEIGHT="48"
                          WIDTH="93"
                          VPOS="3102"
                          HPOS="2085"
                          CONTENT="Magi"/>
               </TextLine>
            </TextBlock>
         </PrintSpace>
      </Page>
   </Layout>
</alto>
