2414 3529
422 242 253 72 Respondeo,
620 242 144 72 quod
711 242 217 72 secundum
873 242 271 72 philosophum
1090 242 90 72 3
1126 242 162 72 ethic
1216 242 90 72 ha-

445 304 150 48 bitus
545 304 183 48 morales
679 304 167 48 habent
795 304 200 48 duplicem
945 304 150 48 modum
1028 304 267 48 circunstantio-

442 345 152 40 nandi
543 345 168 40 actum,
661 345 168 40 quorum
779 345 185 40 modorum
914 345 135 40 vnus
998 345 101 40 se
1048 345 152 40 tenet
1149 345 101 40 ex
1183 345 118 40 parte

444 384 166 45 agentis,
569 384 125 45 alius
652 384 83 45 se
694 384 125 45 tenet
777 384 83 45 ex
819 384 125 45 parte
902 384 139 45 ipsius
999 384 139 45 actus.
1082 384 222 45 Circunstantiae

434 419 94 52 se
481 419 188 52 tenentes
622 419 94 52 ex
669 419 141 52 parte
763 419 204 52 operantis
920 419 219 52 consistunt
1092 419 94 52 in
1139 419 125 52 hoc,
1202 419 94 52 quod

438 465 170 45 operatur
566 465 199 45 faciliter,
722 465 185 45 agiliter,
864 465 85 45 ac
906 465 270 45 delectabiliter,
1134 465 71 45 &
1162 465 85 45 ad
1190 465 114 45 huius-

434 503 117 42 modi
507 503 263 42 circunstantias
726 503 161 42 faciunt
843 503 175 42 virtutes
975 503 204 42 acquisitae
1135 503 161 42 propter
1238 503 58 42 in

438 539 225 48 clinationem
618 539 90 48 ex
663 539 240 48 consuetudine
858 539 210 48 derelicta.
1022 539 105 48 Sed
1067 539 225 48 circunstantis

430 578 92 48 se
476 578 183 48 tenentes
613 578 92 48 ex
659 578 138 48 parte
751 578 138 48 actus
842 578 214 48 consistunt
1011 578 92 48 in
1056 578 122 48 hoc,
1133 578 122 48 quod
1194 578 107 48 actus

438 622 177 46 elicitur
571 622 89 46 in
616 622 148 46 ordine
719 622 89 46 ad
764 622 163 46 debitum
882 622 148 46 finem,
985 622 89 46 vt
1030 622 177 46 oportet,
1163 622 104 46 vbi
1207 622 89 46 opon

435 654 116 45 tet,
507 654 145 45 quando
608 654 174 45 oportet,
739 654 72 45 &
768 654 101 45 sic
826 654 87 45 de
869 654 130 45 alijs
956 654 87 45 ad
999 654 130 45 actum
1086 654 188 45 virtuosum
1217 654 72 45 non

436 700 168 42 cessario
562 700 210 42 requisitis.
730 700 126 42 Licet
814 700 112 42 ergo
883 700 168 42 virtutes
1009 700 154 42 morales
1121 700 154 42 infusae
1219 700 70 42 non

436 736 161 48 faciant
554 736 88 48 ad
598 736 264 48 circunstantias
818 736 132 48 primo
906 736 117 48 modo
979 736 161 48 dictas:
1097 736 132 48 tamen
1170 736 132 48 faciunt

438 773 90 49 ad
483 773 270 49 circunstantias
708 773 120 49 isto
783 773 165 49 secundo
903 773 120 49 modo
978 773 165 49 dictas,
1098 773 75 49 &
1128 773 105 49 hoc
1173 773 105 49 perfe

441 814 151 49 ctiori
547 814 136 49 modo,
637 814 121 49 quam
713 814 211 49 quaecumque
879 814 181 49 virtutes
1014 814 211 49 acquisitae
1165 814 121 49 facere

439 856 174 47 possint:
569 856 73 47 &
598 856 116 47 ideo
671 856 102 47 non
729 856 116 47 sunt
787 856 131 47 frustra

467 890 189 44 Secundo,
609 890 157 44 contra
719 890 220 44 praedictam
892 890 252 44 conclusionem
1097 890 110 44 est
1144 890 142 44 quaedam

432 927 149 51 opinio
537 927 179 51 antiqua,
671 927 119 51 quae
746 927 149 51 ponit,
850 927 119 51 quod
925 927 90 51 in
970 927 179 51 baptismo
1104 927 179 51 paruulis
1223 927 60 51 so

428 967 107 49 lum
489 967 214 49 remittitur
657 967 214 49 originalis
824 967 244 49 culpa:gratia
1023 967 137 49 autem
1114 967 107 49 non
1160 967 122 49 datur.

504 1009 123 45 Quia
581 1009 185 45 secundum
719 1009 108 45 ber
780 1009 92 45 in
827 1009 108 45 lib
888 1009 92 45 de
934 1009 123 45 libs
1011 1009 138 45 arbi.
1103 1009 108 45 duo
1165 1009 123 45 sunt
1226 1009 62 45 ad

429 1044 157 49 salutem
543 1044 214 49 necessaria,
714 1044 185 49 scilicet,
856 1044 128 49 dans,
941 1044 71 49 &
970 1044 157 49 liberum
1084 1044 199 49 arbitrium.
1226 1044 57 49 Et

428 1086 162 44 subdit,
546 1086 118 44 quod
620 1086 103 44 tam
679 1086 103 44 non
737 1086 147 44 potest
840 1086 118 44 esse
914 1086 132 44 salus
1002 1086 147 44 nostra
1105 1086 118 44 sine
1164 1086 118 44 volun-

433 1128 117 46 tate
507 1128 264 46 consentientis,
727 1128 117 46 quam
800 1128 103 46 non
859 1128 147 46 potest
961 1128 117 46 esse
1035 1128 117 46 sine
1108 1128 147 46 gratia
1196 1128 88 46 dan-

418 1164 122 44 tis:
494 1164 107 44 sed
555 1164 184 44 paruulus
693 1164 107 44 non
754 1164 153 44 potest
862 1164 168 44 elicere
984 1164 199 44 consensum
1122 1164 153 44 volunta-

429 1205 117 42 tis:
502 1205 117 42 ergo
575 1205 102 42 non
634 1205 146 42 potest
736 1205 175 42 recipere
867 1205 175 42 gratiam,
999 1205 102 42 per
1057 1205 117 42 quam
1115 1205 161 42 saluetur.

440 1242 85 54 2
474 1242 102 54 Et
525 1242 119 54 hoc
593 1242 254 54 confirmatur
796 1242 119 54 per
864 1242 237 54 Augustinum
1051 1242 220 54 dicentem.
1203 1242 68 54 Qu

421 1282 155 45 creauit
533 1282 84 45 te
576 1282 112 45 sine
646 1282 98 45 te,
702 1282 98 45 non
758 1282 225 45 iustificabit
941 1282 84 45 te
983 1282 112 45 sine
1053 1282 98 45 te:
1109 1282 112 45 ergo
1166 1282 112 45 paruum

422 1320 105 51 lus
482 1320 105 51 non
542 1320 150 51 potest
647 1320 180 51 recipere
782 1320 180 51 gratiam,
917 1320 105 51 per
977 1320 120 51 quam
1052 1320 120 51 homo
1112 1320 165 51 iustifica

414 1359 119 54 tur,
489 1359 104 54 cum
548 1359 119 54 suae
622 1359 208 54 voluntatis
786 1359 119 54 motu
860 1359 134 54 nihil
950 1359 149 54 possit
1054 1359 89 54 ad
1098 1359 104 54 hoc
1143 1359 134 54 sacere,

460 1397 102 52 Sed
519 1397 102 52 nec
577 1397 131 52 istud
650 1397 116 52 valet.

459 1438 71 41 1
487 1438 114 41 Quia
559 1438 86 41 si
602 1438 114 41 ista
673 1438 143 41 opinio
773 1438 129 41 esset
859 1438 129 41 vera:
944 1438 114 41 tunc
1016 1438 157 41 posito,
1130 1438 114 41 quod
1187 1438 86 41 par-

423 1486 140 45 uulus
517 1486 218 45 baptixatus
688 1486 218 45 moreretur:
860 1486 140 45 inter
953 1486 109 45 duo
1016 1486 218 45 sequeretur
1171 1486 94 45 vnum

419 1518 190 43 scilicet
561 1518 126 43 quod
640 1518 111 43 vel
703 1518 142 43 talis
798 1518 190 43 paruulus
940 1518 221 43 damnaretur
1114 1518 126 43 sine
1177 1518 95 43 omni

414 1560 151 42 culpa,
520 1560 106 42 vel
580 1560 211 42 saluaretur
746 1560 121 42 sine
821 1560 151 42 gratia
927 1560 151 42 quorum
1033 1560 151 42 primum
1123 1560 151 42 repugnat

411 1595 170 46 diuinae
534 1595 201 46 bonitati:
689 1595 186 46 secundum
829 1595 186 46 repugnat
968 1595 232 46 ordinationi
1139 1595 139 46 diuinae

419 1631 79 56 ac
458 1631 118 56 etiam
524 1631 157 56 iustitiae.

456 1666 74 56 2
486 1666 208 56 Praeterea,
650 1666 89 56 in
694 1666 179 56 naturali
828 1666 223 56 generatione
1007 1666 119 56 puer
1081 1666 119 56 sine
1141 1666 134 56 actuali

411 1715 187 46 consensu
552 1715 125 46 suae
629 1715 218 46 voluntatis
801 1715 202 46 maculatur
957 1715 109 46 per
1019 1715 171 46 culpam:
1143 1715 125 46 ergo
1206 1715 62 46 in

408 1752 193 46 spirituali
560 1752 248 46 regeneratione,
766 1752 110 46 quae
835 1752 96 46 fit
890 1752 83 46 in
931 1752 179 46 baptismo,
1068 1752 110 46 sine
1137 1752 110 46 suae
1192 1752 69 46 vo-

423 1798 162 46 untatis
541 1798 162 46 actuali
658 1798 176 46 consensu
791 1798 147 46 potest
894 1798 220 46 iustificari
1070 1798 103 46 per
1129 1798 162 46 gratiam

418 1831 246 48 Consequentia
617 1831 154 48 patet:
725 1831 123 48 quia
802 1831 108 48 non
863 1831 169 48 apparet
986 1831 138 48 quare
1079 1831 92 48 in
1109 1831 154 48 receptio

405 1872 92 41 ne
451 1872 168 41 gratiae
573 1872 137 41 magis
664 1872 214 41 requiratur
832 1872 183 41 actualis
969 1872 214 41 consensus,
1137 1872 122 41 quam
1198 1872 61 41 in

408 1914 215 48 receptione
561 1914 138 48 culpae.

445 1943 93 55 Ad
492 1943 140 55 illas
585 1943 124 55 duas
663 1943 248 55 auctoritates
865 1943 140 55 Dern.
958 1943 78 55 &
989 1943 171 55 August.
1098 1943 155 55 dicendum

418 1987 116 50 quod
491 1987 116 50 sunt
564 1987 247 50 intelligendae
767 1987 87 50 de
811 1987 174 50 adultis,
941 1987 73 50 &
971 1987 102 50 non
1029 1987 87 50 de
1072 1987 189 50 paruulis.

442 2025 136 47 Forte
532 2025 181 47 dicetur,
668 2025 120 47 quod
743 2025 90 47 ad
788 2025 136 47 minus
879 2025 90 47 in
924 2025 181 47 paruulis
1059 2025 181 47 talibus,
1180 2025 75 47 qui

409 2063 106 48 non
469 2063 121 48 sunt
545 2063 151 48 electi
651 2063 91 48 ad
696 2063 136 48 vitam
787 2063 181 48 aeternam
923 2063 212 48 Augustinus
1089 2063 106 48 est
1134 2063 121 48 contra

405 2106 122 42 tuam
481 2106 214 42 praedictam
650 2106 260 42 conclusionem:
864 2106 138 42 quia,
956 2106 92 42 vt
1002 2106 168 42 allegat
1109 2106 153 42 Magister

411 2143 101 61 hic
468 2143 86 61 in
511 2143 173 61 littera,
641 2143 201 61 Augustinus
799 2143 144 61 dicit,
900 2143 115 61 quod
971 2143 201 61 sacramenta
1130 2143 86 61 in
1158 2143 101 61 solis

407 2179 156 58 electis
520 2179 199 58 efficiunt,
676 2179 114 58 quod
733 2179 142 58 figurant

441 2221 112 42 Per
505 2221 144 42 illud
601 2221 160 42 verbum
713 2221 208 42 Augustini
874 2221 128 42 mota
954 2221 128 42 fuit
1034 2221 176 42 quaedam
1146 2221 112 42 falsa

410 2264 143 48 opinio
510 2264 86 48 ad
552 2264 114 48 hoc,
624 2264 114 48 quod
695 2264 157 48 posuit,
809 2264 171 48 paruulis
937 2264 200 48 perituris,
1094 2264 100 48 nec
1137 2264 114 48 pecca-

405 2304 107 45 tum
466 2304 183 45 dimitti,
603 2304 107 45 nec
664 2304 168 45 gtatiam
771 2304 152 45 infundi-

437 2334 106 52 Sed
498 2334 122 52 hanc
574 2334 198 52 opinionem
726 2334 182 52 expresse
863 2334 182 52 refellit
999 2334 213 52 Augustinus
1167 2334 91 52 in
1197 2334 61 52 li

411 2385 106 48 pro
471 2385 196 48 enchirid,
622 2385 166 48 dicens.
743 2385 75 48 A
773 2385 166 48 paruulo
893 2385 136 48 vsque
984 2385 90 48 ad
1029 2385 211 48 decrepitum
1180 2385 60 48 se

400 2421 114 55 nem,
471 2421 85 55 vt
514 2421 142 55 nullus
613 2421 199 55 prohibetur
770 2421 185 55 baptismo:
912 2421 100 55 ita
969 2421 142 55 nullus
1068 2421 114 55 est,
1139 2421 100 55 qui
1182 2421 71 55 non

403 2458 176 56 peccato
515 2458 176 56 moriatur.

438 2491 105 45 Cum
498 2491 120 45 ergo
573 2491 105 45 ait
632 2491 224 45 Augustinus,
812 2491 120 45 quod
886 2491 209 45 sacramenta
1051 2491 90 45 in
1096 2491 134 45 solis
1170 2491 75 45 ele

398 2535 111 48 ctis
467 2535 194 48 efficiunt,
620 2535 111 48 quod
689 2535 180 48 figurant,
828 2535 125 48 verum
911 2535 97 48 est
966 2535 208 48 actualiter,
1132 2535 69 48 &
1146 2535 97 48 final

394 2576 112 45 ter:
464 2576 98 45 sed
520 2576 84 45 in
562 2576 98 45 non
618 2576 168 45 electis,
744 2576 126 45 licet
828 2576 196 45 sacramenta
981 2576 182 45 efficiant
1107 2576 140 45 actuali-

408 2616 94 51 er,
461 2616 108 51 quod
529 2616 175 51 figurant:
664 2616 94 51 hoc
718 2616 121 51 tamen
799 2616 94 51 non
852 2616 175 51 efficiunt
987 2616 189 51 finaliter:
1136 2616 108 51 quia
1190 2616 67 51 non

403 2655 136 47 electi
499 2655 177 47 finaliter
634 2655 122 47 pdent
716 2655 163 47 gratiam,
838 2655 68 47 &
865 2655 82 47 in
906 2655 163 47 peccatis
1029 2655 109 47 suis
1083 2655 163 47 morientur.

453 2692 156 48 quarto
563 2692 156 48 contra
672 2692 219 48 praedictam
844 2692 250 48 conclusionem
1047 2692 109 48 est
1109 2692 172 48 quaedam

396 2733 164 41 opinio,
515 2733 119 41 quae
590 2733 149 41 dicit,
694 2733 119 41 quod
768 2733 164 41 quamuis
888 2733 179 41 paruulis
1022 2733 209 41 baptixatis
1171 2733 74 41 re-

391 2769 178 52 mittatur
525 2769 149 52 culpa,
629 2769 74 52 &
659 2769 134 52 detur
748 2769 163 52 gratia:
867 2769 134 52 tamen
956 2769 178 52 virtutes
1090 2769 134 52 ipsis
1179 2769 104 52 non

379 2811 221 49 infunduntur;

434 2846 82 52 1
466 2846 131 52 Quia
548 2846 196 52 virtures
696 2846 229 52 respiciunt
876 2846 213 52 potentiam
1039 2846 98 52 in
1088 2846 164 52 ordine
1187 2846 65 52 ad

402 2892 236 45 operationem:
594 2892 103 45 sed
653 2892 162 45 paruuli
771 2892 148 45 habent
875 2892 162 45 ligatas
993 2892 207 45 potentias,
1155 2892 74 45 &
1170 2892 74 45 non

408 2939 157 40 possunt
522 2939 129 40 exire
608 2939 114 40 suis
680 2939 186 40 potentiis
823 2939 86 40 in
866 2939 157 40 aliquas
966 2939 200 40 operationes.

429 2967 73 46 2
459 2967 205 46 Praeterea,
620 2967 88 46 si
663 2967 161 46 paruuli
780 2967 161 46 aliquam
898 2967 176 46 virtutem
1029 2967 190 46 haberent,
1161 2967 73 46 ho-

398 3005 150 46 magis
498 3005 216 46 videretur
665 3005 100 46 de
715 3005 150 46 fide:
814 3005 116 46 cum
881 3005 150 46 fides
981 3005 116 46 sit
1031 3005 216 46 fundamentum

396 3045 175 49 omnium
518 3045 227 49 ceterarum
693 3045 227 49 virtutum:
868 3045 122 49 sed
938 3045 157 49 fidem
1043 3045 122 49 non
1095 3045 140 49 habent

392 3086 130 52 quia
473 3086 146 52 dicit
570 3086 227 52 Augustinus
749 3086 146 52 libro
846 3086 97 52 de
894 3086 195 52 baptismo
1024 3086 211 52 paruulorum.

1340 259 186 50 Paruulos
1480 259 78 50 &
1511 259 93 50 si
1558 259 155 50 nondum
1667 259 155 50 fides,
1776 259 124 50 quae
1853 259 93 50 in
1900 259 218 50 credentium
2055 259 140 50 volunta

1343 303 81 45 te
1383 303 189 45 consistit:
1531 303 81 45 ia
1572 303 121 45 tamen
1653 303 135 45 ipsius
1747 303 121 45 fidei
1828 303 202 45 sacramentum
1990 303 148 45 fideles
2084 303 108 45 facit.

1377 333 71 55 3
1405 333 185 55 Preterea,
1547 333 156 55 dicitur
1661 333 85 55 in
1703 333 170 55 ethicis,
1831 333 114 55 quod
1902 333 142 55 virtus
2001 333 99 55 est
2058 333 114 55 quae
2115 333 71 55 ha-

1339 375 151 59 bentem
1444 375 196 59 perficit,
1595 375 75 59 &
1625 375 121 59 opus
1701 375 121 59 suum
1776 375 136 59 bonum
1866 375 166 59 reddit:
1987 375 106 59 sed
2032 375 151 59 paruuli.

1337 415 108 55 nec
1398 415 139 55 bene,
1491 415 108 55 nec
1553 415 123 55 male
1630 415 185 55 poterunt
1753 415 139 55 operari

1366 443 76 57 4
1396 443 214 57 Praeterea,
1564 443 168 57 paruuli
1686 443 107 57 non
1747 443 122 57 sunt
1824 443 168 57 capaces
1946 443 183 57 virtutum
2068 443 122 57 intel-

1333 495 237 48 lectualium:
1523 495 126 48 ergo
1601 495 110 48 nec
1664 495 205 48 moralium.
1822 495 221 48 Antecedens
1996 495 158 48 patet:
2090 495 95 48 quia

1336 539 168 44 paruuli,
1462 539 98 44 nec
1518 539 126 44 habet
1602 539 154 44 habitum
1714 539 196 44 scientiae,
1869 539 210 44 sapientiae,
2037 539 98 44 vel
2079 539 98 44 artis

1328 578 79 46 &
1360 578 111 46 sic
1423 578 158 46 alios,
1534 578 127 46 quos
1613 578 190 46 enumerat
1756 578 238 46 philosophus
1962 578 158 46 ethic.
2057 578 127 46 Conse-

1342 620 144 45 uentia
1442 620 144 45 patet:
1543 620 115 45 quia
1615 620 187 45 potentia,
1758 620 115 45 quae
1830 620 101 45 est
1887 620 158 45 origine
2002 620 144 45 prior,
2088 620 101 45 primo

1330 655 124 54 debet
1413 655 165 54 perfici:
1537 655 96 54 sed
1592 655 207 54 intellectus
1757 655 96 54 est
1812 655 151 54 origine
1922 655 124 54 prior
2005 655 110 54 ipsa
2060 655 124 54 volunta

1327 694 102 53 te:
1385 694 116 53 ergo
1443 694 73 53 &c.

1367 705 99 75 Sed
1423 705 99 75 nec
1480 705 113 75 ista
1551 705 142 75 opinio
1650 705 127 75 stare
1721 705 127 75 potest.

1335 740 77 87 1
1365 740 124 87 Quia
1443 740 93 87 ex
1489 740 279 87 determinatione
1722 740 170 87 sanctae
1845 740 155 87 matris
1954 740 201 87 ecclesiae
2093 740 93 87 habe

1315 809 110 54 mus,
1384 809 110 54 quod
1453 809 152 54 gratia,
1564 809 69 54 &
1591 809 179 54 virtutes,
1729 809 207 54 infunduntur
1895 809 166 54 paruulis
2005 809 166 54 baptixatis

1367 850 71 51 2
1395 850 200 51 Praeterea,
1552 850 129 51 sicut
1638 850 171 51 superius
1767 850 143 51 dictum
1867 850 100 51 est
1924 850 86 51 ex
1967 850 157 51 virtute
2067 850 100 51 bapti

1321 885 90 52 mi
1366 885 225 52 reformantur
1546 885 195 52 potentiae
1696 885 165 52 animae,
1817 885 120 52 quae
1892 885 90 52 ex
1937 885 195 52 originali
2072 885 105 52 pecca

1317 933 81 43 to
1358 933 149 43 fuerant
1466 933 203 43 vulneratae:
1629 933 95 43 sed
1683 933 95 43 hoc
1737 933 95 43 non
1792 933 135 43 potest
1886 933 122 43 fieri
1968 933 108 43 sine
2022 933 149 43 virtutibs

1361 964 99 44 Ad
1410 964 165 44 primum
1526 964 132 44 ergo
1608 964 215 44 dicendum,
1773 964 132 44 quod
1856 964 198 44 virtutes
2004 964 116 44 non
2054 964 116 44 solum

1323 1004 239 52 infunduntur
1514 1004 207 52 potentijs
1674 1004 175 52 propter
1801 1004 255 52 operationem,
2009 1004 112 52 sed
2056 1004 112 52 etiam

1333 1043 154 52 ropter
1440 1043 231 52 potentiarum
1625 1043 185 52 decorem,
1764 1043 77 52 &
1795 1043 262 52 perfectionem.
2011 1043 139 52 Item,
2088 1043 77 52 vis

1322 1081 135 57 tutes
1412 1081 225 57 infunduntur
1592 1081 195 57 potentijs
1742 1081 105 57 non
1801 1081 150 57 solum,
1906 1081 90 57 vt
1951 1081 210 57 actualiter
2101 1081 75 57 ope

1316 1121 168 46 rationem
1442 1121 182 46 eliciant:
1583 1121 98 46 sed
1639 1121 140 46 etiam,
1737 1121 84 46 vt
1779 1121 98 46 suo
1835 1121 140 46 tepore
1933 1121 154 46 possint
2032 1121 140 46 elicere-

1347 1173 104 40 Ad
1399 1173 208 40 secundum
1555 1173 139 40 nego
1641 1173 208 40 minorem.
1797 1173 104 40 Ad
1849 1173 260 40 probationem
2040 1173 121 40 dicer

1319 1199 131 45 dum,
1401 1199 131 45 quod
1483 1199 148 45 fides
1581 1199 213 45 quandoque
1745 1199 181 45 sumitur
1877 1199 115 45 pro
1942 1199 164 45 habitu
2041 1199 131 45 fidei,

1319 1244 193 49 quandoque
1468 1244 104 49 pro
1527 1244 134 49 actu,
1616 1244 104 49 quo
1675 1244 119 49 quis
1750 1244 208 49 actualiter
1913 1244 163 49 credit,
2031 1244 74 49 &
2061 1244 104 49 hoc
2106 1244 59 49 se

1305 1278 139 56 cundo
1397 1278 124 56 modo
1475 1278 139 56 negat
1568 1278 217 56 Augustinus
1738 1278 139 56 fidem
1831 1278 124 56 esse
1908 1278 93 56 in
1954 1278 201 56 paruulis:
2094 1278 77 56 non

1302 1319 166 53 autem
1412 1319 166 53 primo
1504 1319 129 53 modo.

1340 1333 96 66 Ad
1388 1333 175 66 tertium
1515 1333 207 66 dicendum,
1674 1333 127 66 quod
1754 1333 96 66 in
1802 1333 127 66 illa
1881 1333 255 66 descriptione
2072 1333 96 66 vir-

1311 1397 136 54 tutis
1402 1397 121 54 sunt
1477 1397 121 54 duae
1553 1397 212 54 clausulae.
1719 1397 106 54 Vna
1779 1397 121 54 quae
1855 1397 181 54 habentem
1991 1397 196 54 perficit:
2127 1397 45 54 &

1305 1437 137 47 semper
1401 1437 165 47 conuenit
1525 1437 110 47 sibi
1594 1437 206 47 actualiter,
1759 1437 110 47 siue
1827 1437 96 47 sit
1882 1437 82 47 in
1924 1437 179 47 paruulis,
2061 1437 110 47 siue
2116 1437 55 47 in

1311 1474 179 55 adultis.
1445 1474 134 55 Alia,
1534 1474 119 55 quae
1609 1474 119 55 opus
1683 1474 119 55 suum
1757 1474 134 55 bonum
1847 1474 164 55 reddit.
1966 1474 119 55 haec
2040 1474 104 55 non
2085 1474 74 55 sem

1320 1517 92 43 er
1366 1517 183 43 conuenit
1503 1517 122 43 sibi
1579 1517 229 43 actualiter:
1762 1517 107 43 sed
1823 1517 137 43 solum
1915 1517 107 43 pro
1976 1517 92 43 eo
2006 1517 153 43 tempore,

1317 1557 144 52 quando
1418 1557 130 52 habet
1504 1557 130 52 opus:
1591 1557 130 52 sicut
1677 1557 159 52 apparet
1792 1557 87 52 in
1836 1557 245 52 dormientibus,
2038 1557 72 52 &
2052 1557 101 52 phroi

1298 1596 188 49 neticis,
1439 1596 109 49 qui
1502 1596 266 49 quamuiscumque
1720 1596 156 49 multas
1830 1596 172 49 habeant
1955 1596 203 49 virtutes:
2095 1596 63 49 ta

1299 1629 112 55 men
1363 1629 112 55 pro
1427 1629 128 55 tunc
1507 1629 160 55 quando
1619 1629 160 55 durant
1731 1629 208 55 huiusmodi
1890 1629 224 55 passiones,
2050 1629 112 55 virtu

1301 1671 115 56 tes
1366 1671 148 56 eorum
1465 1671 115 56 non
1530 1671 180 56 reddunt
1661 1671 180 56 aliquod
1792 1671 131 56 opus
1874 1671 148 56 bonum
1956 1671 197 56 actualiter

1303 1710 101 51 sed
1360 1710 130 51 solum
1447 1710 245 51 habitualiter:
1649 1710 101 51 sic
1706 1710 87 51 de
1750 1710 144 51 pueris
1836 1710 58 51 &c

1337 1722 100 82 Ad
1387 1722 183 82 quartum
1520 1722 216 82 dicendum,
1687 1722 133 82 quod
1770 1722 233 82 antecedens
1953 1722 117 82 non
2020 1722 117 82 est
2070 1722 83 82 vs-

1305 1783 201 56 quequaque
1459 1783 154 56 verum:
1567 1783 123 56 quia
1644 1783 93 56 si
1690 1783 123 56 Deus
1767 1783 216 56 infunderet
1937 1783 170 56 paruulo
2045 1783 108 56 virtu

1298 1826 102 55 tes
1357 1826 278 55 intellectuales,
1591 1826 132 55 anima
1678 1826 117 55 eius
1751 1826 132 55 esset
1839 1826 132 55 capax
1927 1826 190 55 huiusmodi
2058 1826 88 55 vir-

1307 1873 156 49 tutum.
1417 1873 125 49 Vnde
1495 1873 141 49 sicut
1589 1873 188 49 Salomoni
1730 1873 203 49 dormienti
1886 1873 125 49 Deus
1964 1873 172 49 infudit
2074 1873 78 49 per

1293 1907 146 45 fectum
1395 1907 160 45 habitum
1512 1907 218 45 sapientiae,
1686 1907 87 45 vt
1730 1907 131 45 patet
1817 1907 87 45 3.
1861 1907 131 45 Regum
1948 1907 87 45 4.
1992 1907 102 45 sic
2036 1907 116 45 potest

1308 1946 136 38 etiam
1399 1946 181 38 paruulis
1535 1946 212 38 infundere:
1701 1946 136 38 sicut
1791 1946 181 38 apparuit
1927 1946 91 38 de
1973 1946 136 38 anima
2048 1946 106 38 Chri-

1306 1977 97 68 ti,
1362 1977 111 68 quae
1431 1977 83 68 ab
1473 1977 167 68 instanti
1598 1977 125 68 primo
1681 1977 111 68 suae
1750 1977 194 68 creationis
1903 1977 167 68 perfecta
2028 1977 111 68 fuit
2084 1977 69 68 ha-

1292 2023 157 48 bitibus
1406 2023 299 48 intellectualibus.

1336 2037 135 82 Forte
1426 2037 150 82 dices,
1531 2037 90 82 Si
1575 2037 135 82 anima
1665 2037 165 82 paruuli
1785 2037 105 82 est
1845 2037 135 82 capax
1935 2037 224 82 sapientiae,
2099 2037 45 82 &

1292 2100 201 52 scientiae:
1450 2100 129 52 quare
1536 2100 115 52 Deus
1608 2100 101 52 non
1665 2100 172 52 infundit
1794 2100 115 52 illi
1866 2100 129 52 istos
1938 2100 129 52 habitus

1344 2140 198 50 espondeo,
1496 2140 122 50 quod
1572 2140 198 50 virtutes,
1724 2140 137 50 salte
1815 2140 228 50 theologice,
1998 2140 122 50 sunt
2059 2140 91 50 par-

1298 2182 112 44 uulo
1368 2182 126 44 magis
1452 2182 224 44 necessariae:
1634 2182 112 44 quia
1704 2182 112 44 sine
1773 2182 126 44 ipsis
1857 2182 98 44 non
1913 2182 154 44 poterit
2025 2182 98 44 Deo
2067 2182 84 44 esse

1290 2222 154 50 carus.
1397 2222 138 50 Etiam
1489 2222 169 50 habitus
1612 2222 184 50 morales,
1751 2222 108 50 qui
1812 2222 123 50 sunt
1889 2222 92 50 ad
1935 2222 138 50 finem
2012 2222 138 50 debitum

1289 2259 294 58 consequendum,
1530 2259 86 58 &
1565 2259 104 58 ad
1617 2259 242 58 obtinendum
1807 2259 207 58 salutem,
1962 2259 155 58 magis
2048 2259 104 58 sunt

1290 2303 227 45 necessarij,
1471 2303 121 45 quam
1547 2303 166 45 habitus
1653 2303 166 45 cognitiui

1327 2321 122 73 Sunt
1403 2321 137 73 etiam
1494 2321 152 73 quidam
1601 2321 137 73 alij,
1692 2321 106 73 qui
1753 2321 167 73 dicunt,
1874 2321 122 73 quod
1950 2321 183 73 paruulis
2072 2321 61 73 in

1291 2377 69 50 b
1319 2377 152 50 aptismo
1430 2377 138 50 dantur
1526 2377 166 50 virtutes
1651 2377 83 50 in
1692 2377 97 50 sua
1748 2377 152 50 radice,
1858 2377 125 50 puta,
1941 2377 83 50 in
1983 2377 152 50 gratia,
2080 2377 55 50 in

1305 2417 93 54 ua
1351 2417 185 54 virtutes
1490 2417 232 54 radicaliter
1675 2417 309 54 comprehenduntur:
1937 2417 108 54 sed
1999 2417 108 54 non
2045 2417 93 54 dan-

1289 2458 101 55 tur
1346 2458 86 55 in
1389 2458 101 55 sua
1447 2458 158 55 propria
1562 2458 158 55 specie,
1677 2458 72 55 &
1706 2458 158 55 natura:
1821 2458 101 55 nam
1879 2458 101 55 cum
1936 2458 187 55 potentiae
2066 2458 72 55 ant

1285 2495 97 47 mae
1341 2495 83 47 in
1382 2495 166 47 paruulis
1507 2495 111 47 sint
1576 2495 166 47 ligatae:
1701 2495 111 47 ideo
1770 2495 97 47 non
1826 2495 153 47 influit
1937 2495 139 47 gratia
2034 2495 83 47 ad
2062 2495 69 47 ha-

1286 2537 243 58 bilitationem
1483 2537 243 58 potentiarum,
1680 2537 136 58 donec
1771 2537 167 58 fuerint
1892 2537 167 58 solutae
2014 2537 91 58 ad
2044 2537 91 58 vsum

1278 2573 88 53 &
1296 2573 247 53 operationem.

1312 2594 98 68 Sed
1368 2594 98 68 nec
1424 2594 125 68 istud
1507 2594 139 68 valet:
1605 2594 125 68 quia,
1688 2594 84 68 vt
1730 2594 125 68 patet
1814 2594 84 68 ex
1855 2594 265 68 praecedentibus,
2064 2594 70 68 li-

1297 2652 112 46 atio
1367 2652 182 46 potentiae
1507 2652 98 46 non
1562 2652 154 46 impedit
1674 2652 154 46 habitum
1786 2652 182 46 virtutis;
1926 2652 126 46 licet
1995 2652 140 46 impediat

1283 2694 114 53 actu
1354 2694 185 53 virtutis,
1496 2694 100 53 seu
1553 2694 128 53 vsum,
1638 2694 85 53 vt
1681 2694 156 53 apparet
1795 2694 85 53 in
1837 2694 199 53 dormiente,
1980 2694 156 53 &furioso.

1332 2733 121 43 Alij
1407 2733 166 43 dicunt,
1528 2733 121 43 quod
1604 2733 181 43 virtutes
1740 2733 166 43 possunt
1861 2733 151 43 accipi
1967 2733 151 43 duobus
2057 2733 76 43 mo-

1277 2769 123 48 dis.
1353 2769 107 48 Vno
1415 2769 138 48 modo,
1507 2769 184 48 secundum
1645 2769 123 48 suum
1721 2769 123 48 esse
1798 2769 245 48 incompletum,
1997 2769 138 48 puta,
2074 2769 61 48 vt

1282 2811 117 48 sunt
1355 2811 161 48 quaedam
1472 2811 248 48 dispositiones
1677 2811 175 48 praeuiae
1808 2811 131 48 ipsis
1895 2811 204 48 habitibus.
2041 2811 88 48 Alio

1293 2851 143 56 nodo,
1389 2851 191 56 secundum
1532 2851 128 56 suum
1612 2851 128 56 esse
1692 2851 223 56 completum,
1867 2851 143 56 puta,
1963 2851 96 56 vt
2010 2851 128 56 sunt
2074 2851 64 56 ha

1284 2888 139 53 bitus
1376 2888 93 53 de
1423 2888 139 53 prima
1515 2888 154 53 specie
1623 2888 232 53 qualitatis.
1809 2888 139 53 Primo
1901 2888 124 53 modo
1963 2888 170 53 infundun-

1280 2928 104 44 tur
1340 2928 179 44 paruulis
1474 2928 89 44 in
1518 2928 208 44 baptismo,;
1682 2928 104 44 sed
1741 2928 104 44 non
1801 2928 164 44 secundo
1905 2928 104 44 modo.

1312 2968 107 54 Sed
1373 2968 107 54 nec
1434 2968 138 54 istud
1526 2968 153 54 valet,
1633 2968 122 54 quia
1710 2968 122 54 dona
1786 2968 107 54 Dei
1847 2968 107 54 non
1909 2968 122 54 sunt
1970 2968 153 54 imperfe-

1272 3009 121 51 cta.
1348 3009 152 51 Etiam,
1454 3009 106 51 qua
1514 3009 167 51 ratione
1636 3009 136 51 anima
1727 3009 167 51 paruuli
1848 3009 136 51 esset
1939 3009 136 51 capax
2015 3009 121 51 illius

1278 3047 242 52 dispositonis,
1477 3047 100 52 seu
1534 3047 214 52 imperfectae
1705 3047 185 52 virtutis,
1847 3047 128 52 eadem
1933 3047 157 52 ratione
2032 3047 100 52 esset

1277 3089 123 58 capax
1359 3089 136 58 ipsius
1455 3089 164 58 habitus,
1578 3089 96 58 seu
1632 3089 177 58 perfectae
1755 3089 150 58 virtutis.
