2432 3543
402 240 106 76 fua
463 240 182 76 passione
599 240 197 76 merebatur
751 240 137 76 nobis
842 240 167 76 gratiam
963 240 91 76 in
1009 240 167 76 futuro.
1130 240 91 76 Et
1161 240 106 76 istuc

420 298 128 56 patet
505 298 100 56 per
562 298 142 56 glosam
662 298 85 56 ad
704 298 100 56 Ro.
761 298 85 56 5:
804 298 100 56 vbi
861 298 100 56 ait
917 298 142 56 glosa.
1017 298 85 56 Ex
1060 298 142 56 latere
1145 298 128 56 Christi

420 351 208 39 dormientis
584 351 89 39 in
628 351 134 39 cruce
718 351 193 39 fluxerunt
866 351 223 39 sacramenta,
1045 351 104 39 per
1104 351 119 39 quae
1164 351 104 39 salus

424 378 82 47 ta
465 378 96 47 est
520 378 178 47 ecclesia.
657 378 110 47 lsta
725 378 110 47 alia
794 378 96 47 est
849 378 164 47 expressa
972 378 164 47 intentio
1095 378 151 47 August.
1205 378 96 47 15.

411 415 87 50 de
454 415 145 50 ciuit.
555 415 116 50 Dei.
628 415 101 50 vbi
686 415 116 50 ait.
758 415 145 50 Ostium
859 415 87 50 in
903 415 145 50 latere
1004 415 130 50 arcae
1091 415 174 50 profecto
1207 415 72 50 est

424 457 153 55 vulnus,
536 457 98 55 quo
591 457 126 55 latus
675 457 195 55 sacrificij
829 457 195 55 vulneratum
982 457 98 55 est
1038 457 153 55 lancea,
1149 457 98 55 hoc
1191 457 84 55 quip

412 500 98 47 pe
461 500 262 47 ingrediuntur
674 500 213 47 viuentes:
838 500 131 47 quia
920 500 131 47 inde
1002 500 229 47 sacramenta
1166 500 98 47 mana

420 539 135 50 runt,
510 539 150 50 quibus
615 539 195 50 credentes
765 539 165 50 viuunt:
885 539 90 50 De
930 539 105 50 his
990 539 135 50 etiam
1080 539 150 50 tetigi
1170 539 105 50 supe-

425 576 118 49 rius.
503 576 91 49 lib
556 576 78 49 3.
595 576 118 49 dist.
673 576 91 49 10.
725 576 118 49 arti.
804 576 78 49 1.
843 576 196 49 conclusione
986 576 118 49 secunda

425 614 75 51 1
455 614 105 51 Sed
515 614 151 51 contra
621 614 135 51 istud
711 614 151 51 potest
816 614 135 51 argui
907 614 120 51 sic.
982 614 181 51 Christus
1117 614 120 51 post
1178 614 90 51 mor-

412 653 104 47 tem
472 653 104 47 non
531 653 119 47 erat
605 653 134 47 causa
694 653 193 47 meritoria
843 653 178 47 alicuius
977 653 178 47 gratiae:
1111 653 104 47 sed
1155 653 119 47 vulnus

418 694 81 46 in
459 694 136 46 latere
554 694 109 46 fuit
622 694 109 46 sibi
690 694 177 46 inflictum
826 694 109 46 post
894 694 149 46 mortem,
1002 694 81 46 vt
1043 694 136 46 patet.
1138 694 122 46 loam.
1206 694 68 46 15.

431 739 78 39 2
463 739 219 39 Praeterea,
635 739 94 39 si
682 739 219 39 sacramenta
854 739 141 39 nouae
948 739 141 39 legis
1042 739 157 39 habent
1136 739 125 39 effica

418 777 110 45 ciam
487 777 82 45 ex
528 777 165 45 passione
652 777 165 45 Christi,
775 777 96 45 aut
830 777 110 45 homo
899 777 137 45 esset,
995 777 82 45 vt
1036 777 110 45 illa
1105 777 137 45 passio
1188 777 82 45 prae

422 809 125 55 uisa
501 809 141 55 erat,
594 809 125 55 aut,
673 809 94 55 vt
720 809 219 55 executioni
892 809 188 55 mandata.
1032 809 109 55 Non
1095 809 141 55 primo
1173 809 94 55 modo

417 845 122 57 quia
493 845 122 57 tunc
569 845 122 57 pari
645 845 168 57 ratione
767 845 213 57 sacramenta
935 845 168 57 veteris
1057 845 137 57 legis
1133 845 137 57 habuis-

411 890 120 46 sent
486 890 211 46 efficaciam
652 890 90 46 ex
697 890 165 46 Christi
817 890 195 46 passione,
967 890 105 46 cum
1027 890 90 46 ab
1073 890 165 46 aeterno
1178 890 90 46 huiu

423 930 123 48 modi
499 930 153 48 passio
606 930 77 48 a
637 930 107 48 Deo
698 930 153 48 fuerit
806 930 199 48 praeuisa.
959 930 214 48 consequens
1127 930 138 48 autem
1204 930 61 48 es

420 968 166 53 falsum:
541 968 121 53 quia
616 968 212 53 sacramenta
783 968 166 53 legalia
903 968 212 53 figurabant
1070 968 181 53 gratiam:
1190 968 76 53 sec

421 1005 110 42 non
484 1005 204 42 habuerunt
641 1005 220 42 efficaciam
814 1005 141 42 dandi
908 1005 188 42 gratiam.
1049 1005 94 42 Si
1096 1005 173 42 secundo
1206 1005 63 42 mo

414 1045 106 52 do,
474 1045 121 52 tunc
550 1045 212 52 baptismus,
717 1045 76 52 &
747 1045 227 52 eucharistia
929 1045 106 52 non
990 1045 212 52 habuissent
1142 1045 136 52 effica-

420 1085 134 49 ciam,
509 1085 104 49 cum
569 1085 163 49 fuerint
688 1085 193 49 instituta
836 1085 119 49 ante
911 1085 163 49 Christi
1015 1085 178 49 passionem.

459 1128 74 48 3
489 1128 206 48 Praeterea,
651 1128 133 48 nihil
739 1128 147 48 potest
842 1128 118 48 esse
916 1128 133 48 causa
1004 1128 162 48 gratiae
1122 1128 103 48 per
1166 1128 103 48 modum

420 1166 162 50 meriti:
538 1166 118 50 ergo
612 1166 148 50 passio
715 1166 162 50 Christi
833 1166 103 50 non
892 1166 148 50 potest
996 1166 118 50 esse
1069 1166 133 50 causa
1143 1166 133 50 merito-

421 1205 109 49 ria
484 1205 218 49 efficaciae
655 1205 280 49 sacramentorum.
888 1205 249 49 Consequentia
1090 1205 155 49 patet:
1183 1205 93 49 quia

426 1240 195 51 efficacia
576 1240 255 51 sacramentorum
786 1240 195 51 consistit
935 1240 90 51 in
980 1240 210 51 collatione
1130 1240 135 51 gratiae

415 1280 224 49 Antecedens
591 1280 144 49 patet
687 1280 112 49 per
751 1280 208 49 Apostolum
912 1280 96 49 ad
960 1280 112 49 Ro,
1024 1280 112 49 vbi
1088 1280 192 49 dicitur.
1216 1280 64 49 Si

410 1319 126 44 enim
489 1319 94 44 ex
536 1319 173 44 meritis
662 1319 110 44 iam
725 1319 110 44 non
788 1319 110 44 est
835 1319 126 44 gratia

492 1345 195 56 Praeterea
642 1345 180 56 effectus
777 1345 90 56 in
822 1345 120 56 actu
897 1345 180 56 requirit
1032 1345 150 56 causam
1137 1345 90 56 in
1167 1345 105 56 actu;

410 1389 109 50 sed
473 1389 203 50 efficacia
629 1389 265 50 sacramentorum
848 1389 109 50 est
910 1389 125 50 modo
988 1389 94 50 in
1035 1389 141 50 actu,
1129 1389 78 50 &
1144 1389 125 50 passio

418 1438 159 39 Christi
533 1438 202 39 transiuit,
692 1438 72 39 &
721 1438 101 39 non
778 1438 101 39 est
836 1438 87 39 in
879 1438 130 39 actu:
966 1438 115 39 ergo
1038 1438 101 39 &c.
1096 1438 130 39 Maior
1168 1438 101 39 patet

411 1473 91 62 2.
456 1473 152 62 Physi.
563 1473 137 62 Minor
655 1473 107 62 est
715 1473 91 62 de
761 1473 91 62 se
807 1473 137 62 nota:
898 1473 122 62 quia
975 1473 229 62 praeteritum
1157 1473 107 62 non
1203 1473 61 62 es

419 1516 106 57 prae
472 1516 79 57 sens

414 1537 105 62 Ad
466 1537 175 62 primum
588 1537 227 62 dicendum,
763 1537 140 62 quod
850 1537 245 62 sacramenta
1043 1537 210 62 dicuntur
1183 1537 87 62 flu

424 1598 127 45 xisse
508 1598 84 45 de
551 1598 113 45 illo
621 1598 155 45 vulnere
733 1598 98 45 non
790 1598 155 45 ratione
902 1598 197 45 incisionis
1057 1598 141 45 factae
1155 1598 84 45 in
1184 1598 84 45 mor-

422 1634 99 51 tuo
478 1634 155 51 corpore
591 1634 169 51 Christi:
718 1634 99 51 sed
774 1634 155 51 ratione
887 1634 183 51 passionis
1028 1634 240 51 praecedentis,
1212 1634 56 51 ex

420 1676 138 43 cuius
512 1676 230 43 acerbitate,
696 1676 77 43 &
726 1676 199 43 violentia
880 1676 184 43 sanguis,
1018 1676 77 43 &
1048 1676 123 43 aqua
1110 1676 153 43 congrega

418 1711 145 42 bantur
519 1711 130 42 circa
606 1711 101 42 cor
664 1711 145 42 domini
765 1711 116 42 lesu
838 1711 174 42 Christi,
968 1711 116 42 quae
1040 1711 145 42 postea
1127 1711 145 42 effsuxe-

419 1749 118 42 runt
493 1749 148 42 aperto
597 1749 148 42 latere
700 1749 163 42 Christi
819 1749 163 42 vulnere
923 1749 192 42 supradicto.

455 1787 97 47 Ad
503 1787 195 47 secundum
649 1787 211 47 dicendum,
812 1787 130 47 quod
893 1787 227 47 sacramenta
1071 1787 146 47 nouae
1152 1787 114 47 legi-

417 1829 211 48 immediate
579 1829 195 48 postquam
725 1829 81 48 a
758 1829 114 48 Deo
823 1829 211 48 instituta
985 1829 162 48 erant,
1098 1829 211 48 habuerunt

423 1869 201 53 efficaciam
580 1869 186 53 meritorie
724 1869 86 53 ex
767 1869 172 53 passione
896 1869 172 53 Christi,
1025 1869 129 53 prout
1111 1869 143 53 passio
1197 1869 72 53 il-

418 1907 86 46 la
461 1907 115 46 actu
533 1907 187 46 interiori
677 1907 202 46 voluntatis
836 1907 159 46 Christi
951 1907 231 46 exhibebatur,
1138 1907 72 46 &
1153 1907 115 46 offere

431 1955 129 44 patur
517 1955 100 44 Deo
574 1955 129 44 patri
660 1955 100 44 pro
717 1955 143 44 nobis:
817 1955 129 44 lsto.
903 1955 100 44 enm
960 1955 114 44 actu
1032 1955 172 44 Christus
1161 1955 72 44 a
1175 1955 100 44 primo

415 1984 171 45 instanti
543 1984 114 45 suae
614 1984 228 45 conceptionis
799 1984 142 45 potest
898 1984 114 45 dici
969 1984 142 45 aliquo
1069 1984 114 45 modo
1126 1984 142 45 habuisse

422 2025 160 43 meritum
538 2025 189 43 passionis
683 2025 131 43 suae:
770 2025 116 43 quia
842 2025 102 43 sua
900 2025 218 43 sanctissima
1074 2025 131 43 anima
1161 2025 87 43 ab
1190 2025 87 43 illo

419 2065 134 52 primo
508 2065 179 52 instanti
643 2065 149 52 semper
747 2065 104 52 hoc
806 2065 164 52 obtulit
925 2065 104 52 Deo
985 2065 149 52 patri,
1089 2065 119 52 quod
1149 2065 119 52 volum-

415 2102 132 44 tarie
503 2102 117 44 pati
576 2102 146 44 vellet
679 2102 103 44 pro
738 2102 161 44 humanae
855 2102 161 44 naturae
972 2102 234 44 liberatione.
1162 2102 88 44 Ad
1192 2102 73 44 foi

420 2143 113 51 mam
484 2143 129 51 ergo
565 2143 210 51 argumenti
726 2143 210 51 dicendum,
887 2143 129 51 quod
968 2143 161 51 passio
1081 2143 177 51 Christi
1193 2143 81 51 est

421 2180 131 53 causa
509 2180 190 53 meritoria
655 2180 204 53 efficaciae
816 2180 248 53 sacramentorum
1020 2180 175 53 respectu
1137 2180 131 53 gratiae

431 2221 183 44 initiatae,
575 2221 105 44 quae
640 2221 92 44 est
693 2221 131 44 gratia
784 2221 118 44 viae,
863 2221 92 44 non
915 2221 118 44 solum
993 2221 78 44 vt
1033 2221 170 44 praeuisa,
1163 2221 92 44 nec
1203 2221 65 44 so-

417 2258 104 51 lum
476 2258 89 51 vt
521 2258 192 51 excutioni
669 2258 178 51 mandata:
802 2258 104 51 sed
861 2258 89 51 vt
906 2258 207 51 voluntarie
1069 2258 192 51 exhibita,
1202 2258 59 51 qu

425 2299 158 52 oblata.
540 2299 158 52 Mandata
655 2299 115 52 vero
727 2299 187 52 excutioni
871 2299 101 52 est
928 2299 130 52 causa
1015 2299 202 52 efficaciae
1159 2299 115 52 sacra-

410 2340 188 39 mentorum
551 2340 188 39 respectu
692 2340 172 39 gratiae
817 2340 250 39 consummatae,
1021 2340 125 39 quae
1099 2340 110 39 est
1146 2340 125 39 gratia

436 2379 165 48 atriae:
556 2379 105 48 Sic
616 2379 120 48 enim
690 2379 120 48 Deus
765 2379 314 48 incomprehensibili
1035 2379 105 48 sua
1094 2379 180 48 disponit
1214 2379 60 48 sa

437 2414 151 49 ientia,
547 2414 82 49 vt
588 2414 165 49 Christus
712 2414 124 49 prius
794 2414 192 49 pateretur,
945 2414 110 49 quam
1014 2414 124 49 ianua
1096 2414 124 49 vitae
1165 2414 110 49 aeter-

416 2452 109 54 nae
479 2452 155 54 homini
572 2452 202 54 aperiretur.

449 2491 91 51 Ad
494 2491 167 51 tertium
616 2491 198 51 dicendum,
768 2491 122 51 quod
844 2491 137 51 licet
935 2491 152 51 carene
1042 2491 152 51 gratia
1148 2491 106 51 non
1194 2491 76 51 pos

418 2530 111 49 sit
481 2530 158 49 mereri
592 2530 174 49 gratiam
719 2530 95 49 de
766 2530 206 49 condigno,
925 2530 79 49 &
956 2530 95 49 ad
1004 2530 127 49 hunc
1067 2530 206 49 intellectum

423 2578 149 43 vadunt
527 2578 119 43 illa
602 2578 134 43 verba
691 2578 194 43 Apostoli:
840 2578 134 43 tamen
929 2578 179 43 existens
1063 2578 89 43 in
1108 2578 149 43 gratia
1197 2578 60 43 po

422 2614 131 39 test
503 2614 163 39 mereri
617 2614 179 39 gratiam
748 2614 114 39 non
813 2614 179 39 habenti
944 2614 196 39 gratiam:
1091 2614 114 39 Cum
1139 2614 131 39 igitur

423 2650 176 55 Christus
555 2650 73 55 a
585 2650 132 55 primo
673 2650 176 55 instanti
805 2650 117 55 suae
879 2650 235 55 conceptionis
1069 2650 147 55 fuerit
1158 2650 117 55 plenis

429 2688 140 55 simus
523 2688 186 55 gratiae:
662 2688 124 55 ideo
740 2688 109 55 non
802 2688 140 55 mirum
895 2688 93 55 si
942 2688 140 55 nobis
1035 2688 109 55 non
1082 2688 186 55 habentibus

429 2724 170 56 gratiam
552 2724 154 56 potuit
660 2724 154 56 mereri
753 2724 154 56 gratiam.

457 2768 95 45 Ad
505 2768 175 45 quartum
632 2768 206 45 dicendum,
791 2768 127 45 quod
870 2768 143 45 licet
965 2768 191 45 Christus
1108 2768 127 45 modo
1172 2768 95 45 actu

424 2812 102 50 non
483 2812 190 50 patiatur:
629 2812 132 50 tamen
717 2812 102 50 sua
775 2812 146 50 passio
877 2812 102 50 est
936 2812 205 50 actualiter
1097 2812 175 50 praesens
1214 2812 58 50 in

428 2852 229 44 acceptatione
614 2852 157 44 diuina,
728 2852 157 44 ratione
843 2852 129 44 cuius
929 2852 172 44 actualis
1057 2852 243 44 gratitudinis,

416 2887 110 57 qua
479 2887 142 57 illam
574 2887 205 57 passionem
731 2887 126 57 Deus
810 2887 205 57 gratanter
967 2887 189 57 acceptat
1109 2887 110 57 pro
1156 2887 110 57 nobis

433 2931 132 47 assio
521 2931 161 47 Christi
639 2931 103 47 est
697 2931 132 47 etiam
785 2931 117 47 nunc
859 2931 205 47 actualiter
1020 2931 205 47 meritoria,
1181 2931 73 47 &
1196 2931 73 47 pos

420 2968 100 46 set
477 2968 86 46 in
520 2968 186 46 infinitum
662 2968 114 46 esse
734 2968 200 46 meritoria,
891 2968 86 46 si
934 2968 143 46 mundus
1034 2968 157 46 duraret
1148 2968 86 46 in
1176 2968 86 46 infi

426 3000 165 49 nitum,
541 3000 99 49 eo
590 3000 132 49 quod
672 3000 99 49 in
722 3000 198 49 aeternum
870 3000 115 49 Dus
936 3000 230 49 acceptaret
1100 3000 165 49 huiusmod

418 3044 199 45 passionem
571 3044 107 45 pro
632 3044 183 45 peccatis
769 3044 168 45 omnium,
892 3044 107 45 qui
953 3044 122 45 rite
1029 3044 229 45 perciperent
1198 3044 76 45 sa-

419 3084 196 60 cramenta,
570 3084 76 60 &
600 3084 106 60 sic
661 3084 212 60 sacramenta
827 3084 91 60 in
872 3084 181 60 aeternum
1008 3084 181 60 haberent
1129 3084 136 60 effica

1307 241 130 67 ciam
1388 241 113 67 per
1453 241 178 67 Christi
1582 241 210 67 passionem
1744 241 113 67 pro
1809 241 194 67 peccatis
1954 241 178 67 nostris
2084 241 81 67 a
2100 241 81 67 Deo

1303 298 160 57 semper
1415 298 224 57 actualiter
1575 298 176 57 acceptam.

1429 378 553 65 ARTICVLVS
1811 378 255 65 IIII

1362 427 147 74 Vtrum
1459 427 195 74 Christus
1606 427 195 74 potuerit
1753 427 212 74 ministris
1916 427 179 74 tradere
2030 427 81 74 po-

1508 492 204 52 testatem
1661 492 238 52 dimittendi
1831 492 170 52 peccata.

1379 575 180 50 VANTVM
1505 575 108 50 ad
1559 575 197 50 quartum
1702 575 233 50 articulum
1882 575 126 50 est
1936 575 233 50 aduertedum,

1353 614 132 54 quod
1436 614 99 54 vt
1485 614 232 54 conmuniter
1667 614 199 54 dicitur,
1816 614 182 54 triplex
1949 614 116 54 est
1998 614 166 54 potestas

1305 650 206 47 dimittendi
1467 650 176 47 peccata,
1599 650 74 47 s
1629 650 250 47 auctoritatis,
1835 650 250 47 excellentiae,
2040 650 74 47 &
2055 650 103 47 mini-

1311 691 139 42 sterij.
1412 691 152 42 Potestas
1526 691 202 42 auctoritatis
1690 691 101 42 est,
1754 691 88 42 qua
1804 691 139 42 aliquis
1905 691 88 42 sic
1956 691 114 42 agit,
2032 691 101 42 quod
2082 691 76 42 nul-

1303 731 109 46 lius
1371 731 191 46 superioris
1521 731 177 46 innititur
1657 731 191 46 potestati.
1807 731 163 46 Potestas
1930 731 218 46 excellentiae
2093 731 68 46 esi

1306 776 97 43 qua
1362 776 153 43 aliquis
1473 776 97 43 sic
1528 776 153 43 potest,
1639 776 111 43 quod
1709 776 153 43 quamuis
1820 776 181 43 innitatur
1959 776 194 43 potestati,
2098 776 69 43 seu

1307 811 214 50 auctoritati
1478 811 171 50 alicuius
1606 811 214 50 superioris;
1777 811 128 50 tamen
1862 811 114 50 vsus
1933 811 142 50 illius
2019 811 142 50 potesta-

1305 849 106 51 tis
1365 849 121 51 sibi
1441 849 182 51 conuenit
1577 849 106 51 cum
1638 849 151 51 quadam
1744 849 242 51 praerogatiua
1941 849 182 51 respectu
2062 849 91 51 ceti

1302 897 163 47 rorum,
1416 897 163 47 quibus
1530 897 147 47 eadem
1628 897 196 47 potestas
1774 897 163 47 aliquo
1889 897 130 47 modo
1970 897 179 47 dicitur
2084 897 98 47 con-

1308 933 158 41 uenire,
1423 933 101 41 sed
1480 933 173 41 potestas
1610 933 201 41 ministerij
1768 933 158 41 dicitur
1883 933 86 41 in
1926 933 187 41 proposito
2055 933 101 41 talis

1305 970 191 48 potestas,
1452 970 103 48 qua
1511 970 117 48 quis
1584 970 176 48 disponit
1716 970 88 48 ad
1761 970 176 48 effectum
1893 970 220 48 principalis
2054 970 103 48 agen-

1316 1006 108 53 tis,
1384 1006 95 53 non
1438 1006 81 53 ex
1479 1006 149 53 proprio
1587 1006 95 53 suo
1641 1006 149 53 merito,
1749 1006 95 53 sed
1803 1006 81 53 ex
1844 1006 95 53 eo,
1898 1006 108 53 quod
1966 1006 149 53 aliquid
2060 1006 95 53 insti

1300 1050 131 46 tutum
1388 1050 204 46 principali
1549 1050 146 46 facit,
1651 1050 102 46 quo
1709 1050 131 46 facto
1797 1050 175 46 sequitur
1928 1050 175 46 effectus
2045 1050 117 46 ipsius

1312 1098 213 43 principalis
1482 1098 171 43 agentis.
1610 1098 100 43 His
1667 1098 199 43 praemissis
1824 1098 114 43 pono
1895 1098 114 43 tres
1952 1098 213 43 conclusiones.

1326 1124 135 44 Prima
1416 1124 120 44 est,
1491 1124 120 44 quod
1566 1124 180 44 potestas
1701 1124 240 44 auctoritatis
1895 1124 210 44 dimittendi
2045 1124 135 44 peccata

1299 1165 105 50 non
1359 1165 149 50 potest
1463 1165 194 50 conuenire
1613 1165 149 50 alicui
1717 1165 209 50 creaturae:
1881 1165 119 50 quia
1956 1165 194 50 potestas,
2090 1165 90 50 quae

1306 1205 103 46 est
1365 1205 162 46 propria
1483 1205 147 46 solius
1585 1205 117 46 Dei,
1659 1205 103 46 non
1717 1205 147 46 potest
1820 1205 191 46 competere
1967 1205 147 46 alicui
2055 1205 103 46 crea-

1308 1246 138 48 turae:
1405 1246 96 48 sed
1460 1246 165 48 potestas
1583 1246 220 48 auctoritatis
1762 1246 96 48 est
1817 1246 151 48 propria
1927 1246 138 48 solius
2023 1246 110 48 Dei:
2078 1246 83 48 ergo

1311 1283 102 46 &c.
1370 1283 131 46 Maior
1457 1283 146 46 patet:
1560 1283 88 46 ex
1603 1283 102 46 hoc
1662 1283 117 46 enim
1735 1283 161 46 dicitur
1851 1283 161 46 aliquid
1968 1283 161 46 pprium,
2070 1283 88 46 quia

1308 1319 134 46 solum
1398 1319 119 46 illi
1472 1319 194 46 conuenit,
1622 1319 134 46 cuius
1711 1319 164 46 dicitur
1831 1319 194 46 proprium,
1980 1319 75 46 &
2010 1319 179 46 sequitur

1305 1360 129 45 suam
1385 1360 193 45 naturam:
1531 1360 145 45 Minor
1627 1360 145 45 etiam
1724 1360 161 45 patet:
1837 1360 129 45 quia
1917 1360 145 45 solus
2014 1360 129 45 Deus
2078 1360 81 45 cum

1302 1399 103 55 sit
1361 1399 132 55 agens
1449 1399 147 55 omnino
1552 1399 147 55 primum
1654 1399 88 55 ex
1698 1399 103 55 sua
1757 1399 147 55 natura
1860 1399 147 55 habet,
1962 1399 117 55 qued
2036 1399 88 55 in
2065 1399 88 55 nul-

1312 1439 85 48 la
1354 1439 99 48 sua
1411 1439 155 48 actione
1523 1439 183 48 innititur
1664 1439 155 48 virtuti
1777 1439 212 48 cuiuscumque
1946 1439 183 48 alterius,
2073 1439 85 48 ecen

1312 1487 102 40 tra
1371 1487 117 40 vero
1444 1487 132 40 omnia
1532 1487 132 40 alia,
1619 1487 102 40 cum
1678 1487 117 40 sint
1751 1487 205 40 secundaria
1912 1487 175 40 agentia,
2028 1487 132 40 innitun

1306 1519 105 53 tur
1366 1519 165 53 virtuti
1486 1519 180 53 diuinae,
1621 1519 165 53 tamquam
1741 1519 165 53 virtuti
1860 1519 135 53 primi
1950 1519 180 53 agentis:
2085 1519 105 53 sed

1311 1556 151 53 habens
1417 1556 212 53 potestatem
1583 1556 242 53 auctoritatis
1780 1556 106 53 non
1841 1556 197 53 innititur
1992 1556 167 53 alteri,
2098 1556 61 53 vt

1311 1596 149 46 dictum
1401 1596 89 46 est.

1350 1636 118 46 Forte
1428 1636 157 46 dicetur,
1546 1636 105 46 quod
1612 1636 118 46 istud
1690 1636 92 46 est
1743 1636 131 46 contra
1835 1636 144 46 glosam.
1939 1636 79 46 1.
1979 1636 79 46 ad
2018 1636 105 46 Cor.
2083 1636 79 46 1.
2110 1636 52 46 c.

1311 1675 97 44 vbi
1367 1675 125 44 dicit
1450 1675 138 44 glosa,
1546 1675 125 44 quoed
1629 1675 111 44 Deus
1699 1675 138 44 potuit
1795 1675 111 44 dare
1865 1675 208 44 auctoritate
2017 1675 138 44 baptismi

1326 1712 141 48 uibus
1420 1712 188 48 contulit
1546 1712 204 48 ministerium

1344 1752 218 49 Respondeo,
1516 1752 124 49 quod
1593 1752 109 49 non
1656 1752 187 49 loquitur
1796 1752 109 49 ibi
1858 1752 93 49 de
1905 1752 233 49 auctoritate
2076 1752 93 49 pri-

1302 1799 107 46 ma,
1363 1799 77 46 &
1394 1799 246 46 simpliciter,
1593 1799 107 46 sed
1655 1799 138 46 solum
1747 1799 92 46 de
1793 1799 292 46 subauctoritate,
2038 1799 123 46 puta
2100 1799 61 46 de

1309 1835 216 50 auctoritate
1482 1835 188 50 delegata,
1626 1835 101 50 vel
1684 1835 231 50 subdelegata,
1871 1835 115 50 quae
1944 1835 159 50 spectat
2059 1835 87 50 ad
2088 1835 72 50 au-

1307 1874 201 53 ctoritatem
1464 1874 243 53 excellentiae,
1665 1874 115 53 quae
1736 1874 258 53 communicabilis
1951 1874 100 53 est
1994 1874 172 53 creaturae.

1351 1922 167 42 becunda
1472 1922 198 42 conclusio
1625 1922 122 42 est,
1701 1922 122 42 quod
1777 1922 182 42 potestas
1913 1922 243 42 exceslentiae
2096 1922 76 42 re-

1303 1948 168 54 spectu
1421 1948 302 54 sacramentorum,
1673 1948 101 54 ac
1723 1948 151 54 etiam
1824 1948 302 54 sacramentalium
2059 1948 118 54 effe-

1301 1991 148 52 ctuum,
1405 1991 134 52 licet
1494 1991 267 52 communicabilis
1717 1991 148 52 fuerit
1821 1991 193 52 ministris
1969 1991 193 52 ecclesiae
2103 1991 74 52 :ta

1311 2031 110 47 men
1374 2031 110 47 non
1437 2031 110 47 est
1500 2031 141 47 ipsis
1594 2031 251 47 communicata:
1799 2031 126 47 quia
1877 2031 126 47 quod
1956 2031 126 47 soli
2019 2031 141 47 Christo

1302 2073 108 44 est
1363 2073 261 44 communicatum,
1578 2073 184 44 secundum
1716 2073 123 44 quod
1793 2073 138 44 homo,
1885 2073 108 44 hoc
1947 2073 138 44 alijs
2039 2073 108 44 non
2085 2073 77 44 efe

1302 2108 193 51 coicatum,
1451 2108 134 51 licet
1540 2108 134 51 ipsis
1629 2108 104 51 sit
1689 2108 268 51 communicabile:
1912 2108 104 51 sed
1972 2108 149 51 habere
2061 2108 104 51 hmont

1304 2149 230 43 potestatem
1484 2149 263 43 excellentiae
1697 2149 131 43 soli
1780 2149 181 43 Christo
1911 2149 115 43 est
1960 2149 197 43 communica-

1317 2190 105 42 um,
1377 2190 196 42 secundum,
1528 2190 120 42 quod
1603 2190 105 42 est
1663 2190 135 42 homo,
1754 2190 120 42 ergo
1829 2190 105 42 &c.
1889 2190 135 42 Maior
1979 2190 151 42 patet,
2070 2190 90 42 quia

1308 2223 135 57 solum
1398 2223 120 57 idem
1472 2223 120 57 est,
1547 2223 120 57 quod
1622 2223 105 57 non
1682 2223 105 57 cum
1742 2223 164 57 altero,
1861 2223 90 57 vt
1906 2223 135 57 patet
1996 2223 90 57 in
2025 2223 135 57 topicis

1306 2266 77 48 &
1336 2266 92 48 1.
1382 2266 123 48 phy.
1459 2266 123 48 ergo
1536 2266 154 48 illud,
1644 2266 123 48 quod
1721 2266 123 48 soli
1797 2266 169 48 Christo
1920 2266 108 48 est
1967 2266 184 48 communica-

1308 2308 117 55 tum,
1381 2308 102 55 hoc
1440 2308 131 55 nulli
1527 2308 146 55 alteri
1629 2308 102 55 est
1687 2308 248 55 communicatum:
1892 2308 102 55 sed
1950 2308 87 55 eo
1994 2308 131 55 ipso,
2067 2308 87 55 quod

1302 2341 130 52 sibi
1383 2341 114 52 est
1448 2341 276 52 communicatum,
1675 2341 195 52 secundum
1821 2341 130 52 quod
1902 2341 130 52 homo
1983 2341 130 52 est,
2048 2341 114 52 sequi

1309 2383 119 53 tur,
1384 2383 119 53 quod
1458 2383 164 53 ceteris
1577 2383 193 53 hominibus
1726 2383 104 53 sit
1785 2383 268 53 communicabile,
2008 2383 134 53 alias
2083 2383 74 53 nec

1314 2418 162 55 Chriito
1432 2418 147 55 posset
1535 2418 206 55 competere,
1697 2418 177 55 secundum
1829 2418 132 55 quoed
1918 2418 118 55 homo
1991 2418 118 55 est.
2050 2418 103 55 Minos

1307 2461 184 56 probatur.
1449 2461 113 56 quia
1520 2461 170 56 potestas
1647 2461 227 56 excellentiae
1832 2461 113 56 idem
1903 2461 113 56 est,
1973 2461 113 56 quod
2030 2461 142 56 potestas

1307 2504 220 44 ministerij
1480 2504 110 44 cum
1543 2504 157 44 quadam
1653 2504 251 44 excellentia.
1857 2504 126 44 Haec
1935 2504 141 44 autem
2014 2504 157 44 excelle-

1301 2544 100 36 tia
1358 2544 199 36 attenditur
1514 2544 85 36 in
1557 2544 185 36 quattuor,
1699 2544 114 36 quae
1771 2544 85 36 de
1813 2544 128 36 facto
1899 2544 114 36 soli
1970 2544 157 36 Christo
2070 2544 85 36 cre-

1306 2574 144 46 duntur
1406 2574 115 46 esse
1478 2574 187 46 conicata.
1622 2574 144 46 Primum
1723 2574 115 46 est,
1795 2574 115 46 quod
1867 2574 144 46 merito
1968 2574 173 46 alicuius
2083 2574 72 46 ho-

1308 2618 135 55 minis
1398 2618 209 55 sacramenta
1562 2618 164 55 habeant
1682 2618 224 55 efficaciam.
1861 2618 194 55 Secundum,
2011 2618 120 55 quod
2070 2618 90 55 sine

1304 2655 228 43 sacramento
1483 2655 98 43 ad
1532 2655 179 43 simplex
1662 2655 163 43 verbum
1776 2655 130 43 suum
1858 2655 130 43 Deus
1939 2655 163 43 alicui
2037 2655 130 43 confe-

1300 2700 104 38 rat
1359 2700 178 38 effectum
1493 2700 222 38 sacramenti.
1670 2700 163 38 Tertium
1789 2700 104 38 est
1848 2700 118 38 quod
1922 2700 118 38 sibi
1996 2700 148 38 liceat
2085 2700 74 38 in-

1307 2730 190 58 stituere
1450 2730 222 58 baptismum,
1624 2730 79 58 &
1655 2730 158 58 cetera
1766 2730 237 58 sacramenta.
1956 2730 95 58 Et
2004 2730 190 58 quartum,

1307 2777 127 46 quod
1387 2777 111 46 sui
1450 2777 175 46 nominis
1577 2777 239 46 inuocatione
1768 2777 175 46 aliquis
1896 2777 127 46 vere
1959 2777 207 46 baptixetur.

1304 2810 95 50 Et
1352 2810 127 50 haec
1431 2810 142 50 omnia
1526 2810 237 50 competebant
1716 2810 190 50 Christo.
1858 2810 95 50 Et
1906 2810 142 50 licet
1985 2810 174 50 huiusmodi

1309 2849 229 47 potestatem
1489 2849 131 47 Deus
1571 2849 148 47 alijs
1669 2849 213 47 hominibus
1833 2849 164 47 posset
1932 2849 229 47 communicare:

1304 2889 110 56 hoc
1367 2889 142 56 tamen
1462 2889 110 56 non
1525 2889 158 56 fecit,
1635 2889 79 56 &
1667 2889 110 56 hoc
1730 2889 173 56 propter
1856 2889 126 56 duo.
1934 2889 158 56 Primo,
2045 2889 95 56 ne
2076 2889 79 56 ce-

1304 2933 127 53 teri
1384 2933 175 53 homines
1511 2933 95 53 in
1558 2933 159 53 aliquo
1670 2933 127 53 puro
1749 2933 159 53 homine
1860 2933 191 53 ponerent
2003 2933 127 53 spem
2067 2933 95 53 suae

1301 2965 168 48 salutis,
1427 2965 168 48 Secundo:
1552 2965 112 48 quia
1622 2965 154 48 decuit,
1734 2965 84 48 vt
1776 2965 126 48 solus
1860 2965 112 48 ille
1930 2965 126 48 homo,
2013 2965 98 48 qui
2069 2965 70 48 a
2083 2965 70 48 ver

1307 3006 90 49 bo
1352 3006 149 49 diuino
1456 3006 90 49 in
1501 3006 179 49 vnitatem
1635 3006 194 49 suppositi
1785 3006 105 49 est
1845 3006 209 49 assumptus,
2009 3006 119 49 hanc
2068 3006 90 49 habe

1296 3046 109 49 ret
1358 3046 264 49 praerogatiuam
1575 3046 124 49 prae
1652 3046 171 49 ceteris
1761 3046 171 49 hominibus

1343 3083 145 55 Forte
1440 3083 194 55 dicetur,
1585 3083 97 55 si
1634 3083 194 55 Christo,
1779 3083 194 55 secundum
1925 3083 129 55 quod
2005 3083 113 55 est
2054 3083 113 55 homo,
