2397 3535
218 239 89 65 Si
263 239 133 65 primo
351 239 133 65 modo,
440 239 118 65 tunc
514 239 103 65 vel
573 239 148 65 potest
676 239 148 65 habere
780 239 133 65 alium
868 239 207 65 ministrum,
1016 239 74 65 vel

226 298 106 49 non
286 298 151 49 potest
392 298 151 49 habere
498 298 136 49 alium
588 298 212 49 ministrum.
755 298 91 49 Si
800 298 181 49 existens
936 298 91 49 in
966 298 121 49 huius-

227 338 131 47 modi
309 338 197 47 periculo
457 338 164 47 potest
571 338 164 47 habere
686 338 164 47 alium,
801 338 115 47 qui
867 338 197 47 baptixet
998 338 99 47 eum,

232 379 113 55 tunc
303 379 170 55 videtur,
430 379 85 55 si
472 379 198 55 baptixatur
628 379 198 55 voluntarie
783 379 71 55 a
811 379 184 55 praeciso,
953 379 113 55 quod
1009 379 85 55 mor-

233 416 189 53 taliter
370 416 189 53 peccet:
507 416 137 53 quia
593 416 257 53 communicare
799 416 292 53 excommunicato
1022 416 69 53 in

224 457 173 51 actibus
350 457 298 51 sacramentalibus
601 457 173 51 videtur
727 457 126 51 esse
805 457 173 51 mortale
915 457 173 51 peccatum.

237 495 117 43 nisi
310 495 117 43 excu
383 495 131 43 setur
471 495 146 43 aliqua
573 495 175 43 legitima
704 495 233 43 necessitate,
893 495 117 43 quae
966 495 131 43 tamen
1039 495 58 43 in

233 537 198 47 proposito
385 537 106 47 non
446 537 182 47 apparet.
582 537 91 47 Si
628 537 137 47 autem
719 537 122 47 inse
795 537 228 47 baptixandus
978 537 106 47 est
1023 537 61 47 in

224 574 170 53 extrema
347 574 247 53 necessitate,
548 574 77 53 &
579 574 108 53 non
640 574 154 53 potest
748 574 154 53 habere
856 574 154 53 alium,
965 574 123 53 tunc
1026 574 62 53 se

234 616 175 49 cundum
357 616 228 49 opinionem
533 616 158 49 magis
638 616 211 49 communem
796 616 140 49 sine
884 616 193 49 peccato
1006 616 88 49 ba-

246 651 142 52 tixari
345 651 142 52 potest
444 651 71 52 a
473 651 184 52 praeciso.
614 651 85 52 Et
657 651 113 52 ista
728 651 99 52 est
784 651 170 52 intentio
912 651 128 52 Deati
983 651 99 52 Augu-

228 693 139 52 stini
320 693 93 52 de
367 693 185 52 baptismo
506 693 155 52 contra
614 693 216 52 Donatistas
784 693 124 52 lib.
861 693 93 52 8.
908 693 124 52 Tali
969 693 124 52 namque

233 732 114 50 casu
304 732 143 50 posito
404 732 143 50 potest
504 732 114 50 quis
575 732 143 50 licite
675 732 128 50 etiam
760 732 71 50 a
789 732 143 50 pagano
888 732 200 50 baptitari,
1031 732 57 50 vt

232 772 170 49 expresse
360 772 156 49 habetur
473 772 85 49 de
516 772 142 49 conse.
615 772 128 49 dist.
700 772 85 49 1.
743 772 85 49 c.
771 772 114 49 Homan-

270 808 108 53 Sed
331 808 154 53 contra
439 808 139 53 istud
532 808 108 53 est
594 808 170 53 quaedam
717 808 154 53 opnio,
825 808 124 53 quae
903 808 154 53 ponit,
995 808 93 53 quod

229 850 92 46 in
275 850 139 46 nullo
367 850 123 46 casu
444 850 154 46 potest
552 850 169 46 aliquis
675 850 200 46 baptismum
829 850 185 46 recipere
968 850 92 46 ab
1014 850 108 46 eo,

224 893 102 46 qui
283 893 190 46 praecisus
429 893 102 46 est
487 893 88 46 ab
531 893 175 46 ecclesia
662 893 117 46 sine
735 893 160 46 mortali
852 893 160 46 peccato
954 893 131 46 propter

235 934 225 41 praeceptum
412 934 225 41 ecclesiae,
589 934 113 41 quo
653 934 225 41 prohibetur
830 934 193 41 communio
975 934 113 41 cum
1024 934 64 41 ex

225 966 277 42 communicatis,
453 966 81 42 &
485 966 163 42 maxime
599 966 98 42 in
648 966 179 42 actibus
762 966 293 42 sacramentalibus.

232 1006 89 52 Et
277 1006 89 52 si
321 1006 163 52 dicitur
440 1006 133 52 isti,
529 1006 119 52 quod
603 1006 119 52 ille
677 1006 193 52 moreretur
825 1006 119 52 sine
899 1006 193 52 baptismo,
1048 1006 74 52 &

233 1054 111 46 per
296 1054 222 46 consequens
471 1054 206 46 decederet
629 1054 95 46 in
676 1054 190 46 periculo
819 1054 206 46 perpetuae
961 1054 127 46 damna-

233 1084 173 49 tionis,
359 1084 221 49 respondet,
533 1084 126 49 quod
611 1084 110 49 hoc
674 1084 110 49 non
737 1084 110 49 est
785 1084 110 49 verum

234 1133 77 43 1
264 1133 123 43 Quia
341 1133 123 43 ille
418 1133 246 43 baptixandus,
617 1133 107 43 vel
679 1133 107 43 est
740 1133 184 43 adultus,
878 1133 107 43 vel
924 1133 154 43 paruulus

216 1164 88 46 Si
260 1164 103 46 est
319 1164 176 46 adultus,
451 1164 103 46 tuc
509 1164 205 46 saluabitur
671 1164 176 46 baptismo
803 1164 176 46 faminis:
934 1164 117 46 quia
993 1164 88 46 ipse

228 1210 103 44 est
287 1210 88 44 in
331 1210 117 44 tali
404 1210 132 44 casu,
492 1210 88 44 in
536 1210 103 44 quo
595 1210 103 44 non
654 1210 147 44 potest
756 1210 147 44 habere
859 1210 191 44 baptismum
991 1210 88 44 flu-

224 1247 141 43 minis
318 1247 172 43 propter
443 1247 188 43 defectum
584 1247 203 43 ministri,
741 1247 110 43 cum
803 1247 156 43 nullum
913 1247 156 43 possit
1007 1247 78 43 ha-

227 1287 122 47 bere
303 1287 122 47 sine
379 1287 168 47 mortali
501 1287 183 47 peccato.
639 1287 92 47 In
684 1287 122 47 tali
761 1287 122 47 enim
837 1287 137 47 casu,
928 1287 76 47 m
959 1287 107 47 quo
1005 1287 76 47 non

215 1320 155 53 potest
324 1320 155 53 haberi
433 1320 202 53 minister,
588 1320 124 53 tunc
666 1320 186 53 sufficit
806 1320 202 53 baptismus
945 1320 140 53 faminis

225 1359 90 49 ad
270 1359 180 49 salutem.
405 1359 90 49 Si
451 1359 120 49 vero
526 1359 226 49 baptixandus
706 1359 105 49 est
766 1359 195 49 paruulus,
917 1359 120 49 tunc
977 1359 105 49 ille,

228 1402 96 49 qui
283 1402 137 49 offert
379 1402 96 49 eum
434 1402 110 49 siue
503 1402 96 49 sit
558 1402 151 49 laicus,
667 1402 110 49 siue
736 1402 178 49 clericus,
873 1402 110 49 siue
942 1402 110 49 vir,
997 1402 82 49 siuc

217 1443 161 49 mulier
329 1443 145 49 debet
426 1443 113 49 eum
490 1443 161 49 potius
603 1443 257 49 personaliter
812 1443 225 49 baptitare,
989 1443 129 49 quam

224 1477 172 52 offerat
349 1477 109 52 eum
412 1477 281 52 excommunicato,
646 1477 94 52 vt
693 1477 219 52 baptiretur
865 1477 94 52 ab
896 1477 78 52 eo.

241 1516 74 52 2
271 1516 208 52 Praeterea,
435 1516 179 52 arguitur
569 1516 104 52 pro
628 1516 134 52 istis
718 1516 119 52 sic.
792 1516 194 52 Quicumque
941 1516 104 52 est
986 1516 89 52 ali-

224 1552 102 56 cui
283 1552 131 56 causa
370 1552 175 56 mortalis
502 1552 175 56 peccati,
633 1552 117 56 ille
706 1552 204 56 mortaliter
866 1552 160 56 peccat:
983 1552 102 56 sed
1027 1552 58 56 re

222 1594 164 56 cipiens
341 1594 194 56 baptismum
490 1594 75 56 a
520 1594 179 56 praeciso
655 1594 104 56 est
714 1594 119 56 sibi
789 1594 134 56 causa
878 1594 179 56 mortalis
997 1594 75 56 pec

225 1647 133 42 cati:
314 1647 118 42 quia
388 1647 103 42 cum
447 1647 118 42 ipse
520 1647 103 42 sit
579 1647 207 42 prohibitus
742 1647 74 42 a
771 1647 251 42 sacramentorum
963 1647 118 42 colla-

227 1671 159 51 tione;
339 1671 127 51 ergo
418 1671 239 51 sacramentum
609 1671 223 51 conferendo
784 1671 159 51 peccat
880 1671 207 51 mortaliter.

225 1711 113 51 Sed
290 1711 162 51 contra
403 1711 146 51 istud
500 1711 162 51 dicunt
613 1711 194 51 doctores
759 1711 210 51 communes,
920 1711 129 51 quod
985 1711 97 51 plus

234 1750 148 51 ligat
332 1750 198 51 mandatum
481 1750 132 51 Dei,
563 1750 132 51 quam
646 1750 198 51 mandatum
794 1750 181 51 iudicis
909 1750 165 51 ecclesia

226 1795 159 47 stici:
337 1795 111 47 sed
401 1795 191 47 mandatum
544 1795 111 47 Dei
607 1795 127 47 est,
687 1795 127 47 quod
766 1795 143 47 omnes
862 1795 222 47 baptixemur
1020 1795 64 47 ba

220 1830 165 59 ptismo
335 1830 198 59 flumins,
483 1830 82 59 &
516 1830 198 59 mandatum
664 1830 181 59 iudicis
796 1830 115 59 est
862 1830 115 59 non
911 1830 165 59 communi-

221 1874 128 44 care
301 1874 289 44 excommunicato:
542 1874 128 44 ergo
622 1874 112 44 &c.
687 1874 177 44 Propter
815 1874 128 44 quod
895 1874 112 44 ait
943 1874 145 44 August.

224 1905 141 70 super
318 1905 141 70 loan.
412 1905 110 70 Non
475 1905 203 70 exhorreat
631 1905 172 70 columba
756 1905 235 70 ministerium
929 1905 156 70 malorum.

250 1948 102 51 Ad
301 1948 203 51 rationem
453 1948 186 51 istorum
588 1948 220 51 dicendum,
758 1948 135 51 quod
842 1948 152 51 minor
944 1948 118 51 non
994 1948 85 51 ess

221 1995 142 46 vera:
316 1995 126 46 illo
395 1995 126 46 enim
474 1995 126 46 casu
552 1995 158 46 posito
663 1995 284 46 excommunicatus
899 1995 110 46 non
947 1995 126 46 pecca-

217 2034 116 41 ret
284 2034 182 41 hominem
416 2034 132 41 sine
499 2034 248 41 sollenitate
697 2034 248 41 baptixando:
896 2034 149 41 Sicut
979 2034 99 41 enim

231 2073 196 47 peccaret,
382 2073 91 47 si
427 2073 151 47 alicui
533 2073 226 47 comunicaret
714 2073 136 47 ipsum
804 2073 196 47 liberando
955 2073 75 47 a
970 2073 106 47 morto

240 2107 166 50 riuante
361 2107 136 50 vitam
451 2107 226 50 corporalem,
632 2107 151 50 sicnec
737 2107 106 50 hic
798 2107 196 50 peccaret,
933 2107 151 50 liberan-

221 2144 98 53 do
270 2144 180 53 hominem
401 2144 82 53 a
434 2144 147 53 morte
532 2144 197 53 priuante
679 2144 147 53 vitam
761 2144 213 53 aeternalem.

261 2180 103 55 Si
312 2180 155 55 autem
415 2180 172 55 homini
536 2180 206 55 minister
690 2180 120 55 est
759 2180 155 55 malus
862 2180 189 55 malitia
982 2180 103 55 mor-

227 2220 138 59 talis
319 2220 184 59 peccati,
457 2220 107 59 ita
518 2220 153 59 tamen,
625 2220 123 59 quod
702 2220 107 59 non
763 2220 107 59 est
825 2220 199 59 praecisus
978 2220 92 59 ab
1009 2220 61 59 ec

230 2259 170 53 clesia:
353 2259 124 53 tunc
431 2259 108 53 vel
493 2259 139 53 illud
586 2259 186 53 peccatum
725 2259 108 53 non
787 2259 108 53 est
849 2259 201 53 notorium,
988 2259 93 53 puta

229 2310 167 41 nondum
346 2310 184 41 induxit
480 2310 217 41 scandalum
647 2310 100 41 in
697 2310 184 41 populo:
831 2310 134 41 tunc
914 2310 117 41 non
964 2310 117 41 debet

232 2348 158 48 vitari,
346 2348 143 48 maxime
447 2348 86 48 si
490 2348 215 48 baptixandus
662 2348 100 48 est
719 2348 172 48 subditus
848 2348 129 48 suus:
935 2348 115 48 quia
992 2348 86 48 pro-

235 2375 128 64 pter
315 2375 209 64 peccatum,
476 2375 128 64 quod
556 2375 112 64 non
620 2375 112 64 est
684 2375 209 64 notorium,
844 2375 112 64 non
909 2375 144 64 debet
989 2375 96 64 ali-

225 2415 125 56 quis
304 2415 94 56 in
351 2415 172 56 actibus
476 2415 188 56 notorijs
617 2415 156 56 vitare
726 2415 203 56 proximum,
883 2415 78 56 &
914 2415 110 56 per
961 2415 125 56 conse-

223 2458 147 56 quens
321 2458 147 56 multo
418 2458 147 56 minus
516 2458 245 56 superiorem,
712 2458 114 56 seu
777 2458 212 56 praelatum
940 2458 147 56 suum.
1022 2458 65 56 Si

232 2498 128 53 vero
312 2498 192 53 peccatum
456 2498 112 53 est
519 2498 208 53 notorium,
679 2498 144 53 adhuc
775 2498 112 53 non
839 2498 160 53 peccat
934 2498 160 53 subditus

232 2531 171 63 petendo
357 2531 109 63 pro
419 2531 109 63 se,
481 2531 78 63 &
512 2531 109 63 pro
575 2531 171 63 paruulo
699 2531 109 63 suo
761 2531 202 63 baptismum
917 2531 78 63 a
948 2531 124 63 tali
1010 2531 78 63 mi-

222 2577 170 59 nistro,
345 2577 77 59 &
376 2577 139 59 etiam
468 2577 216 59 recipiendo
638 2577 93 59 ab
684 2577 108 59 eo:
746 2577 123 59 quia
823 2577 154 59 nullus
931 2577 154 59 peccat
1023 2577 62 59 in

225 2611 103 54 eo,
284 2611 117 54 quod
357 2611 161 54 debitum
475 2611 147 54 petit,
577 2611 73 54 &
607 2611 161 54 recipit
724 2611 88 54 ab
768 2611 103 54 eo,
827 2611 103 54 qui
886 2611 176 54 tenetur:
1018 2611 103 54 sed

225 2649 180 54 sacerdos
360 2649 241 54 parochialis,
556 2649 105 54 vel
616 2649 135 54 vicem
706 2649 120 54 eius
781 2649 150 54 gerens
887 2649 165 54 tenetur
992 2649 90 54 sub-

234 2693 126 70 ditis
318 2693 112 70 suis
388 2693 196 70 ministrare
541 2693 237 70 ecclesiastica
737 2693 209 70 sacramenta:
904 2693 112 70 ergo
960 2693 70 70 &c.

270 2728 135 54 Forte
360 2728 180 54 dicetur,
495 2728 120 54 quod
570 2728 210 54 auctoritas
734 2728 150 54 Ambro.
839 2728 120 54 huic
914 2728 135 54 dicto
989 2728 90 54 vidi

230 2768 102 60 tur
289 2768 205 60 repugnare.
450 2768 102 60 Nam
508 2768 88 60 in
552 2768 88 60 li
596 2768 88 60 de
640 2768 205 60 initiandis
801 2768 161 60 rudibus
918 2768 161 60 loquens
1020 2768 59 60 di

215 2808 135 55 malis
305 2808 210 55 ministris,
470 2808 75 55 &
500 2808 90 55 de
545 2808 120 55 his,
620 2808 105 55 qui
680 2808 90 55 ab
725 2808 105 55 eis
785 2808 195 55 baptismum
920 2808 165 55 recipiunt

228 2861 111 47 ait.
297 2861 138 47 Ipsis,
394 2861 97 47 qui
449 2861 166 47 faciunt,
574 2861 69 47 &
601 2861 138 47 quibus
698 2861 166 47 faciunt,
822 2861 124 47 nihil
905 2861 166 47 prodest,
1016 2861 69 47 sed

225 2894 92 57 ad
271 2894 184 57 iudicium
408 2894 107 57 eis
454 2894 77 57 est

239 2930 76 49 2
269 2930 214 49 Praeterea,
437 2930 92 49 si
483 2930 122 49 iste
559 2930 183 49 sacerdos
696 2930 198 49 teneretur
849 2930 198 49 baptixare
986 2930 107 49 peten

229 2977 117 46 tem,
302 2977 117 46 tunc
375 2977 117 46 ipse
448 2977 131 46 esset
536 2977 204 46 perplexus:
696 2977 117 46 quia
769 2977 204 46 baptixando
930 2977 190 46 peccaret,

236 3005 94 55 eo
283 3005 126 55 quod
362 3005 220 55 manifestus
535 3005 189 55 peccator
677 3005 110 55 non
740 3005 157 55 possit
850 3005 220 55 sacramenta
1007 3005 79 55 mi-

240 3045 181 56 nistrare
376 3045 121 56 sine
451 3045 166 56 peccato
572 3045 91 56 de
617 3045 121 56 nouo
693 3045 211 56 contracto,
859 3045 106 56 non
904 3045 181 56 baptixande

225 3083 153 73 iterum
332 3083 199 73 peccaret,
485 3083 122 73 quia
561 3083 107 73 non
623 3083 168 73 saceret
745 3083 122 73 quod
822 3083 199 73 teneretur
959 3083 138 73 facerc.

1163 252 97 56 Ad
1211 252 162 56 primum
1325 252 211 56 dicendum,
1488 252 130 56 quod
1569 252 227 56 auctoritas
1747 252 114 56 Amb
1812 252 114 56 non
1877 252 114 56 est
1926 252 65 56 ad

1131 303 216 45 propositum:
1303 303 115 45 quia
1375 303 115 45 ipse
1447 303 101 45 ibi
1504 303 173 45 loquitur
1634 303 86 45 de
1677 303 216 45 haereticis,
1850 303 72 45 &
1878 303 86 45 de
1907 303 72 45 hi-

1134 342 102 47 qui
1193 342 116 47 illa
1265 342 203 47 intentione
1425 342 203 47 baptixatur
1585 342 87 47 ab
1628 342 116 47 eis,
1701 342 116 47 quod
1773 342 174 47 haeresim
1889 342 102 47 eorum

1114 386 182 45 tenere,
1246 386 83 45 &
1279 386 215 45 desensare
1427 386 198 45 proponunt.

1161 418 89 52 Ad
1206 418 178 52 secundum
1340 418 193 52 dicendum,
1488 418 119 52 quod
1563 418 134 52 talis
1652 418 178 52 sacerdos
1786 418 104 52 non
1845 418 104 52 est
1890 418 89 52 per-

1139 456 162 52 lexus:
1252 456 130 52 quia
1333 456 130 52 Deus
1414 456 211 52 miseretur
1577 456 178 52 omnibus
1706 456 259 52 inuocantibus
1901 456 81 52 eum

1121 501 87 46 in
1165 501 189 46 veritate:
1310 501 73 46 &
1339 501 116 46 ideo
1412 501 131 46 talis
1499 501 174 46 sacerdos
1630 501 131 46 debet
1717 501 189 46 poenitere
1863 501 87 46 de
1892 501 87 46 pec-

1127 539 132 42 catis
1216 539 132 42 suis,
1304 539 74 42 &
1333 539 118 42 tunc
1407 539 147 42 licite
1510 539 162 42 poterit
1628 539 206 42 baptixare.
1790 539 88 42 Si
1834 539 132 42 autem
1907 539 74 42 ba-

1140 582 186 42 tixandus
1279 582 155 42 petit,
1387 582 77 42 &
1418 582 170 42 recipit
1542 582 201 42 baptismum
1697 582 93 42 ab
1744 582 155 42 aliquo
1837 582 139 42 notorio

1133 615 202 52 eccatore,
1288 615 109 52 qui
1350 615 109 52 non
1412 615 140 52 habet
1505 615 279 52 iurisdictionem
1737 615 140 52 super
1830 615 140 52 ipsum
1908 615 78 52 si-

1116 656 91 42 ne
1161 656 242 42 necessitatis
1358 656 197 42 articulo,
1509 656 76 42 &
1539 656 151 42 quando
1645 656 151 42 potest
1751 656 151 42 habere
1857 656 151 42 melio

1125 689 116 54 rem:
1198 689 116 54 tunc
1271 689 204 54 mortaliter
1431 689 160 54 peccat:
1547 689 102 54 sed
1606 689 87 54 si
1649 689 102 54 est
1708 689 87 54 in
1751 689 175 54 articulo
1868 689 116 54 neces-

1119 731 180 49 sitatis,
1254 731 75 49 &
1284 731 105 49 non
1344 731 150 49 potest
1449 731 150 49 habere
1554 731 195 49 meliorem:
1703 731 120 49 tunc
1778 731 105 49 non
1838 731 165 49 peccat,

1122 770 92 53 vt
1168 770 138 53 patet
1260 770 92 53 ex
1291 770 246 53 praecedentibus

1151 809 171 49 Insuper
1276 809 156 49 potest
1385 809 187 49 dubitari
1525 809 140 49 circa
1619 809 140 49 istam
1712 809 187 49 materiam
1837 809 140 49 posito,

1128 849 121 52 quod
1203 849 181 52 diabolus
1339 849 196 52 appareret
1490 849 151 52 alicui
1596 849 211 52 baptixando
1762 849 91 52 in
1807 849 151 52 specie
1898 849 75 52 sa-

1114 890 206 49 cerdotis,
1273 890 79 49 &
1304 890 222 49 baptixaret
1478 890 111 49 eum
1542 890 95 49 in
1589 890 143 49 aqua,
1684 890 174 49 dicendo
1811 890 206 49 consuetam

1122 927 156 45 formam
1232 927 203 45 verborum,
1388 927 141 45 vtrum
1482 927 141 45 talis
1576 927 125 45 vere
1654 927 110 45 sit
1701 927 188 45 baptixatus

1149 961 225 52 Respondeo,
1326 961 129 52 quod
1406 961 113 52 non
1471 961 145 52 esset
1568 961 161 52 baptix
1680 961 145 52 atus:
1777 961 129 52 quia
1841 961 129 52 quando

1122 1006 163 43 constat
1241 1006 89 43 de
1286 1006 149 43 certo,
1390 1006 119 43 quod
1464 1006 134 43 ille,
1553 1006 104 43 qui
1612 1006 193 43 baptixat,
1761 1006 104 43 non
1820 1006 134 43 habet
1895 1006 74 43 in-

1117 1047 204 47 tentionem
1274 1047 173 47 rectam,
1400 1047 110 47 nec
1463 1047 188 47 intendit
1604 1047 173 47 salutem
1730 1047 220 47 baptixati:
1902 1047 110 47 sed

1118 1090 144 41 magis
1214 1090 256 41 perditionem,
1422 1090 128 41 tunc
1502 1090 112 41 per
1566 1090 112 41 eum
1630 1090 224 41 baptixatus
1806 1090 160 41 iterum
1902 1090 80 41 est

1115 1124 150 49 baptix
1220 1124 150 49 andus:
1325 1124 105 49 sed
1385 1124 90 49 ex
1430 1124 195 49 scriptura
1579 1124 135 49 sacra
1669 1124 90 49 de
1714 1124 135 49 certo
1804 1124 135 49 nobis
1879 1124 90 49 con-

1112 1164 135 47 stat:
1202 1164 120 47 quod
1277 1164 135 47 demon
1368 1164 105 47 non
1428 1164 135 47 habet
1518 1164 226 47 intentionem
1698 1164 180 47 faciendi
1834 1164 105 47 ea,
1879 1164 90 47 quae

1112 1200 183 51 spectant
1249 1200 91 51 ad
1295 1200 168 51 hominis
1416 1200 183 51 salutem:
1554 1200 107 51 sed
1614 1200 137 51 solum
1706 1200 107 51 ea,
1767 1200 122 51 quae
1843 1200 168 51 faciunt

1108 1242 100 54 ad
1158 1242 184 54 hominis
1275 1242 234 54 perditionem.

1249 1313 652 83 ARTICVLVS
1700 1313 151 83 P

1247 1404 167 82 Vtrum
1359 1404 130 82 non
1433 1404 185 82 habeus
1562 1404 204 82 ordinem
1692 1404 148 82 possit

1426 1464 220 65 baptixare.

1180 1549 182 61 VANTVM
1307 1549 109 61 ad
1362 1549 219 61 secundum
1526 1549 237 61 articulum
1709 1549 237 61 dicendum,
1873 1549 109 61 quod

1164 1594 123 47 cum
1234 1594 229 47 baptismus
1410 1594 123 47 sit
1481 1594 264 47 sacramentum
1692 1594 193 47 maximae
1815 1594 158 47 necessi

1119 1631 158 49 tatis:
1230 1631 126 49 ideo
1309 1631 142 49 istud
1404 1631 253 49 sacramentum,
1609 1631 79 49 &
1641 1631 174 49 quantum
1767 1631 95 49 ad
1799 1631 174 49 materiam,

1112 1680 80 43 &
1144 1680 175 43 quantum
1271 1680 95 43 ad
1319 1680 223 43 ministrum,
1494 1680 111 43 est
1557 1680 175 43 omnibus
1685 1680 143 43 aliis
1764 1680 207 43 sacramentis

1110 1721 136 39 minus
1200 1721 211 39 limitatum.
1366 1721 121 39 Vnde
1442 1721 136 39 sicut
1532 1721 91 39 in
1578 1721 241 39 necessitatis
1774 1721 181 39 articulo
1895 1721 75 39 om-

1120 1748 105 50 nis
1180 1748 120 50 aqua
1255 1748 105 50 est
1315 1748 120 50 vera
1390 1748 165 50 materia
1510 1748 195 50 baptismi:
1659 1748 135 50 tamen
1749 1748 105 50 non
1794 1748 180 50 ingruenter

1117 1792 241 48 necessitate
1310 1792 96 48 ad
1358 1792 241 48 reuerentiam
1551 1792 225 48 sacramenti
1728 1792 129 48 homo
1808 1792 113 48 non
1856 1792 113 48 debet

1122 1830 207 42 paptixari,
1285 1830 118 42 nisi
1358 1830 89 42 in
1403 1830 118 42 aqua
1476 1830 207 42 benedicta,
1639 1830 103 42 seu
1698 1830 103 42 per
1742 1830 221 42 benedictionem

1103 1868 278 46 sanctificata:
1332 1868 115 46 sic
1397 1868 147 46 eodem
1495 1868 131 46 modo
1577 1868 180 46 quantum
1708 1868 98 46 ad
1757 1868 213 46 ministrum
1905 1868 65 46 in

1107 1908 234 48 necessitatis
1297 1908 175 48 articulo
1429 1908 175 48 quilibet
1560 1908 117 48 homo
1633 1908 146 48 potest
1735 1908 204 48 baptixare:
1896 1908 102 48 sed

1116 1946 111 48 non
1179 1946 206 48 imminente
1338 1946 253 48 necessitate,
1543 1946 126 48 tunc
1622 1946 95 48 ad
1670 1946 174 48 honorem
1780 1946 190 48 sacramenti

1121 1986 125 43 olus
1200 1986 188 43 sacerdos
1341 1986 141 43 debet
1435 1986 219 43 baptixare:
1607 1986 125 43 quia
1685 1986 219 43 tantummodo
1842 1986 125 43 sacer-

1114 2025 114 44 doti
1185 2025 171 44 conuenit
1313 2025 185 44 baptixare
1456 2025 86 44 ex
1499 2025 157 44 officij
1613 2025 228 44 auctoritate:
1798 2025 128 44 licet
1869 2025 100 44 aliis

1120 2065 197 52 conueniat
1272 2065 91 52 ex
1317 2065 228 52 permissione
1499 2065 152 52 iuris.
1606 2065 152 52 Posito
1712 2065 137 52 tamen
1803 2065 137 52 casu,
1879 2065 91 52 quod

1106 2107 177 49 aliquis
1234 2107 225 49 baptiretur
1411 2107 96 49 in
1459 2107 128 49 aqua
1539 2107 112 49 non
1604 2107 225 49 benedicta,
1780 2107 96 49 &a
1812 2107 161 49 ministro

1108 2144 113 49 non
1172 2144 226 49 sacerdote,
1350 2144 113 49 cum
1415 2144 145 49 tamen
1512 2144 178 49 congrue
1641 2144 162 49 posset
1754 2144 162 49 habere
1851 2144 129 49 sacer-

1109 2184 150 47 dotem,
1214 2184 105 47 qui
1274 2184 105 47 eum
1334 2184 210 47 baptiaaret
1498 2184 90 47 in
1543 2184 120 47 aqua
1618 2184 254 47 sanctificata,
1827 2184 120 47 ille
1887 2184 90 47 qui-

1118 2220 105 47 dem
1178 2220 135 47 esset
1268 2220 226 47 baptixatus,
1449 2220 105 47 nec
1509 2220 135 47 esset
1599 2220 180 47 rebaptix
1734 2220 150 47 andus:
1825 2220 135 47 quamuis

1108 2259 141 45 baptix
1207 2259 99 45 ans
1263 2259 170 45 grauiter
1391 2259 184 45 peccaret,
1532 2259 85 45 ac
1574 2259 127 45 etiam
1659 2259 212 45 haptixatus,
1829 2259 85 45 si
1857 2259 113 45 fuerit

1104 2299 178 49 rationis
1238 2299 148 49 capax,
1342 2299 74 49 &
1371 2299 163 49 nouerit
1490 2299 178 49 statutum
1609 2299 178 49 ecclesiae.

1208 2368 669 90 ARTICVLVS
1671 2368 154 90 I

1232 2474 142 80 Aquo
1321 2474 230 80 baptismus
1498 2474 177 80 habeat
1605 2474 230 80 efficaciam.

1181 2573 175 45 VANTVM
1303 2573 105 45 ad
1355 2573 192 45 tertium
1495 2573 227 45 articulum
1670 2573 122 45 est
1722 2573 245 45 aduertendum,

1133 2608 82 52 ,
1165 2608 131 52 quod
1248 2608 213 52 efficacia
1412 2608 164 52 ipsius
1527 2608 213 52 baptismi,
1691 2608 99 52 ac
1740 2608 213 52 ceterorum
1888 2608 82 52 sa-

1122 2650 229 49 tramentorum
1305 2650 137 49 nouae
1396 2650 137 49 legis
1488 2650 92 49 in
1534 2650 107 49 hoc
1595 2650 214 49 consistit,
1763 2650 122 49 quod
1824 2650 137 49 median-

1114 2687 135 53 tibus
1204 2687 224 53 sacramentis
1383 2687 135 53 nobis
1473 2687 194 53 confertur
1622 2687 164 53 gratia:
1742 2687 135 53 illud
1831 2687 120 53 ergo
1891 2687 75 53 ess

1118 2727 127 55 causa
1202 2727 197 55 efficaciae
1357 2727 253 55 sacramentorum,
1568 2727 113 55 quod
1638 2727 98 55 est
1695 2727 127 55 causa
1779 2727 169 55 gratiae.
1892 2727 84 55 Haec

1110 2780 137 40 autem
1201 2780 137 40 causa
1292 2780 152 40 potest
1399 2780 198 40 intelligi
1551 2780 228 40 dupliciter.
1733 2780 106 40 Vno
1794 2780 137 40 modo,
1870 2780 106 40 prin-

1128 2807 164 47 ipalis,
1247 2807 75 47 &
1277 2807 209 47 effectiua.
1441 2807 119 47 Alio
1516 2807 134 47 modo,
1605 2807 209 47 meritoria,
1769 2807 75 47 &
1784 2807 194 47 dispositua-

1122 2844 135 55 Primo
1212 2844 120 55 modo
1287 2844 120 55 sola
1362 2844 180 55 voluntas
1497 2844 150 55 diuina
1601 2844 105 55 est
1661 2844 135 55 causa
1751 2844 210 55 efficaciae
1901 2844 75 55 sa-

1114 2890 241 44 cramentorum:
1310 2890 121 44 quia
1385 2890 90 44 ab
1430 2890 121 44 ipsa
1506 2890 256 44 principaliter
1717 2890 196 44 effectiue
1852 2890 121 44 depen-

1114 2929 115 43 det
1179 2929 131 43 omne
1261 2929 148 43 bonum
1360 2929 197 43 nostrum.
1507 2929 230 43 Praeterea,
1688 2929 82 43 a
1721 2929 115 43 quo
1770 2929 197 43 sacramenta

1120 2962 116 53 sunt
1192 2962 203 53 instituta,
1351 2962 87 53 ab
1395 2962 116 53 illo
1467 2962 246 53 principaliter
1670 2962 174 53 dependet
1800 2962 130 53 eorum
1873 2962 101 53 effi-

1128 3004 132 46 acia:
1216 3004 102 46 sed
1275 3004 73 46 a
1304 3004 117 46 solo
1377 3004 102 46 Deo
1435 3004 205 46 sacramenta
1596 3004 132 46 nouae
1684 3004 132 46 legis
1771 3004 117 46 sunt
1830 3004 146 46 institu-

1126 3048 108 41 ta,
1187 3048 92 41 vt
1233 3048 185 41 probatum
1372 3048 108 41 est
1434 3048 200 41 superius:
1588 3048 123 41 ergo
1665 3048 108 41 &c.
1726 3048 108 41 Sed
1788 3048 169 41 secundo
1896 3048 77 41 mo-

1127 3083 97 63 do,
1183 3083 139 63 passio
1280 3083 153 63 Christi
1391 3083 97 63 est
1446 3083 125 63 causa
1529 3083 125 63 huius
1612 3083 208 63 efficaciae:
1779 3083 111 63 quia
1834 3083 139 63 Christus
