2148 3526
37 257 258 74 praeparatiuam
249 257 273 74 dispositionem,
477 257 197 74 priusquam
628 257 182 74 recipiat
750 257 106 74 medi-

30 331 148 45 tinam,
134 331 104 45 seu
193 331 193 45 potionem.
341 331 119 45 Vnde
415 331 119 45 mors
489 331 163 45 infirmi
608 331 104 45 est
667 331 178 45 recipere
786 331 59 45 me

29 362 186 48 dicinam,
168 362 78 48 &
199 362 109 48 non
261 362 186 48 recipere
401 362 279 48 praeparationem
633 362 202 48 praeuiam.
773 362 78 48 Ses

33 406 189 43 peccator
175 406 110 43 est
238 406 173 43 Christo
363 406 236 43 inobediens:
552 406 126 43 quia
630 406 126 43 eius
709 406 189 43 mandatum

27 445 109 50 non
90 445 171 50 seruat,
214 445 218 50 peccatorum
386 445 156 50 suorum
495 445 249 50 contritionem
698 445 203 50 negligit,

36 480 103 51 uae
95 480 103 51 est
154 480 161 51 quaedam
271 480 205 51 necessaria
432 480 161 51 infirmi
549 480 205 51 peccatoris
696 480 161 51 disposito

27 519 165 43 praeuia
147 519 90 43 ad
192 519 150 43 corpus
297 519 165 43 Christi
417 519 180 43 sumendum
551 519 90 43 ad
596 519 180 43 salutem.
731 519 120 43 ldeo
791 519 75 43 non

32 555 128 46 mirum
117 555 85 46 si
160 555 157 46 sumptio
274 555 171 46 corporis
402 555 171 46 Christi,
530 555 100 46 seu
587 555 185 46 medicinae
730 555 114 46 sibi
787 555 71 46 non

20 599 140 42 tedit
114 599 94 42 ad
161 599 156 42 vitam,
270 599 109 42 sed
332 599 156 42 potius
442 599 94 42 ad
489 599 187 42 aeternam
629 599 172 42 mortem.
754 599 94 42 Si
785 599 78 42 au-

21 641 103 38 tem
80 641 177 38 existens
213 641 88 38 in
257 641 162 38 mortali
375 641 177 38 peccato,
507 641 162 38 ignorat
625 641 88 38 se
669 641 118 38 esse
743 641 88 38 in
773 641 88 38 mor-

20 675 116 42 tali
93 675 174 42 peccato,
224 675 116 42 tunc
296 675 189 42 huiusmodi
442 675 218 42 ignorantia,
616 675 102 42 vel
674 675 102 42 est
718 675 145 42 inuinci-

18 714 138 44 bilis,
115 714 96 44 vel
170 714 179 44 neglecta,
308 714 96 44 vel
363 714 96 44 est
418 714 193 44 affectata.
570 714 124 44 Prima
652 714 152 44 excusat
763 714 69 44 a
776 714 83 44 toto

24 757 170 38 peccato.
152 757 156 38 Secunda
265 757 71 38 a
294 757 142 38 tanto,
393 757 99 38 sed
450 757 99 38 non
507 757 71 38 a
535 757 128 38 toto:
620 757 142 38 Tertia
720 757 99 38 nec
777 757 71 38 a
791 757 71 38 to-

15 792 104 43 to,
74 792 104 43 nec
134 792 74 43 a
163 792 133 43 tanto
252 792 178 43 excusat:
385 792 104 43 sed
444 792 148 43 potius
548 792 192 43 aggrauat.
696 792 118 43 Haec
755 792 104 43 omnia

14 829 144 61 sequire
118 829 78 61 in
158 829 105 61 his,
223 829 105 61 quae
288 829 105 61 dixi
354 829 105 61 lib.
419 829 78 61 2.
458 829 118 61 dist.
524 829 65 61 22.

132 909 620 73 ARTICVLVS
561 909 191 73 Ii

7 979 153 87 Vtrum
109 979 136 87 vere
194 979 221 87 contritus
364 979 204 87 antequam
518 979 119 87 sit
586 979 221 87 confessus
739 979 119 87 possu

137 1058 144 54 sine
227 1058 198 54 peccato
371 1058 180 54 sumere
479 1058 234 54 sacramentim

309 1099 223 57 eucharisuiae.

31 1175 187 63 VVMTVM
162 1175 112 63 ad
218 1175 206 63 tertium
368 1175 243 63 articulum
555 1175 131 63 est
611 1175 243 63 distinguen-

56 1223 79 47 C
88 1223 126 47 dum.
166 1223 126 47 Quia
245 1223 141 47 talis
339 1223 126 47 Vere
418 1223 204 47 contritus
575 1223 110 47 vel
638 1223 157 47 potest
732 1223 126 47 confi-

14 1264 134 47 teri,
103 1264 74 47 &
133 1264 134 47 habet
222 1264 149 47 copiam
326 1264 238 47 confessoris,
519 1264 74 47 &
549 1264 119 47 tunc
623 1264 149 47 peccat
712 1264 149 47 mortali-

12 1306 123 39 ter,
88 1306 92 39 si
135 1306 231 39 communicat,
319 1306 200 39 priusquam
473 1306 246 39 confiteatur.
673 1306 92 39 Et
719 1306 108 39 sub
765 1306 92 39 isto

13 1339 125 52 ensu
92 1339 251 52 intelligenda
296 1339 125 52 sunt
374 1339 141 52 verba
468 1339 172 52 Hugonis
593 1339 94 52 de
640 1339 157 52 Sancto
735 1339 125 52 victo-

7 1380 84 48 se
49 1380 84 48 in
91 1380 98 48 lib
147 1380 84 48 de
189 1380 182 48 potestate
329 1380 168 48 ligandi,
455 1380 126 48 atque
539 1380 182 48 soluendi,
679 1380 98 48 vbi
735 1380 112 48 ait.
791 1380 70 48 Au-

9 1419 149 48 dacter
113 1419 134 48 dico,
203 1419 119 48 quod
277 1419 89 48 si
322 1419 119 48 ante
396 1419 208 48 sacerdotis
560 1419 238 48 absolutionem
738 1419 119 48 crimi-

7 1460 151 39 nosus
108 1460 101 39 ad
158 1460 252 39 communionem
360 1460 202 39 corporis
511 1460 185 39 Christi
646 1460 202 39 accedat;
780 1460 84 39 pro

-3 1498 139 54 terto
89 1498 185 54 iudicium
228 1498 123 54 sibi
305 1498 200 54 manducat,
459 1498 77 54 &
490 1498 154 54 bibit,
598 1498 139 54 etiam
690 1498 93 54 si
737 1498 108 54 eum
783 1498 77 54 iam

9 1543 122 41 inte
85 1543 152 41 multum
192 1543 198 41 peniteat,
344 1543 137 41 etiam
435 1543 91 41 si
481 1543 213 41 vehementer
649 1543 168 41 doleat,
771 1543 76 41 &
786 1543 76 41 in-

14 1582 192 43 emiscat.
158 1582 112 43 Vel
222 1582 112 43 non
286 1582 144 43 habet
382 1582 160 43 copiam
495 1582 256 43 confessoris,
703 1582 80 43 &
735 1582 112 43 hoc
783 1582 80 43 du-

12 1623 181 43 liciter:
148 1623 121 43 quia
223 1623 106 43 vel
284 1623 106 43 est
344 1623 241 43 necessarium,
540 1623 121 43 quod
616 1623 226 43 communicet,
782 1623 75 43 pu-

15 1655 89 44 a:
60 1655 119 44 quia
134 1655 104 44 vel
193 1655 104 44 est
252 1655 222 44 parochialis
430 1655 193 44 sacerdos,
578 1655 74 44 &
608 1655 119 44 illa
682 1655 104 44 dic
741 1655 104 44 non
786 1655 74 44 po-

3 1694 112 44 test
73 1694 112 44 sine
143 1694 169 44 scandalo
270 1694 141 44 populi
368 1694 112 44 esse
439 1694 112 44 sine
509 1694 141 44 missa:
607 1694 98 44 vel
663 1694 112 44 quia
734 1694 126 44 stans
804 1694 56 44 in

-9 1735 159 42 altari
102 1735 222 42 recordatur
276 1735 95 42 de
324 1735 159 42 aliquo
435 1735 174 42 mortali
562 1735 190 42 peccato,
704 1735 127 42 quod
768 1735 95 42 num-

1 1773 124 49 quam
79 1773 124 49 fuit
157 1773 218 49 confessus,
328 1773 109 49 vel
390 1773 156 49 quando
499 1773 140 49 laica
593 1773 187 49 persona,
733 1773 109 49 cum
779 1773 78 49 iam

3 1812 193 42 necessit
148 1812 96 42 ad
196 1812 161 42 altare
308 1812 96 42 ad
357 1812 241 42 recipiendum
550 1812 241 42 communionem
726 1812 129 42 recor-

-3 1851 135 47 datur
87 1851 90 47 de
132 1851 165 47 mortali
253 1851 165 47 peccato
373 1851 105 47 non
433 1851 195 47 confesso.
583 1851 90 47 In
628 1851 105 47 his
689 1851 75 47 &
704 1851 150 47 consimi-

-6 1891 136 51 libus
85 1891 181 51 casibus,
220 1891 91 51 si
266 1891 136 51 dolet
356 1891 121 51 homo
432 1891 91 51 de
477 1891 121 51 hoc,
553 1891 121 51 quod
628 1891 106 51 non
689 1891 151 51 potest
779 1891 76 51 pro

-4 1929 131 45 tunc
77 1929 164 45 habere
192 1929 262 45 confessorem,
405 1929 82 45 &
438 1929 196 45 intendit
585 1929 196 45 proxime,
732 1929 115 45 cum
781 1929 82 45 ha-

-5 1971 127 46 bere
74 1971 174 46 poterit
201 1971 253 46 consessorem,
406 1971 206 46 hulusmodi
565 1971 174 46 peccata
675 1971 190 46 confiteri:

-12 2007 135 45 tunc
72 2007 269 45 communicando
291 2007 168 45 nullum
409 2007 219 45 conmittit
577 2007 219 45 peccatum.
745 2007 101 45 Si
779 2007 84 45 au-

-12 2050 100 42 em
38 2050 134 42 sine
122 2050 201 42 scandalo
273 2050 167 42 potest
390 2050 251 42 communionem
591 2050 218 42 differre,
742 2050 117 42 donec

-1 2090 147 45 habeat
102 2090 147 45 copiam
206 2090 236 45 confessoris:
397 2090 103 45 hoc
456 2090 133 45 debet
545 2090 162 45 facere:
662 2090 118 45 quia
736 2090 103 45 sic
780 2090 74 45 non

-14 2127 229 44 differendo
165 2127 212 44 peccaret.
329 2127 98 44 Si
378 2127 131 44 vero
459 2127 147 44 habet
557 2127 163 44 copiam
655 2127 196 44 confessori

-10 2164 138 51 tamen
82 2164 107 51 non
143 2164 153 51 potest
250 2164 215 51 confiteri,
419 2164 138 51 puta:
511 2164 123 51 quia
587 2164 107 51 non
649 2164 153 51 potest
756 2164 138 51 loqui

-4 2204 99 48 vel
52 2204 99 48 est
109 2204 85 48 in
151 2204 141 48 aliena
250 2204 155 48 lingua,
363 2204 85 48 vb
405 2204 71 48 i
434 2204 169 48 sacerdos
561 2204 99 48 eum
617 2204 99 48 non
673 2204 212 48 intelligit,

-7 2243 107 47 nec
54 2243 123 47 scit
131 2243 107 47 per
192 2243 153 47 aliqua
299 2243 138 47 signa
391 2243 199 47 exprimere
544 2243 123 47 suum
621 2243 169 47 reatum,
743 2243 123 47 tunc
805 2243 61 47 si

-3 2281 118 52 tere
71 2281 103 52 est
130 2281 207 52 contritus,
293 2281 74 52 &
322 2281 207 52 necessitas
485 2281 118 52 sibi
559 2281 177 52 imminet,
692 2281 133 52 puta:
765 2281 89 52 quia

-8 2323 169 43 videtur
115 2323 123 43 esse
192 2323 92 43 in
238 2323 154 43 mortis
346 2323 200 43 periculo,
500 2323 123 43 tunc
577 2323 154 43 potest
669 2323 185 43 communica-

-16 2363 99 45 re
33 2363 115 45 cum
99 2363 148 45 firmo
198 2363 148 45 tamen
297 2363 214 45 proposito
461 2363 231 45 confitendi
643 2363 198 45 proxime,
775 2363 82 45 cum

-3 2402 168 53 poterit
119 2402 214 53 confiteri:
287 2402 92 53 si
332 2402 137 53 autem
424 2402 107 53 non
485 2402 137 53 habet
576 2402 244 53 necessitatem
759 2402 92 53 com-

-7 2440 208 44 municandi,
157 2440 119 44 tunc
231 2440 134 44 debet
320 2440 179 44 differre
454 2440 134 44 donec
544 2440 149 44 valeat
648 2440 208 44 confiteri,
796 2440 60 44 Et

-1 2481 137 46 sinon
90 2481 183 46 differt,
228 2481 122 46 tunc
304 2481 168 46 peccat,
426 2481 137 46 sicut
518 2481 214 46 communiter
686 2481 153 46 dicunt
778 2481 76 46 do-

-9 2515 159 49 cores.
102 2515 95 49 Si
150 2515 143 49 etiam
245 2515 159 49 potest
356 2515 159 49 culpam
467 2515 127 49 suam
547 2515 206 49 sacerdoti
689 2515 175 49 exprimere

-3 2556 114 46 per
62 2556 162 46 signa,
175 2556 114 46 hoc
240 2556 162 46 facere
354 2556 146 46 debet
451 2556 195 46 antequam
597 2556 243 46 communicet.
776 2556 81 46 Per

-12 2604 139 41 istas
80 2604 262 41 distinctiones
296 2604 154 41 potest
404 2604 216 41 responderi
573 2604 93 41 ad
620 2604 139 41 multa
697 2604 154 41 argumen-

-6 2640 98 44 ta,
50 2640 112 44 quae
120 2640 112 44 pro,
190 2640 70 44 &
218 2640 140 44 contra
316 2640 140 44 solent
413 2640 126 44 fieri
497 2640 84 44 in
539 2640 112 44 ista
595 2640 126 44 materia

115 2704 566 90 ARTICVLVS
506 2704 261 90 IIII

-11 2784 159 83 Vtrum
95 2784 212 83 sacerdos
254 2784 176 83 peccet
378 2784 247 83 mortaliter
572 2784 159 83 dando
660 2784 194 83 satramen-

37 2846 114 65 tum
102 2846 244 65 eucbaristia
297 2846 114 65 ei,
363 2846 130 65 quem
444 2846 130 65 scit
526 2846 228 65 temerarie,
705 2846 81 65 &
721 2846 98 65 sine

131 2900 238 69 contritione
322 2900 127 69 esse
401 2900 95 69 in
449 2900 175 69 mortali
560 2900 159 69 peccato.

28 2979 197 69 VANTVM
166 2979 118 69 ad
226 2979 217 69 quartum
383 2979 257 69 articulum
581 2979 138 69 sic
640 2979 217 69 procedam.

42 3025 146 56 Quia
133 3025 164 56 primo
242 3025 219 56 ostendam
406 3025 200 56 quando,
552 3025 91 56 &
589 3025 109 56 in
643 3025 128 56 quo
716 3025 146 56 casu
789 3025 73 56 de

-1 3064 177 50 reganda
128 3064 113 50 est
192 3064 161 50 alicui
305 3064 145 50 sacra
402 3064 210 50 communio,
564 3064 113 50 vel
628 3064 113 50 non
677 3064 177 50 deneganda

-8 3112 177 55 propter
121 3112 113 55 sua
185 3112 193 55 peccata.
330 3112 177 55 Secundo
459 3112 161 55 quando
572 3112 113 55 est
636 3112 209 55 deneganda
781 3112 81 55 pro

901 267 117 83 ter
968 267 168 83 alicna
1086 267 201 83 peccata.
1237 267 168 83 Tertio
1354 267 218 83 ostendam,
1522 267 134 83 quod
1589 267 168 83 aliquan-

894 325 95 64 do
942 325 143 64 iuste
1037 325 206 64 denegatur
1196 325 159 64 alicui
1307 325 206 64 communio,
1465 325 159 64 absque
1576 325 143 64 tamen
1656 325 95 64 pec-

894 365 109 49 cato
963 365 109 49 suo,
1031 365 96 49 vel
1086 365 151 49 alieno.

911 393 145 70 Circa
1008 393 161 70 primum
1120 393 113 70 est
1185 393 258 70 aduertendum,
1394 393 129 70 quod
1475 393 193 70 pereatum
1620 393 177 70 illius,

895 441 88 51 de
939 441 102 51 quo
998 441 205 51 quaeritur,
1159 441 102 51 vel
1217 441 102 51 est
1276 441 190 51 occultum,
1422 441 102 51 vel
1480 441 219 51 manifestum.
1656 441 88 51 Si
1685 441 73 51 oc-

891 485 172 59 cultum,
1017 485 125 59 tunc
1095 485 110 59 vel
1157 485 141 59 petit
1251 485 172 59 occulte
1376 485 156 59 sacram
1486 485 250 59 communionem,
1674 485 78 59 vol

903 522 205 62 nanifeste:
1064 522 88 62 si
1108 522 176 62 occulte,
1240 522 117 62 tunc
1314 522 88 62 si
1357 522 190 62 sacerdoti
1504 522 161 62 constat
1607 522 146 62 huiusmo-

900 561 95 59 di
948 561 174 59 hominem
1074 561 111 59 non
1138 561 206 59 poenitere
1296 561 95 59 de
1343 561 206 59 peccatis,
1502 561 79 59 &
1533 561 127 59 quod
1597 561 158 59 vlterius

899 605 191 53 proponit
1042 605 191 53 peccare,
1185 605 127 53 tunc
1265 605 175 53 occulte
1392 605 175 53 petenti
1519 605 143 53 debet
1598 605 159 53 communio

903 644 109 53 nem
966 644 202 53 denegare.
1121 644 124 53 Quod
1199 644 93 53 si
1245 644 109 53 non
1307 644 186 53 fecerit,
1447 644 124 53 tunc
1525 644 109 53 non
1587 644 140 53 solum
1665 644 93 53 ille

890 685 218 55 accipiendo
1062 685 156 55 corpus
1171 685 172 55 Christi
1296 685 78 55 :
1327 685 140 55 verum
1421 685 140 55 etiam
1514 685 187 55 sacerdos
1639 685 109 55 dande

895 716 210 58 mortaliter
1060 716 165 58 peccat.
1180 716 120 58 Vnde
1255 716 105 58 quo
1315 716 90 58 ad
1361 716 105 58 hoc
1421 716 165 58 dicitur
1541 716 195 58 sacerdoti
1676 716 75 58 il-

900 762 120 50 lud,
975 762 164 50 Custodi
1094 762 120 50 mihi
1169 762 135 50 virum
1259 762 135 50 hunc,
1348 762 105 50 qui
1408 762 90 50 si
1453 762 149 50 lapsus
1558 762 164 50 fuerit,
1662 762 90 50 erit

888 804 141 48 anima
982 804 109 48 tua
1045 804 109 48 pro
1107 804 141 48 anima
1201 804 172 48 illius.
1326 804 94 48 Si
1373 804 141 48 autem
1467 804 109 48 non
1529 804 188 48 obstante
1654 804 94 48 illa

896 833 187 55 secreta
1032 833 273 55 prohibitione
1254 833 204 55 peccator
1407 833 187 55 tempore
1526 833 222 55 communionis

890 882 200 52 manifeste
1043 882 185 52 petierit
1182 882 246 52 sactamentum,
1382 882 123 52 tunc
1459 882 185 52 sacerdos
1597 882 108 52 non
1643 882 108 52 solun

886 917 116 52 non
953 917 165 52 peccat
1068 917 132 52 illi
1151 917 149 52 dando
1250 917 264 52 sacramentum,
1464 917 132 52 immo
1547 917 149 52 etiam
1629 917 116 52 tene-

894 954 101 53 tur
951 954 115 53 illi
1023 954 130 53 dare:
1109 954 115 53 quia
1181 954 86 53 si
1225 954 101 53 non
1282 954 144 53 daret,
1383 954 115 53 tunc
1455 954 130 53 esset
1541 954 187 53 reuelator
1671 954 86 53 con-

891 990 213 54 fessionis,
1058 990 106 54 quo
1119 990 137 54 facto
1210 990 182 54 sacerdos
1346 990 106 54 non
1407 990 137 54 solum
1498 990 213 54 mortaliter
1650 990 106 54 pecca

892 1032 121 69 ret:
968 1032 106 69 sed
1028 1032 136 69 etiam
1119 1032 91 69 ab
1164 1032 212 69 executione
1331 1032 242 69 sacerdotalis
1527 1032 166 69 officij
1633 1032 106 69 perpe

888 1075 114 48 tuo
953 1075 179 48 deberet
1067 1075 163 48 suspendi

929 1110 144 59 Forte
1025 1110 192 59 dicctur,
1169 1110 128 59 quod
1249 1110 192 59 aliunde,
1394 1110 128 59 quam
1474 1110 112 59 per
1522 1110 224 59 confessionem

899 1146 170 59 acerdos
1022 1146 139 59 nouit
1115 1146 154 59 culpam
1223 1146 170 59 illius:
1346 1146 124 59 quid
1424 1146 124 59 ergo
1501 1146 124 59 tunc
1578 1146 154 59 facere
1671 1146 77 59 de-

887 1185 106 52 bet
948 1185 91 52 in
993 1185 122 52 casu
1054 1185 167 52 proposito

924 1225 213 63 Respondeo,
1091 1225 122 63 quod
1167 1225 137 63 adhuc
1258 1225 106 63 non
1319 1225 137 63 debet
1410 1225 122 63 illi
1486 1225 198 63 manifeste
1623 1225 122 63 negare

898 1270 149 50 corpus
1003 1270 179 50 Christi:
1137 1270 120 50 quia
1212 1270 90 50 si
1257 1270 105 50 hoc
1317 1270 179 50 faceret,
1451 1270 120 50 tunc
1526 1270 135 50 esset
1601 1270 149 50 proditor

895 1310 174 45 occulti
1022 1310 206 45 sceleris,
1180 1310 79 45 &
1212 1310 111 45 per
1276 1310 222 45 consequens
1450 1310 174 45 populum
1561 1310 190 45 scandalisa

896 1344 117 52 ret,
969 1344 73 52 &
998 1344 117 52 ipse
1071 1344 204 52 mortaliter
1217 1344 160 52 peccaret.

905 1382 78 53 1
937 1382 141 53 Forte
1031 1382 172 53 dicetur
1156 1382 157 53 contra
1266 1382 157 53 istud,
1376 1382 125 53 quod
1454 1382 172 53 medicus
1580 1382 125 53 dans
1642 1382 110 53 infin

895 1421 102 51 mo
946 1421 154 51 talem
1049 1421 239 51 medicinam,
1237 1421 137 51 quam
1322 1421 154 51 nouit
1424 1421 102 51 ei
1476 1421 137 51 esse
1544 1421 205 51 mortiferam

895 1469 198 53 mortaliter
1050 1469 155 53 peccat:
1163 1469 99 53 sed
1220 1469 170 53 sacerdos
1347 1469 127 53 scit,
1432 1469 85 53 si
1474 1469 113 53 ille
1545 1469 184 53 sumpserit
1672 1469 85 53 cor-

911 1509 97 57 us
959 1509 195 57 Christi,
1105 1509 130 57 quod
1186 1509 227 57 mortiferum
1365 1509 130 57 erit
1446 1509 114 57 ei:
1511 1509 130 57 ergo
1592 1509 114 57 non
1640 1509 114 57 debet

892 1534 101 56 hoc
949 1534 116 56 illi
1022 1534 130 56 dare,
1108 1534 72 56 &
1137 1534 87 56 si
1180 1534 173 56 dederit,
1310 1534 202 56 mortaliter
1455 1534 144 56 peccabit

906 1583 79 56 2
938 1583 222 56 Praeterea,
1112 1583 158 56 contra
1223 1583 111 56 Dei
1286 1583 222 56 praeceptum
1460 1583 111 56 non
1524 1583 111 56 est
1587 1583 174 56 aliquid
1698 1583 63 56 fa

900 1619 178 60 ciendum
1029 1619 97 60 ad
1078 1619 194 60 vitandum
1224 1619 227 60 scandalum:
1402 1619 113 60 sed
1467 1619 130 60 dare
1548 1619 162 60 corpus
1645 1619 113 60 Chri-

895 1657 103 54 sti
954 1657 190 54 peccatori
1100 1657 103 54 est
1159 1657 146 54 contra
1262 1657 103 54 Dei
1320 1657 220 54 praeceptum:
1496 1657 117 54 quia
1569 1657 132 54 dicit
1642 1657 103 54 domi-

893 1696 127 61 nus:
973 1696 159 61 nolite
1084 1696 175 61 sanctum
1211 1696 127 61 dare
1290 1696 191 61 canibus:
1433 1696 191 61 mortalis
1576 1696 143 61 autem
1656 1696 95 61 per-

898 1730 136 57 cator
988 1730 105 57 est
1049 1730 136 57 peior
1139 1730 136 57 cane:
1229 1730 121 57 ergo
1290 1730 75 57 &c.

908 1774 81 53 3
940 1774 228 53 Praeterea,
1119 1774 146 53 inter
1217 1774 114 53 duo
1282 1774 130 53 mala
1363 1774 146 53 minus
1461 1774 146 53 malum
1559 1774 114 53 est
1608 1774 146 53 eligen-

896 1809 124 63 dum,
974 1809 93 63 vt
1021 1809 171 63 dicitur
1145 1809 78 63 3
1176 1809 218 63 topicorum:
1348 1809 109 63 sed
1410 1809 140 63 minus
1503 1809 140 63 malum
1596 1809 124 63 est,
1659 1809 93 63 quod

903 1859 172 46 eccator
1028 1859 203 46 infamctur
1185 1859 109 46 per
1247 1859 109 46 sui
1310 1859 187 46 criminis
1450 1859 266 46 reuelationem,
1653 1859 94 46 quam

905 1894 119 48 quod
980 1894 179 48 iudicium
1114 1894 119 48 sibi
1189 1894 194 48 manducet,
1338 1894 75 48 &
1368 1894 149 48 bibat,
1472 1894 75 48 &
1502 1894 119 48 reus
1577 1894 119 48 fiat
1637 1894 119 48 corpo-

891 1937 121 52 ris,
967 1937 76 52 &
997 1937 197 52 sanguinis
1148 1937 166 52 domini:
1269 1937 106 52 sed
1330 1937 166 52 negando
1451 1937 121 52 sibi
1526 1937 151 52 corpus
1617 1937 136 52 Christi

896 1971 223 57 insamatur,
1071 1971 111 57 non
1135 1971 175 57 negando
1262 1971 191 57 iudicium
1405 1971 127 57 sibi
1485 1971 207 57 manducat,
1644 1971 80 57 &
1660 1971 95 57 reus

896 2016 125 52 erit
974 2016 202 52 corporis,
1130 2016 78 52 &
1161 2016 202 52 sanguinis
1317 2016 156 52 domini
1426 2016 78 52 :
1457 2016 125 52 ergo
1535 2016 187 52 videtur,
1660 2016 93 52 quod

893 2050 152 59 melius
999 2050 106 59 sit
1060 2050 121 59 sibi
1136 2050 182 59 denegare
1272 2050 137 59 coram
1363 2050 182 59 omnibus,
1500 2050 137 59 etiam
1591 2050 91 59 si
1622 2050 121 59 potie-

897 2085 99 51 rit
939 2085 170 51 manifeste.

934 2127 107 54 bed
995 2127 122 54 ista
1071 2127 107 54 non
1132 2127 229 54 concludunt:
1315 2127 122 54 quia
1392 2127 153 54 nullus
1499 2127 92 54 in
1544 2127 198 54 manifesto
1682 2127 76 54 de-

898 2162 99 65 pet
954 2162 155 65 priuari
1067 2162 99 65 suo
1123 2162 127 65 iure,
1208 2162 113 65 nisi
1278 2162 183 65 manifeste
1419 2162 169 65 constet,
1546 2162 127 65 quare
1630 2162 99 65 sit
1673 2162 85 65 pri-

886 2207 155 45 uandus:
999 2207 99 45 sed
1055 2207 169 45 peccator
1182 2207 127 45 ille,
1267 2207 99 45 cum
1324 2207 99 45 sit
1380 2207 169 45 fidelis,
1507 2207 127 45 habet
1592 2207 99 45 ius
1634 2207 113 45 peten-

897 2244 89 50 di
942 2244 149 50 corpus
1046 2244 163 50 Christi
1165 2244 89 50 in
1209 2244 178 50 publico:
1343 2244 119 50 ergo
1417 2244 163 50 propter
1536 2244 149 50 causam
1625 2244 119 50 occul-

892 2285 109 45 tam
955 2285 109 45 non
1017 2285 140 45 debet
1111 2285 94 45 ei
1157 2285 94 45 in
1204 2285 171 45 publico
1313 2285 156 45 denegari

928 2319 201 55 Exemplum
1079 2319 117 55 quo
1146 2319 100 55 ad
1196 2319 117 55 hoc
1263 2319 184 55 habemus
1397 2319 100 55 in
1447 2319 134 55 loan
1531 2319 117 55 vbi
1581 2319 167 55 saluator

886 2358 144 58 ludae
982 2358 144 58 dedit
1078 2358 160 58 corpus
1189 2358 144 58 suum,
1285 2358 96 58 eo
1333 2358 128 58 quod
1413 2358 192 58 peccatum
1556 2358 144 58 ludae
1636 2358 112 58 adhuc

897 2399 122 59 erat
973 2399 183 59 occultum
1110 2399 168 59 ceteris
1232 2399 214 59 hominibus,
1400 2399 168 59 quamuis
1522 2399 198 59 sacerdos,
1659 2399 92 59 sci-

885 2442 138 54 licet
977 2442 199 54 Christus,
1130 2442 107 54 hoc
1191 2442 153 54 sciret
1298 2442 260 54 indubitanter:
1512 2442 138 54 ludas
1604 2442 138 54 etiam
1680 2442 77 54 ibi

901 2479 74 62 e
931 2479 148 62 habuit
1034 2479 89 62 ad
1078 2479 133 62 modum
1167 2479 162 62 illius,
1285 2479 103 62 qui
1344 2479 162 62 petendo
1462 2479 89 62 se
1506 2479 177 62 ingerit,
1639 2479 89 62 eo
1668 2479 89 62 quod

884 2525 96 50 ad
932 2525 161 50 mensam
1045 2525 145 50 illam
1141 2525 112 50 cum
1205 2525 177 50 ceteris
1334 2525 96 50 se
1382 2525 193 50 audacter
1510 2525 241 50 praesentauit.

898 2555 125 61 lstud
982 2555 125 61 etiam
1065 2555 125 61 patet
1149 2555 125 61 extra
1232 2555 84 61 de
1274 2555 153 61 officio
1386 2555 153 61 iudicis
1497 2555 195 61 ordinarij,
1650 2555 84 61 Si
1678 2555 70 61 sa-

893 2594 156 57 cerdos;
1006 2594 99 57 vbi
1063 2594 170 57 dicitur,
1191 2594 114 57 quod
1262 2594 170 57 sacerdos
1390 2594 142 57 sciens
1489 2594 156 57 aliquem
1603 2594 114 57 esse
1660 2594 85 57 reum

883 2635 177 57 secreti
1012 2635 209 57 criminis,
1173 2635 113 57 non
1237 2635 145 57 debet
1334 2635 113 57 eum
1398 2635 209 57 manifeste
1559 2635 209 57 prohibere
1704 2635 48 57 a

888 2681 264 54 communione:
1099 2681 141 54 quia
1187 2681 123 54 nec
1258 2681 211 54 Christus
1416 2681 158 54 ludam
1521 2681 88 54 a
1539 2681 211 54 communione

890 2715 190 58 remouit.
1033 2715 95 58 Et
1080 2715 142 58 addit
1175 2715 158 58 glosa:
1286 2715 127 58 immo
1365 2715 95 58 ei
1412 2715 253 58 fucharistiam
1618 2715 158 58 dedit,
1713 2715 47 58 &

897 2760 98 46 cum
953 2760 126 46 aliis
1037 2760 84 46 ad
1080 2760 225 46 praedicandum
1262 2760 141 46 misit,
1361 2760 84 46 vt
1403 2760 169 46 apparet.
1529 2760 84 46 1.
1571 2760 183 46 quaestio.
1698 2760 56 46 1.

922 2792 249 57 Aduertendum
1122 2792 133 57 est,
1205 2792 133 57 quod
1288 2792 183 57 propter
1421 2792 249 57 apparentiam
1604 2792 150 57 instan-

891 2837 153 45 tiarum
998 2837 259 45 praedictarum,
1211 2837 153 45 aliqui
1318 2837 198 45 quandoque
1470 2837 229 45 quaesierunt
1638 2837 107 45 nimis

899 2875 217 52 perniciosam
1072 2875 144 52 fugam,
1173 2875 188 52 dicentes,
1318 2875 116 52 quod
1390 2875 188 52 sacerdos,
1534 2875 101 52 iam
1592 2875 130 52 dicto
1664 2875 87 52 casu

902 2916 173 52 posito,
1028 2916 173 52 deberet
1154 2916 205 52 huiusmodi
1311 2916 205 52 peccatori
1469 2916 126 52 dare
1547 2916 173 52 hostiam
1673 2916 110 52 non

897 2947 249 62 consecratam,
1100 2947 78 62 &
1131 2947 109 62 sic
1194 2947 109 62 nec
1256 2947 203 62 scandalum
1412 2947 156 62 fieret
1521 2947 94 62 in
1568 2947 172 62 populo,
1677 2947 78 62 nec

889 2985 132 60 ille
972 2985 198 60 peccator
1121 2985 182 60 sumeret
1253 2985 165 60 eorpus
1368 2985 182 60 Christi
1500 2985 99 60 in
1533 2985 215 60 damnationem

897 3031 150 59 animae
1002 3031 135 59 suae.
1092 3031 105 59 Sed
1152 3031 105 59 hoc
1212 3031 165 59 pessime
1332 3031 165 59 factum:
1452 3031 120 59 quia
1527 3031 135 59 talis
1602 3031 150 59 sacerdos

890 3070 141 52 esset
984 3070 141 52 causa
1078 3070 219 52 idolatriae
1250 3070 156 52 omuium
1360 3070 219 52 adorantium
1532 3070 141 52 illam
1610 3070 141 52 hostiam

896 3108 106 56 non
957 3108 243 56 consecratam.
1154 3108 122 56 Vnde
1230 3108 152 56 contra
1337 3108 137 56 tales
1428 3108 106 56 ait
1489 3108 228 56 lnnocentius
1656 3108 91 56 ter
