2382 3531
404 259 103 73 lis
463 259 132 73 actus
551 259 177 73 praesens
684 259 103 73 est
743 259 118 73 quia
816 259 191 73 proferens
964 259 132 73 talem
1037 259 221 73 demonstratio-

404 310 116 56 nem
471 310 182 56 profert
603 310 116 56 eam
670 310 116 56 pro
736 310 182 56 tempore
869 310 216 56 immediate
1035 310 216 56 sequenti:
1184 310 83 56 sic

399 361 143 39 etiam
495 361 96 39 in
543 361 207 39 proposito
702 361 191 39 dicitur,
845 361 112 39 hoc
909 361 112 39 est
973 361 159 39 corpus
1085 361 128 39 meum
1148 361 80 39 &c.

453 389 93 52 Ad
499 389 278 52 confirmationem
731 389 139 52 patet
824 389 108 52 per
886 389 108 52 ea,
948 389 124 52 quae
1025 389 139 52 dicta
1102 389 93 52 sunt

458 436 96 49 Ad
506 436 161 49 fextum
619 436 209 49 dicendum,
780 436 129 49 quod
860 436 145 49 verba
956 436 209 49 praedicta
1117 436 113 49 non
1166 436 96 49 pro-

399 465 165 55 ferutur
519 465 75 55 a
549 465 180 55 ministro
684 465 165 55 tamquam
804 465 90 55 ex
850 465 165 55 persona
970 465 195 55 ministri,
1120 465 135 55 sicut
1195 465 60 55 fi

407 504 87 57 in
450 504 130 57 aliis
537 504 231 57 sacramentis,
724 504 101 57 sed
782 504 159 57 tamquam
898 504 87 57 ex
941 504 159 57 persona
1057 504 173 57 Christi.
1172 504 87 57 Idec

401 557 143 44 forma
497 557 175 44 istorum
624 557 191 44 verborum
767 557 96 44 in
815 557 159 44 duobus
927 557 175 44 differt
1054 557 80 44 a
1086 557 143 44 forma
1165 557 96 44 ver-

393 587 160 49 borum
500 587 231 49 ceterorum
660 587 285 49 sacramentorum.

447 614 162 63 Primo:
560 614 130 63 quia
641 614 162 63 nomina
755 614 227 63 trinitatem
934 614 178 63 diuinam
1047 614 211 63 exprimentia

406 662 107 55 non
467 662 184 55 ponuntur
605 662 92 55 in
651 662 123 55 ista
728 662 153 55 forma:
835 662 123 55 quia
911 662 107 55 cum
973 662 123 55 haec
1049 662 138 55 verba
1126 662 138 55 tamquam

406 704 87 53 in
450 704 160 53 persona
567 704 160 53 Christi
683 704 233 53 proferantur,
872 704 102 53 qui
930 704 102 53 est
989 704 131 53 verus
1076 704 131 53 Deus,
1163 704 87 53 ad
1192 704 73 53 hoc

405 741 198 57 innuendum
557 741 107 57 non
618 741 107 57 fit
679 741 107 57 hic
740 741 152 57 aliqua
846 741 198 57 inuocatio
983 741 198 57 trinitatis.

428 781 188 59 Secundo,
569 781 125 59 quia
648 781 141 59 verba
741 781 94 59 in
788 781 141 59 alijs
882 781 235 59 sacramentis
1055 781 204 59 proferuntur

406 819 91 54 in
451 819 167 54 persona
572 819 197 54 ministri:
724 819 121 54 ideo
800 819 106 54 per
860 819 136 54 talia
951 819 136 54 verba
1042 819 136 54 debet
1118 819 136 54 exprim.

405 864 132 54 actus
493 864 190 54 ministri,
640 864 73 54 &
669 864 103 54 per
728 864 205 54 consequens
889 864 190 54 oportuit,
1035 864 88 54 vt
1079 864 103 54 ibi
1123 864 117 54 ponero

400 895 110 64 tur
463 895 158 64 verbum
574 895 237 64 operatiuum.
763 895 126 64 Haec
842 895 126 64 vero
921 895 158 64 verba,
1031 895 126 64 quia
1094 895 158 64 proferun

411 948 108 43 tur
472 948 93 43 in
519 948 170 43 persona
642 948 186 43 Christi,
782 948 124 43 ideo
859 948 93 43 in
905 948 108 43 eis
967 948 108 43 non
1029 948 170 43 oportet
1137 948 124 43 ponere

398 984 164 47 verbum
513 984 230 47 operatiuum
693 984 214 47 exprimens
857 984 148 47 actum
956 984 246 47 suceessiuum
1137 984 131 47 ipsius

406 1011 198 59 ministri,
558 1011 106 59 sed
619 1011 137 59 debet
710 1011 122 59 poni
786 1011 152 59 verbum
892 1011 258 59 substantiuum,
1105 1011 137 59 puta,
1181 1011 76 59 est

401 1053 169 56 tamquam
523 1053 230 56 expressiuum
707 1053 138 56 actus
799 1053 169 56 vltimi,
922 1053 77 56 &
952 1053 184 56 perfecti
1090 1053 153 56 istius
1182 1053 77 56 sa-

402 1091 189 57 cramenti,
548 1091 116 57 quod
621 1091 102 57 est
679 1091 116 57 esse
752 1091 175 57 corporis
883 1091 160 57 Christi
999 1091 102 57 sub
1057 1091 189 57 speciebus
1188 1091 73 57 ip-

403 1133 134 55 sius
487 1133 168 55 panis.
605 1133 101 55 Et
655 1133 117 55 per
722 1133 117 55 hoc
789 1133 151 55 patet
890 1133 101 55 ad
940 1133 168 55 formam
1041 1133 201 55 argumenti.

443 1169 90 56 De
488 1169 135 56 forma
578 1169 135 56 autem
668 1169 195 56 sanguinis
818 1169 105 56 quo
879 1169 90 56 ad
924 1169 105 56 sui
984 1169 255 56 praecisionem,
1179 1169 90 56 puta

402 1210 105 49 vbi
462 1210 196 49 incipiat,
613 1210 75 49 &
643 1210 105 49 vbi
703 1210 181 49 finiatur
839 1210 166 49 diuersi
959 1210 226 49 diuersimode
1125 1210 135 49 loquun-

410 1250 123 55 tur.
486 1250 154 55 Quidam
594 1250 123 55 enim
671 1250 169 55 dicunt,
793 1250 123 55 quod
870 1250 138 55 sicut
962 1250 169 55 precise
1085 1250 138 55 forma
1162 1250 92 55 con-

406 1287 193 58 secrandi,
555 1287 104 58 seu
614 1287 223 58 conficiendi
792 1287 149 58 corpus
897 1287 163 58 Christi
1015 1287 193 58 consistit
1164 1287 89 58 in
1194 1287 74 58 his

409 1330 163 57 verbis,
528 1330 104 57 hoc
587 1330 104 57 est
646 1330 148 57 corpus
749 1330 133 57 meum:
838 1330 104 57 sic
897 1330 133 57 forma
986 1330 192 57 sanguinis
1119 1330 148 57 praecise

402 1372 193 48 consistit
551 1372 89 48 in
595 1372 104 48 his
655 1372 164 48 verbis,
774 1372 104 48 hic
833 1372 104 48 est
893 1372 134 48 calix
982 1372 193 48 sanguinis
1116 1372 89 48 mei.

452 1403 122 55 Alij
528 1403 167 55 dicunt,
650 1403 122 55 quod
726 1403 137 55 debet
817 1403 122 55 addi
893 1403 137 55 noui,
985 1403 76 55 &
1015 1403 167 55 aeterni
1122 1403 152 55 testamen

410 1452 90 52 ti
455 1452 194 52 misterium
589 1452 105 52 fidei

439 1481 142 58 Adhuc
534 1481 126 58 sunt
612 1481 142 58 alij,
707 1481 110 58 qui
770 1481 173 58 dicunt,
896 1481 126 58 quod
975 1481 189 58 addendum
1116 1481 126 58 est,
1179 1481 79 58 qui

423 1533 105 56 pro
483 1533 150 56 vobis,
588 1533 75 56 &
618 1533 105 56 pro
677 1533 150 56 multis
782 1533 135 56 aliis
872 1533 209 56 effundetur
1037 1533 90 56 in
1066 1533 195 56 remissionem

411 1566 223 62 peccatorum.
589 1566 119 62 quae
664 1566 163 62 istarum
783 1566 193 62 opinionum
931 1566 149 62 verior
1035 1566 119 62 sit,
1095 1566 163 62 vsquequa-

408 1603 103 62 que
467 1603 146 62 certum
569 1603 103 62 non
628 1603 117 62 est,
701 1603 103 62 cum
760 1603 88 62 in
804 1603 190 62 scriptura
950 1603 132 62 sacra
1038 1603 117 62 haec
1112 1603 132 62 forma
1185 1603 73 62 sic

411 1651 179 44 praecise
545 1651 224 44 determinata
725 1651 105 44 non
784 1651 224 44 inueniatur,
963 1651 105 44 nec
1023 1651 134 44 etiam
1113 1651 90 44 ex
1143 1651 119 44 aliqua

397 1681 299 63 determinatione
647 1681 216 63 ecclesiae
813 1681 200 63 appareat
963 1681 116 63 sic
1013 1681 183 63 praecisa.

438 1711 156 64 Tertia
547 1711 140 64 tamen
641 1711 156 64 opinio
750 1711 171 64 tutior,
875 1711 78 64 &
906 1711 187 64 securior
1046 1711 125 64 esse
1108 1711 156 64 videtur:

415 1760 132 66 quia
498 1760 165 66 quando
614 1760 248 66 condiciones
812 1760 232 66 apponuntur
994 1760 99 66 ad
1044 1760 232 66 subiectum,
1209 1760 50 66 &

404 1799 235 68 praedicatum
592 1799 188 68 alicuius
733 1799 266 68 propositonis,
952 1799 125 68 tunc
1031 1799 204 68 huiusmodi
1172 1799 78 68 con

407 1844 174 50 diciones
538 1844 174 50 videntur
669 1844 116 50 esse
742 1844 87 50 de
785 1844 218 50 integritate
960 1844 203 50 locutionis
1105 1844 160 50 expressae

404 1880 109 66 per
467 1880 140 66 talem
560 1880 281 66 propositionem:
794 1880 109 66 sed
857 1880 140 66 omnia
950 1880 125 66 illa
1028 1880 156 66 addita
1137 1880 109 66 per
1184 1880 78 66 se-

404 1913 185 57 cundam,
539 1913 84 57 &
572 1913 185 57 tertiam
707 1913 219 57 opinionem
875 1913 135 57 sunt
959 1913 185 57 quaedam
1077 1913 185 57 condicio.

398 1964 109 45 nes
461 1964 266 45 determinantes
680 1964 234 45 praedicatum
867 1964 250 45 propositonis
1070 1964 172 45 positae
1180 1964 78 45 pro

405 2002 143 46 forma
501 2002 112 46 per
564 2002 159 46 primam
676 2002 223 46 opinionem:
851 2002 128 46 ergo
931 2002 191 46 videntur
1075 2002 128 46 esse
1154 2002 96 46 de
1186 2002 64 46 in

405 2036 198 55 tegritate
557 2036 152 55 illius
663 2036 228 55 locutionis,
846 2036 76 55 &
876 2036 106 55 per
937 2036 213 55 consequens
1104 2036 91 55 ad
1134 2036 122 55 formam

405 2071 284 65 consecrationis
642 2071 110 65 vna
705 2071 110 65 cum
768 2071 205 65 praedicta
926 2071 237 65 propositone
1099 2071 158 65 videntur

393 2120 179 44 pertinere,

457 2144 152 62 Forte
559 2144 169 62 contra
677 2144 169 62 primam
796 2144 237 62 additionem
982 2144 203 62 dicetur,
1118 2144 135 62 quodni

403 2194 130 51 uum,
484 2194 81 51 &
517 2194 195 51 aeternum
663 2194 195 51 respectu
810 2194 179 51 eiusdem
940 2194 212 51 implicant
1086 2194 163 51 contradi

398 2225 182 61 ctionem:
534 2225 121 61 ergo
610 2225 106 61 non
671 2225 167 61 possunt
792 2225 121 61 esse
868 2225 91 61 de
913 2225 136 61 forma
1004 2225 152 61 vnius,
1110 2225 76 61 &
1126 2225 136 61 eiusdem

402 2272 247 54 sacramenti.
599 2272 264 54 Consequentia
813 2272 165 54 patet.
929 2272 198 54 Probatur
1060 2272 198 54 antecedens

402 2309 120 63 quia
477 2309 180 63 aeternum
612 2309 105 63 est
673 2309 150 63 illud,
778 2309 120 63 quod
853 2309 135 63 caret
943 2309 211 63 principio:
1109 2309 105 63 sed
1154 2309 105 63 nouum

404 2346 109 56 non
467 2346 140 56 solum
560 2346 140 56 dicit
653 2346 109 56 rem
715 2346 186 56 habentem
855 2346 233 56 principium,
1041 2346 109 56 sed
1104 2346 140 56 etiam
1181 2346 78 56 im-

401 2386 195 53 plicat
537 2386 273 53 propinquum
751 2386 156 53 esse
848 2386 117 53 ad
907 2386 156 53 suum
985 2386 253 53 principium.

417 2429 73 45 2
447 2429 205 45 Praeterea,
608 2429 132 45 sicut
696 2429 161 45 sanguis
813 2429 161 45 Christi
930 2429 161 45 effufus
1047 2429 103 45 est
1106 2429 103 45 pro
1150 2429 103 45 nobis

411 2462 103 59 sic
470 2462 147 59 corpus
573 2462 162 59 Christi
690 2462 176 59 traditum
822 2462 103 59 est
881 2462 103 59 pro
940 2462 147 59 nobis,
1043 2462 132 59 sicut
1116 2462 147 59 testatur

412 2510 184 50 Christus
549 2510 107 50 uc.
611 2510 107 50 22.
672 2510 168 50 dicens,
794 2510 107 50 hoc
855 2510 107 50 est
916 2510 153 50 corpus
1024 2510 138 50 meum,
1115 2510 122 50 quod
1177 2510 76 50 pre

408 2550 136 51 vobis
498 2550 196 51 tradetur:
649 2550 106 51 Sed
709 2550 106 51 hoc
770 2550 106 51 non
830 2550 196 51 obstante,
981 2550 106 51 non
1041 2550 106 51 fit
1101 2550 151 51 mentio
1192 2550 60 51 di

416 2581 217 56 traditione
587 2581 186 56 corporis
727 2581 93 56 in
773 2581 140 56 forma
866 2581 233 56 conficiendi
1052 2581 171 56 corpus:
1161 2581 93 56 ergo

404 2625 94 51 ad
451 2625 156 51 formam
561 2625 234 51 conficiendi
748 2625 203 51 sanguinem
905 2625 109 51 non
967 2625 141 51 debet
1061 2625 156 51 mentio
1155 2625 109 51 fieri

409 2662 87 57 de
452 2662 188 57 sanguinis
582 2662 173 57 effusione.

429 2688 73 72 3
459 2688 205 72 Praeterea,
620 2688 146 72 Qraeci
722 2688 176 72 dicuntur
854 2688 103 72 vti
913 2688 103 72 sic
971 2688 146 72 forma,
1074 2688 103 72 hic
1132 2688 103 72 est
1176 2688 88 72 san-

408 2737 122 73 guis
484 2737 122 73 meus
560 2737 122 73 noui
636 2737 213 73 testamenti
803 2737 106 73 pro
864 2737 152 73 vobis,
970 2737 76 73 &
1001 2737 106 73 pro
1061 2737 152 73 mnltis
1153 2737 106 73 effu-

411 2778 113 61 lus
475 2778 97 61 in
524 2778 241 61 remissionem
717 2778 241 61 peccatorum:
910 2778 161 61 igitur
1023 2778 113 61 vel
1087 2778 161 61 Oraeci
1184 2778 80 61 non

405 2820 225 56 conficiunt,
585 2820 105 56 vel
645 2820 105 56 nos
705 2820 105 56 non
765 2820 225 56 conficimus,
944 2820 105 56 vel
1004 2820 120 56 duae
1079 2820 135 56 erunt
1154 2820 105 56 forme

408 2858 230 59 conficiendi
591 2858 199 59 sanguinem
729 2858 153 59 Christi.

448 2896 102 51 Ad
499 2896 170 51 primum
618 2896 221 51 dicendum,
788 2896 136 51 quod
873 2896 153 51 licet
975 2896 153 51 istud
1060 2896 204 51 benedictum

415 2933 185 57 Christi
550 2933 252 57 testamentum
751 2933 168 57 fuerit
869 2933 118 57 pro
936 2933 151 57 itunc
1037 2933 151 57 nouum
1121 2933 151 57 quantum

413 2972 102 51 ad
464 2972 238 51 exteriorem
651 2972 306 51 institutionem,
906 2972 85 51 &
940 2972 272 51 executionem:
1144 2972 119 51 tamen

417 3018 122 47 fuit
493 3018 183 47 aeternum
630 3018 168 47 quantum
752 3018 91 47 ad
798 3018 168 47 diuinam
920 3018 335 47 praedestinationem:
1194 3018 61 47 er

417 3051 88 63 go
461 3051 88 63 in
505 3051 117 63 illo
579 3051 132 63 dicto
667 3051 132 63 nulla
755 3051 103 63 est
813 3051 249 63 contradictio:
1018 3051 117 63 quia
1092 3051 161 63 quamuis
1194 3051 59 63 ae

418 3087 192 76 ternum,
557 3087 87 76 &
592 3087 157 76 nouum
696 3087 122 76 ibi
766 3087 209 76 dicantur
923 3087 105 76 de
975 3087 174 76 eodem:
1097 3087 122 76 hoc
1149 3087 122 76 tamen

1296 247 171 68 est
1393 247 292 68 secundum
1612 247 244 68 alium,
1783 247 122 68 &
1832 247 219 68 alium
1978 247 244 68 modum.

1328 303 94 59 Ad
1375 303 189 59 secundum
1517 303 205 59 dicendum,
1674 303 126 59 quod
1753 303 126 59 quia
1832 303 157 59 passio
1942 303 173 59 Christi
2052 303 110 59 magis

1299 351 218 49 exprimitur
1470 351 93 49 in
1517 351 140 49 forma
1610 351 233 49 conficiendi
1797 351 218 49 sanguinem,
1968 351 124 49 quam
2045 351 93 49 in
2076 351 78 49 for

1288 388 92 52 ma
1334 388 231 52 conficiendi
1519 388 169 52 corpus,
1642 388 92 52 ad
1688 388 200 52 passionem
1842 388 139 52 etiam
1934 388 139 52 magis
2011 388 139 52 videtur

1305 429 195 43 pertinere
1455 429 195 43 sanguinis
1605 429 165 43 effusio
1725 429 120 43 quam
1799 429 180 43 corporis
1934 429 195 43 traditio.
2069 429 90 43 ideo

1305 464 132 43 icet
1387 464 99 43 in
1436 464 132 43 illa
1518 464 148 43 forma
1617 464 115 43 non
1683 464 132 43 fiat
1765 464 165 43 mentio
1880 464 99 43 de
1930 464 197 43 corporis
2061 464 99 43 tra-

1299 504 182 52 ditione,
1436 504 137 52 tamen
1527 504 91 52 in
1572 504 122 52 ista
1648 504 152 52 debuit
1755 504 137 52 fieri
1846 504 152 52 mentio
1952 504 91 52 de
1983 504 167 52 sanguinis

1290 543 158 47 effusione

1332 573 98 60 Ad
1381 573 180 60 tertium
1511 573 212 60 dicendum,
1675 573 147 60 quod,
1772 573 98 60 vt
1821 573 229 60 communiter
1985 573 163 60 dicitur,

1303 621 149 50 beatus
1408 621 149 50 Petrus
1512 621 164 50 formam,
1632 621 105 50 qua
1691 621 105 50 nos
1751 621 164 50 vtimur,
1870 621 179 50 tradidit
1990 621 164 50 ecclesiae

1296 659 182 47 Romanae,
1433 659 122 47 quam
1509 659 167 47 accepit
1630 659 91 47 ex
1676 659 122 47 his,
1752 659 122 47 quae
1828 659 152 47 vidit,
1934 659 76 47 &
1965 659 167 47 audiuit
2071 659 76 47 im-

1293 700 168 48 mediate
1415 700 77 48 a
1446 700 153 48 domino
1553 700 122 48 lesu
1629 700 184 48 Christo.
1767 700 92 48 Et
1813 700 92 48 si
1859 700 184 48 instatur
1997 700 153 48 contra
2088 700 77 48 hoc

1290 737 134 48 quia
1374 737 168 48 nullus
1492 737 302 48 euangelistarum
1743 737 151 48 ponit
1844 737 134 48 hanc
1928 737 168 48 formam
2029 737 117 48 totam

1301 772 148 52 modo,
1399 772 115 52 quo
1465 772 115 52 nos
1530 772 98 52 ea
1579 772 180 52 utimur.
1710 772 213 52 Respondet
1874 772 246 52 Innocentius
2055 772 98 52 ter-

1300 815 138 50 tius,
1391 815 122 50 quod
1468 815 245 50 euangelistis
1667 815 107 50 non
1728 815 122 50 fuit
1804 815 122 50 cura
1881 815 92 50 de
1926 815 168 50 formae,
2049 815 107 50 qua
2095 815 76 50 vti

1290 856 214 43 deberemus,
1458 856 199 43 positone,
1610 856 107 43 sed
1672 856 137 43 solum
1763 856 92 43 de
1809 856 107 43 rei
1870 856 153 43 gestae
1962 856 183 43 narratione

1292 897 131 48 ideo
1373 897 180 48 quamuis
1504 897 114 48 sub
1569 897 163 48 eisdem
1684 897 163 48 verbis
1798 897 114 48 non
1863 897 229 48 inueniatur
2027 897 114 48 formi

1302 932 156 52 nostra
1411 932 93 52 in
1458 932 265 52 euangelistis,
1676 932 140 52 tamen
1769 932 109 52 non
1832 932 109 52 est
1894 932 218 52 dubitandum
2050 932 93 52 Dea-

1304 973 94 47 um
1351 973 156 47 Petrum
1461 973 109 47 eam
1523 973 78 47 a
1554 973 172 47 Christo
1679 973 219 47 accepisse,
1851 973 78 47 &
1882 973 141 47 ipsam
1976 973 109 47 sua
2023 973 125 47 aucto-

1287 1018 153 43 ritate
1394 1018 199 43 ecclesiae
1547 1018 168 43 Romanae
1669 1018 229 43 tradidisse.
1852 1018 138 43 eatus
1944 1018 138 43 etiam
2021 1018 122 43 Paulus

1297 1053 176 51 creditur
1429 1053 161 51 Qraeeis
1546 1053 205 51 tradidisse
1708 1053 161 51 formam,
1825 1053 103 51 qua
1883 1053 117 51 ipsi
1957 1053 161 51 vtutur,
2059 1053 88 51 quam

1294 1096 80 47 &
1326 1096 129 47 ipse
1406 1096 177 47 accepit
1535 1096 80 47 a
1567 1096 161 47 domino
1680 1096 129 47 Tesu
1760 1096 193 47 Christo,
1905 1096 145 47 iuxta
2001 1096 129 47 quod
2066 1096 80 47 ait

1295 1132 112 51 Ego
1359 1132 144 51 autem
1455 1132 160 51 accepi
1567 1132 80 51 a
1599 1132 176 51 domino,
1726 1132 128 51 quod
1806 1132 80 51 &
1838 1132 176 51 tradidi
1950 1132 128 51 vobis:

1299 1167 89 45 Et
1344 1167 118 45 ideo
1418 1167 192 45 credendum
1566 1167 118 45 est,
1640 1167 118 45 quod
1714 1167 104 45 tam
1773 1167 163 45 Fatini,
1891 1167 118 45 quam
1965 1167 148 45 Oraeci
2054 1167 89 45 vere

1291 1211 233 52 conficiunt.
1478 1211 124 52 Vnde
1556 1211 109 52 vna
1618 1211 109 52 est
1680 1211 140 52 forma
1774 1211 233 52 ciraecorum,
1960 1211 78 52 &
1976 1211 171 52 Latinorum

1289 1250 114 49 quo
1354 1250 97 49 ad
1402 1250 260 49 intellectum,
1613 1250 146 49 licet
1711 1250 162 49 aliquo
1824 1250 130 49 modo
1906 1250 179 49 mutetur
2035 1250 114 49 quo
2084 1250 65 49 ad

1269 1290 162 49 sensum.

1404 1362 235 88 R
1498 1362 517 88 TLCVLVS
1827 1362 188 88 I.

1318 1446 103 76 De
1369 1446 257 76 sanctissimi
1574 1446 239 76 sacramenti
1763 1446 257 76 eucbaristia
1951 1446 188 76 sumptione

1560 1517 167 59 &
1593 1517 534 59 dispensatione.

1358 1596 181 56 VANTVM
1485 1596 109 56 ad
1539 1596 200 56 tertium
1684 1596 127 56 sic
1757 1596 236 56 procedam.
1938 1596 163 56 Primo
2029 1596 127 56 circa

1407 1639 142 46 istum
1502 1639 205 46 articulum
1660 1639 126 46 pono
1739 1639 111 46 ea,
1802 1639 126 46 quae
1881 1639 221 46 communiter
2039 1639 111 46 dicu-

1283 1683 131 41 tur.
1365 1683 180 41 Secundo
1496 1683 213 41 ostendam,
1660 1683 131 41 quod
1742 1683 98 41 in
1791 1683 164 41 quodam
1906 1683 131 41 casu
1988 1683 131 41 ista
2054 1683 98 41 com-

1285 1725 144 54 munia
1381 1725 144 54 dicta
1477 1725 160 54 teneri
1589 1725 112 54 non
1637 1725 144 54 possunt

1300 1757 120 51 Quo
1369 1757 103 51 ad
1420 1757 172 51 primum
1540 1757 241 51 communiter
1730 1757 206 51 dicitur,
1884 1757 138 51 quod
1970 1757 155 51 illud
2056 1757 86 51 sa-

1295 1802 218 46 cramentum
1463 1802 234 46 tantummodo
1647 1802 84 46 a
1680 1802 184 46 ieiunis
1814 1802 151 46 debet
1915 1802 151 46 sumi,
2015 1802 134 46 nist
2082 1802 84 46 im-

1286 1841 180 47 minente
1416 1841 163 47 mortis
1530 1841 196 47 periculo
1677 1841 131 47 cont
1759 1841 147 47 ingat
1857 1841 228 47 oppositum,
2036 1841 98 47 ne
2069 1841 98 47 quis

1291 1876 175 56 decedat
1418 1876 127 56 sine
1498 1876 191 56 viatico.
1641 1876 127 56 Quia
1721 1876 143 56 cibum
1817 1876 159 56 summae
1928 1876 239 56 deuotionis,
2119 1876 80 56 &

1294 1918 218 42 reuerentiae
1469 1918 131 42 alter
1556 1918 131 42 cibus
1643 1918 102 42 non
1701 1918 131 42 debet
1788 1918 218 42 praecedere:
1963 1918 102 42 sed
2021 1918 131 42 istud
2093 1918 73 42 su-

1289 1957 208 47 cramentum
1449 1957 112 47 est
1513 1957 144 47 cibus
1609 1957 160 47 summae
1721 1957 240 47 deuotionis,
1914 1957 80 47 &
1930 1957 224 47 reuerentiae:

1289 1999 109 40 ergo
1357 1999 95 40 &c.
1412 1999 82 40 Et
1453 1999 109 40 ista
1521 1999 95 40 est
1575 1999 163 40 intentio
1698 1999 150 40 sanctae
1807 1999 136 40 matris
1902 1999 191 40 ecclesiae,
2052 1999 82 40 vt
2079 1999 68 40 pa-

1302 2035 94 50 tet
1355 2035 81 50 de
1396 2035 121 50 conse
1476 2035 121 50 dist.
1557 2035 81 50 2.
1597 2035 81 50 c.
1637 2035 81 50 si
1678 2035 107 50 quis
1745 2035 94 50 vbi
1799 2035 161 50 dicitur,
1920 2035 148 50 Placuit
2014 2035 134 50 spiritui

1284 2072 166 44 sancto,
1405 2072 90 44 vt
1450 2072 90 44 in
1495 2072 166 44 honorem
1616 2072 136 44 tanti
1706 2072 211 44 sacramenti
1872 2072 136 44 prius
1962 2072 90 44 in
2007 2072 90 44 os
2038 2072 106 44 Chri-

1297 2112 149 58 stiant
1402 2112 194 58 dominicum
1551 2112 164 58 corpus,
1670 2112 119 58 quam
1745 2112 134 58 alius
1835 2112 134 58 cibus
1924 2112 194 58 intraret.
2058 2112 90 58 Quod

1289 2159 144 52 autem
1385 2159 160 52 mortis
1497 2159 192 52 periculo
1641 2159 208 52 imminente
1801 2159 208 52 oppositum
1961 2159 144 52 fiat,
2041 2159 112 52 patet

1295 2193 105 48 per
1355 2193 194 48 commtinem
1504 2193 135 48 ritum
1594 2193 165 48 sanctae
1714 2193 150 48 matris
1804 2193 179 48 ecclesiae.

1327 2230 104 46 Sed
1387 2230 149 46 contra
1491 2230 149 46 primam
1596 2230 149 46 istius
1700 2230 239 46 conclusionis
1894 2230 164 46 videtur
2014 2230 119 46 esse
2073 2230 75 46 pri

1294 2272 190 43 mordialis
1440 2272 204 43 institutio
1601 2272 146 43 istius
1703 2272 219 43 sacramenti:
1878 2272 117 43 quia
1951 2272 160 43 dominus
2053 2272 102 43 lesus

1296 2313 171 57 Christus
1424 2313 186 57 instituit
1567 2313 128 57 istud
1653 2313 214 57 sacramentum
1824 2313 114 57 post
1895 2313 157 57 coenam:
2010 2313 100 57 cum
2052 2313 86 57 ergo

1296 2353 120 42 omnis
1376 2353 146 42 Christi
1482 2353 120 42 actio
1562 2353 133 42 nostra
1655 2353 93 42 sit
1708 2353 200 42 instructio,
1868 2353 160 42 videtur,
1987 2353 106 42 quod
2041 2353 106 42 licite

1287 2393 112 42 non
1351 2393 160 42 ieiuni
1463 2393 192 42 possimus
1607 2393 160 42 sumere
1718 2393 144 42 istud
1798 2393 224 42 sacramentum.

1307 2428 82 50 2
1339 2428 230 50 Praeterea,
1520 2428 115 50 ait
1585 2428 230 50 Apostolus.
1766 2428 115 50 Dum
1831 2428 230 50 conuenitis
2012 2428 98 50 ad
2045 2428 98 50 man-

1284 2467 192 41 ducandum
1428 2467 176 41 inuicem
1556 2467 224 41 expectate,
1733 2467 96 41 si
1781 2467 128 41 quis
1861 2467 144 41 autem
1957 2467 176 41 esurit,
2069 2467 96 41 domi

1283 2504 207 60 manducet:
1442 2504 111 60 sed
1506 2504 207 60 Apostolus
1665 2504 191 60 loquitur
1808 2504 111 60 ibi
1872 2504 95 60 de
1903 2504 239 60 manducationem

1294 2546 200 57 corporis
1444 2546 200 57 Christi:
1594 2546 133 57 ergo
1678 2546 200 57 postquam
1827 2546 133 57 domi
1894 2546 250 57 manducauerunt

1284 2586 148 48 licuit
1388 2586 104 48 eis
1447 2586 148 48 sumere
1551 2586 148 48 corpus
1654 2586 163 48 Christi
1772 2586 89 48 in
1802 2586 148 48 ecclesia

1295 2619 77 54 3
1325 2619 217 54 Praeterea,
1496 2619 155 54 saltem
1604 2619 139 54 semel
1697 2619 93 54 in
1743 2619 124 54 anno
1821 2619 186 54 videtur,
1960 2619 124 54 quod
2022 2619 124 54 liceat

1284 2660 123 61 sano
1361 2660 154 61 homini
1469 2660 123 61 post
1546 2660 154 61 coenam
1654 2660 154 61 sumere
1762 2660 154 61 corpus
1869 2660 185 61 Christi:
2008 2660 123 61 quia
2070 2660 77 61 di-

1287 2706 129 51 citur
1372 2706 86 51 de
1415 2706 129 51 conse
1501 2706 129 51 dist.
1587 2706 86 51 1.
1630 2706 200 51 sacramenta
1787 2706 157 51 altaris
1901 2706 100 51 non
1958 2706 114 51 nisi
2030 2706 71 51 a
2044 2706 100 51 ieiu-

1289 2746 111 49 nis
1353 2746 206 49 hominibus
1511 2746 254 49 celebrentur,
1718 2746 175 49 excepto
1845 2746 111 49 vno
1908 2746 111 49 die
1956 2746 190 49 anniuersa-

1290 2786 123 40 rio,
1367 2786 108 40 quo
1428 2786 139 40 coena
1521 2786 154 40 domini
1613 2786 200 40 celebratur.

1302 2822 82 50 4
1334 2822 230 50 Praeterea,
1515 2822 98 50 si
1564 2822 197 50 sufficit
1712 2822 180 50 hominem
1843 2822 131 50 esse
1925 2822 213 50 inieiunum
2072 2822 66 50 ac

1280 2860 256 55 suscipiendum
1488 2860 256 55 sacramentum,
1696 2860 112 55 qui
1760 2860 144 55 alias
1856 2860 224 55 dispositus
2032 2860 112 55 est
2080 2860 64 55 ad

1288 2899 117 58 eius
1361 2899 248 58 susceptionem,
1566 2899 117 58 tunc
1639 2899 102 58 qui
1697 2899 146 58 bibit,
1800 2899 102 58 vel
1858 2899 161 58 sumpsit
1975 2899 204 58 medicinam,

1293 2936 100 55 vel
1350 2936 85 55 de
1392 2936 199 55 electuario
1549 2936 171 55 comedit,
1677 2936 142 55 licite
1777 2936 142 55 posset
1876 2936 185 55 celebrare
2019 2936 100 55 vel
2062 2936 85 55 com-

1295 2978 195 53 munionem
1441 2978 179 53 sumere:
1571 2978 130 53 quia
1653 2978 163 53 potus,
1767 2978 81 53 &
1799 2978 163 53 maxime
1913 2978 146 53 aqua,
2011 2978 114 53 vel
2060 2978 81 53 sum

1300 3017 118 53 ptio
1374 3017 206 53 medicinae,
1536 3017 103 53 vel
1594 3017 206 53 electuarij
1756 3017 103 53 non
1815 3017 147 53 soluit
1903 3017 147 53 ieiunium

1333 3055 87 53 Ad
1377 3055 145 53 primum
1479 3055 102 53 cum
1537 3055 174 53 dicitur,
1668 3055 116 53 quod
1740 3055 203 53 institutio
1900 3055 145 53 istius
1987 3055 160 53 sacramen-

1298 3090 92 61 ti
1344 3090 107 61 est
1405 3090 154 61 contra
1513 3090 261 61 conclufionem,
1728 3090 138 61 nego,
1820 3090 138 61 sicut
1912 3090 123 61 enim
1988 3090 154 61 aliqua
2081 3090 61 61 in
