2408 3541
378 265 114 59 Sed
443 265 114 59 nec
508 265 147 59 istud
607 265 163 59 valet,
721 265 82 59 &
754 265 114 59 est
819 265 131 59 sine
901 265 229 59 probatione
1064 265 180 59 assumptum

384 321 77 45 &
414 321 108 45 est
476 321 154 45 contra
583 321 138 45 dicta
676 321 200 45 sanctorum
829 321 200 45 doctorum,
983 321 108 45 qui
1044 321 169 45 ponunt,
1152 321 92 45 quod

379 360 140 48 sacer
472 360 124 48 ordo
549 360 109 48 non
611 360 155 48 potest
720 360 124 48 dari
797 360 124 48 nisi
875 360 93 48 ab
921 360 202 48 Episcopo,
1076 360 109 48 nec
1123 360 140 48 confir-

389 411 143 36 matio
485 411 159 36 potest
596 411 127 36 dari
676 411 80 36 a
708 411 143 36 laico
803 411 271 36 quamuiscumque
1010 411 207 36 confirmato.

311 442 111 52 s

425 441 142 47 Forte
520 441 190 47 dicetur,
662 441 126 47 quod
741 441 237 47 vnumquodque
931 441 158 47 potest
1042 441 142 47 agere
1121 441 126 47 secun-

384 474 119 48 dum
452 474 187 48 formam,
588 474 136 48 quam
673 474 170 48 habet:
792 474 136 48 quia
877 474 255 48 vnumquodque
1081 474 153 48 agit,
1166 474 85 48 se-

394 515 160 51 cundum
506 515 128 51 quod
586 515 112 51 est
651 515 96 51 in
699 515 144 51 actu,
795 515 112 51 sed
859 515 160 51 laicus
971 515 241 51 confirmatus
1148 515 112 51 habet

386 564 244 41 characterem
581 564 309 41 confirmationis:
841 564 130 41 ergo
923 564 163 41 potest
1037 564 146 41 agere
1118 564 130 41 secun-

391 594 119 51 dum
459 594 220 51 huiusmodi
628 594 271 51 characterem,
849 594 85 51 &
883 594 119 51 per
951 594 237 51 consequens
1120 594 136 51 produ-

390 636 110 48 cere
459 636 110 48 sibi
514 636 124 48 simile-

427 668 217 52 Respondeo,
597 668 124 52 quod
674 668 93 52 ad
721 668 124 52 hoc,
798 668 93 52 vt
845 668 170 52 aliquis
968 668 155 52 possit
1061 668 186 52 confirmare

378 717 168 39 necesse
500 717 122 39 est,
577 717 92 39 vt
623 717 153 39 habeat
730 717 138 39 talem
822 717 245 39 characterem,
1020 717 107 39 quo
1066 717 184 39 charactere

384 752 119 55 ipse
459 752 238 55 constituitur
652 752 179 55 minister
786 752 209 55 ecclesiae:
950 752 104 55 sed
1010 752 104 55 per
1069 752 223 55 characterem

393 796 272 42 confirmationis
620 796 106 42 non
680 796 242 42 constituitur
877 796 121 42 quis
953 796 182 42 minister
1074 796 182 42 ecclesiae:

396 838 125 38 ergo
475 838 173 38 quamuis
600 838 173 38 aliquis
726 838 110 38 sit
788 838 94 38 in
836 838 125 38 actu
914 838 188 38 secundum
1055 838 235 38 characterem

392 871 276 48 confirmationis
622 871 107 48 non
683 871 153 48 habens
790 871 230 48 characterem
974 871 184 48 ordinis,
1112 871 107 48 quo
1158 871 92 48 con-

385 910 187 49 stituitur
528 910 172 49 minister
657 910 201 49 ecclesiae,
815 910 100 49 non
873 910 158 49 poterit
988 910 144 49 alteri
1074 910 172 49 characteri

398 948 278 66 confirmationis
614 948 170 66 conferre,

501 1055 616 83 ARTICVLVS
927 1055 237 83 III

444 1140 157 85 Vtrum
548 1140 227 85 susceptio
723 1140 245 85 sacramenti
898 1140 280 85 confirmationis

602 1214 112 55 sit
666 1214 223 55 necessaria
841 1214 96 55 ad
873 1214 160 55 salutem.

426 1299 195 53 VANTVM
563 1299 117 53 ad
622 1299 215 53 quartum
778 1299 254 53 articulum
973 1299 156 53 pono
1070 1299 156 53 duas
1148 1299 98 53 cor

430 1339 78 48 S
462 1339 217 48 clusiones.
632 1339 140 48 Prima
725 1339 124 48 est,
803 1339 124 48 quod
881 1339 202 48 susceptio
1036 1339 155 48 istius
1129 1339 124 48 sacra-

386 1378 140 48 menti
480 1378 109 48 non
542 1378 109 48 est
604 1378 202 48 absolute,
759 1378 78 48 &
790 1378 233 48 simpliciter
976 1378 186 48 loquendo
1100 1378 140 48 necessa

396 1420 105 46 ria
456 1420 90 46 ad
486 1420 149 46 salutem.

423 1454 74 51 1
453 1454 119 51 Quia
527 1454 148 51 illud,
631 1454 119 51 sine
705 1454 104 51 quo
764 1454 148 51 potest
868 1454 119 51 quis
942 1454 178 51 saluari,
1075 1454 104 51 hoc
1120 1454 133 51 simpli-

391 1492 141 52 citer
485 1492 188 52 loquendo
627 1492 110 52 non
689 1492 110 52 est
752 1492 235 52 necessarium
940 1492 94 52 ad
987 1492 188 52 salutem,
1129 1492 110 52 sed
1176 1492 78 52 non

390 1533 218 57 confirmatus
565 1533 145 57 potest
666 1533 174 57 saluari,
797 1533 131 57 iuxta
884 1533 145 57 illud.
986 1533 102 57 Qui
1044 1533 218 57 crediderit,
1203 1533 44 57 &

388 1577 199 53 baptixatus
544 1577 142 53 fuerit
644 1577 100 53 hic
701 1577 142 53 saluus
787 1577 85 53 erit

422 1619 78 42 2
454 1619 219 42 Praeterea,
626 1619 141 42 omnis
720 1619 188 42 decedens
861 1619 94 42 in
908 1619 157 42 gratia
1018 1619 110 42 Dei
1081 1619 204 42 saluatur,

393 1651 111 43 sed
457 1651 206 43 immediate
615 1651 190 43 decedens
758 1651 127 43 post
837 1651 206 43 baptismum
996 1651 175 43 decedit
1123 1651 95 43 in
1155 1651 95 43 gra-

393 1695 105 52 tia
453 1695 119 52 Dei,
527 1695 90 52 vt
572 1695 134 52 patet
662 1695 90 52 ex
707 1695 284 52 praecedentibus:
946 1695 119 52 ergo
1005 1695 60 52 &c

426 1733 128 46 Forte
511 1733 171 46 dicetur,
640 1733 114 46 quod
711 1733 143 46 nullus
811 1733 143 46 potest
911 1733 171 46 saluari,
1039 1733 114 46 nisi
1110 1733 100 46 sit
1153 1733 100 46 plene

390 1769 247 44 Christianus:
591 1769 108 44 sed
652 1769 124 44 sine
730 1769 216 44 sacramento
900 1769 278 44 confirmationis
1132 1769 108 44 non
1178 1769 62 44 es

392 1809 159 47 aliquis
507 1809 130 47 plene
594 1809 231 47 Christianus,
781 1809 115 47 quod
853 1809 130 47 patet
940 1809 87 47 de
983 1809 159 47 consec.
1099 1809 159 47 distin.
1200 1809 43 47 s

387 1852 110 44 vbi
450 1852 189 44 dicitur.
592 1852 142 44 Omnes
687 1852 174 44 sideles
813 1852 110 44 per
876 1852 142 44 manus
971 1852 252 44 impositionem
1160 1852 95 44 Epi-

380 1888 196 50 scoporum
527 1888 131 50 post
608 1888 212 50 baptismum
772 1888 196 50 spiritum
919 1888 180 50 sanctum
1050 1888 212 50 suscipere
1197 1888 65 50 de

395 1929 133 48 bent,
484 1929 89 48 vt
528 1929 133 48 pleni
617 1929 207 48 Christiani
764 1929 207 48 inueniantur.

435 1961 94 49 Ad
482 1961 204 49 tollendam
639 1961 141 49 istam
733 1961 220 49 instantiam
906 1961 125 49 pono
984 1961 110 49 pro
1047 1961 172 49 secunda
1157 1961 78 49 con

384 2003 208 48 clusione,
544 2003 128 48 quod
623 2003 208 48 susceptio
783 2003 287 48 confirmationis
1023 2003 160 48 homini
1118 2003 128 48 adulto

380 2042 214 43 necessaria
548 2042 107 43 est
609 2042 92 43 ad
655 2042 183 43 salutem,
792 2042 214 43 supposito,
960 2042 122 43 quod
1036 2042 198 43 plenariam
1174 2042 76 43 ha-

386 2084 130 52 beat
467 2084 293 52 opportunitatem
711 2084 147 52 ipsam
809 2084 261 52 suscipiendi,
1021 2084 212 52 priusquam
1168 2084 81 52 mo-

383 2120 171 55 riatur:
508 2120 124 55 quia
585 2120 155 55 nullus
694 2120 218 55 contemnens
865 2120 233 55 sacramentum
1052 2120 155 55 potest
1145 2120 93 55 sal-

387 2163 157 49 uari:
491 2163 122 49 sed
561 2163 174 49 habens
682 2163 191 49 plenam,
822 2163 87 49 &
856 2163 226 49 omnimodam
1013 2163 226 49 opportunit,

390 2198 108 45 tem
451 2198 232 45 suscipiendi
637 2198 293 45 confirmationem,
884 2198 77 45 &
915 2198 108 45 non
976 2198 201 45 suscipit,
1131 2198 93 45 ac
1162 2198 77 45 mo-

392 2241 139 41 ritur
484 2241 123 41 sine
561 2241 108 41 ea,
622 2241 169 41 videtur
746 2241 215 41 contemnere
915 2241 246 41 sacramentum:
1115 2241 123 41 ergo
1176 2241 62 41 &c

391 2276 98 47 Et
440 2276 114 47 per
505 2276 114 47 hoc
570 2276 146 47 patet
667 2276 98 47 ad
716 2276 244 47 instantiam:
912 2276 130 47 quia
993 2276 228 47 contemnens
1156 2276 81 47 non

385 2320 101 43 est
442 2320 144 43 plenus
543 2320 230 43 Christianus,
730 2320 86 43 vt
773 2320 158 43 dicitur
888 2320 86 43 in
931 2320 130 43 glosa
1018 2320 130 43 extra
1104 2320 86 43 de
1133 2320 115 43 sente.

385 2360 394 49 excommunicationis.
725 2360 215 49 Decretum
886 2360 161 49 autem
993 2360 233 49 allegatum
1155 2360 89 49 lo-

392 2396 156 57 quitur
502 2396 94 57 de
548 2396 172 57 adultis
673 2396 249 57 sufficientem
876 2396 281 57 opportunitatem
1094 2396 156 57 habenti-

383 2434 105 53 bus
443 2434 226 53 suscipiendi
624 2434 135 53 istud
714 2434 241 53 sacramentum,
910 2434 105 53 qui
970 2434 90 53 si
1015 2434 211 53 morerentur
1166 2434 75 53 si-

386 2475 93 47 ne
433 2475 109 47 eo:
495 2475 171 47 ratione
620 2475 218 47 contemptus
790 2475 109 47 non
853 2475 155 47 essent
961 2475 140 47 pleni
1039 2475 202 47 Christiani-

424 2519 104 46 Ad
476 2519 242 46 argumentum
666 2519 242 46 principale
856 2519 225 46 dicendum,
1029 2519 138 46 quod
1099 2519 138 46 gratis

392 2552 128 48 data
472 2552 96 48 in
520 2552 271 48 confirmatione
743 2552 176 48 quamuis
871 2552 112 48 sit
935 2552 144 48 eadem
1031 2552 192 48 secundum
1158 2552 80 48 es-

421 2593 173 54 sentiam
547 2593 110 54 cum
610 2593 157 54 gratia
720 2593 126 54 data
798 2593 94 54 in
846 2593 204 54 baptismo:
1003 2593 141 54 tamen
1081 2593 126 54 dupli-

465 2631 137 51 citer
556 2631 167 51 differt
677 2631 91 51 ab
723 2631 106 51 ea.
784 2631 137 51 Primo
875 2631 167 51 quidem:
996 2631 121 51 quia
1057 2631 106 51 addit

498 2676 94 45 ad
545 2676 171 45 gratiam
670 2676 187 45 baptismi
810 2676 156 45 gradum
904 2676 218 45 intenfiorem.

564 2703 130 49 non
639 2703 186 49 quidem
769 2703 186 49 gradum
880 2703 186 49 secundum

586 2747 205 47 essentiam,
747 2747 102 47 sed
806 2747 176 47 secundum
938 2747 132 47 esse,

615 2787 136 52 sicut
705 2787 151 52 dictum
811 2787 106 52 est
871 2787 90 52 de
901 2787 106 52 cari-

663 2822 107 56 tate
729 2822 107 56 lib.
796 2822 80 56 1.
836 2822 120 56 dist.
903 2822 67 56 17.

693 2863 208 54 Secundo:
831 2863 104 54 quia

747 2903 120 54 gratia

548 2938 280 53 confirmationis
781 2938 171 53 aliquem
906 2938 140 53 habet
983 2938 109 53 effe-

599 2983 149 55 ctum,
699 2983 133 55 quem
782 2983 116 55 non
848 2983 149 55 habet
931 2983 100 55 gra-

662 3023 94 53 tia
715 3023 175 53 baptismi,
850 3023 81 53 vt
877 3023 67 53 pa-

702 3062 110 54 tet
765 3062 94 54 ex
796 3062 126 54 prae

748 3099 116 64 dictis.

1370 263 557 82 DISTINCTIO
1768 263 278 82 ViIj.

1293 359 158 89 Lucida
1404 359 142 89 buius
1499 359 269 89 distinctionis
1720 359 190 89 diuisio,
1862 359 95 89 in
1910 359 111 89 qua
1957 359 158 89 magister

1361 440 211 57 sermonem
1520 440 106 57 de
1573 440 264 57 cucharistia
1784 440 123 57 quo
1854 440 106 57 ad
1907 440 123 57 ea,
1960 440 88 57 quo

1448 479 129 66 sunt
1528 479 97 66 de
1577 479 129 66 eius
1657 479 241 66 integritate
1834 479 129 66 felici

1577 526 113 73 ter
1625 526 210 73 ausficatur.

1514 593 170 53 OST
1611 593 365 53 SACRAMENTVM
1878 593 268 53 baptismi-

1525 634 191 55 Postquam
1669 634 191 55 magister
1812 634 255 55 determinauit
2019 634 96 55 de
2051 634 96 55 duo-

1389 644 91 74 1
1407 644 73 74 Si

1531 673 103 54 bus
1590 673 235 54 sactamentis,
1781 673 176 54 scilicet
1912 673 88 54 de
1956 673 191 54 baptismo,
2103 673 73 54 &

1533 712 283 59 confirmatione:
1769 712 110 59 hic
1832 712 236 59 prosequitur
2021 712 94 59 de
2053 712 94 59 ter-

1528 749 111 44 tio,
1597 749 180 44 scilicet,
1735 749 83 44 de
1777 749 221 44 eucharistia,
1957 749 97 44 seu
2012 749 124 44 sacra
2081 749 69 44 com

1234 753 249 79 &

1496 792 206 51 munione.
1651 792 103 51 Et
1702 792 223 51 diuiditur
1874 792 103 51 in
1926 792 137 51 duas
1994 792 155 51 partes:

1287 829 129 56 quia
1368 829 97 56 pr
1416 829 113 56 imo
1480 829 226 56 determinat
1658 829 97 56 de
1706 829 129 56 isto
1787 829 226 56 sacramento
1965 829 177 56 quantum
2077 829 65 56 ad

1282 875 108 51 ea,
1343 875 124 51 quae
1421 875 139 51 ipsum
1513 875 216 51 integrant,
1683 875 77 51 &
1714 875 232 51 perficiunt.
1900 875 170 51 Secundo
2008 875 139 51 quantum

1275 913 90 48 ad
1320 913 120 48 eos,
1395 913 105 48 qui
1456 913 135 48 ipsum
1546 913 166 48 sumunt,
1666 913 75 48 &
1696 913 211 48 conficiunt
1862 913 120 48 ibi,
1937 913 90 48 Et
1982 913 135 48 sicut
2058 913 90 48 duae

1278 949 139 45 sunt.
1370 949 139 45 Prima
1463 949 93 45 in
1510 949 139 45 duas:
1602 949 124 45 quia
1680 949 139 45 primo
1773 949 186 45 magister
1912 949 155 45 innuit
2020 949 155 45 dicto

1280 990 113 43 rum
1344 990 113 43 cum
1409 990 193 43 dicendis
1553 990 305 43 continuationem.
1810 990 177 43 Secundo
1939 990 145 43 ponit
2019 990 113 43 dice-

1273 1026 152 49 dorum
1374 1026 203 49 ordinem,
1526 1026 84 49 &
1560 1026 304 49 distinctionem,
1813 1026 135 49 ibi,
1898 1026 118 49 Hic
1965 1026 152 49 etiam
2050 1026 101 49 ante

1279 1068 130 43 alia.
1365 1068 130 43 Prima
1452 1068 87 43 in
1496 1068 130 43 duas:
1582 1068 116 43 quia
1655 1068 130 43 primo
1741 1068 203 43 praemittit
1901 1068 145 43 istius
1987 1068 145 43 sacramen

1284 1109 89 52 ti
1329 1109 223 52 dignitatem,
1508 1109 74 52 &
1537 1109 223 52 efficaciam.
1716 1109 164 52 Secundo
1835 1109 179 52 ostendit
1969 1109 119 52 eius
2029 1109 104 52 prae-

1282 1151 182 47 cessisse
1419 1151 228 47 multiplicem
1601 1151 182 47 figuram.
1738 1151 167 47 Secunda
1859 1151 122 47 ibi,
1935 1151 137 47 Cuius
2011 1151 122 47 figura

1268 1180 184 54 praecessit.

1281 1220 120 51 Tunc
1356 1220 180 51 sequitur
1491 1220 120 51 illa
1566 1220 135 51 pars.
1656 1220 105 51 Hic
1716 1220 135 51 etiam
1806 1220 120 51 ante
1881 1220 135 51 alia.
1971 1220 90 51 Et
2001 1220 135 51 diuidi-

1276 1264 105 55 tur
1336 1264 90 55 in
1381 1264 120 55 duas
1456 1264 165 55 partes:
1577 1264 120 55 quia
1652 1264 150 55 primo,
1757 1264 210 55 praemittit
1922 1264 165 55 quatuor
2043 1264 105 55 hic
2088 1264 60 55 es

1277 1301 86 44 se
1320 1301 171 44 dicenda,
1448 1301 171 44 scilicet
1576 1301 86 44 de
1619 1301 143 44 istius
1719 1301 200 44 sacramenti
1876 1301 243 44 institutione,
2061 1301 86 44 for-

1274 1341 115 45 ma,
1339 1341 247 45 sacramento,
1537 1341 82 45 &
1570 1341 99 45 re
1620 1341 247 45 sacramenti.
1817 1341 181 45 Secundo
1933 1341 214 45 prosequitur

1278 1384 95 42 de
1326 1384 127 42 his,
1405 1384 127 42 ibi,
1484 1384 238 42 Sacramentum
1674 1384 174 42 dominus
1801 1384 222 42 instituit.
1976 1384 95 42 Et
2023 1384 127 42 haec
2087 1384 63 42 in

1280 1423 140 37 tres:
1374 1423 109 37 Nam
1436 1423 140 37 primo
1530 1423 218 37 determinat
1701 1423 94 37 de
1748 1423 156 37 istius
1857 1423 218 37 sacramenti
2013 1423 125 37 insti-

1283 1456 198 47 tutione.
1432 1456 182 47 Secundo
1565 1456 99 47 de
1614 1456 165 47 forma.
1730 1456 165 47 Tertio
1846 1456 149 47 simul
1945 1456 99 47 de
1978 1456 149 47 scramen

1287 1496 105 54 to,
1347 1496 75 54 &
1377 1496 90 54 re
1422 1496 225 54 sacramenti.
1602 1496 165 54 Secunda
1723 1496 120 54 ibi,
1798 1496 135 54 forma
1888 1496 120 54 vero
1963 1496 120 54 est.
2023 1496 120 54 Tertia

1281 1534 120 55 ibi,
1356 1534 120 55 Nunc
1432 1534 120 55 quid
1507 1534 105 55 ibi
1567 1534 105 55 sit
1612 1534 211 55 sacramentum.

1310 1577 140 52 Circa
1404 1577 140 52 istam
1497 1577 264 52 distinctionem
1699 1577 140 52 quaero.

1546 1651 304 85 Quaestio
1749 1651 101 85 1.

1422 1743 109 77 An
1476 1743 273 77 Eucharistia
1694 1743 127 77 sit
1749 1743 236 77 dignissimum

1536 1807 306 64 sacrametitum.

1347 2314 166 52 TRVM
1451 2314 166 52 EVCh
1555 2314 229 52 ARISTIA
1722 2314 146 52 sit
1805 2314 312 52 dignissimum
2034 2314 104 52 sa-

1287 2335 90 69 V
1323 2335 253 69 cramentum.
1522 2335 217 69 Videtur,
1684 2335 145 69 quod
1757 2335 108 69 non-

1303 2398 131 62 Quia
1384 2398 131 62 quod
1466 2398 114 62 non
1531 2398 114 62 est
1597 2398 261 62 sacramentum,
1809 2398 114 62 hoc
1875 2398 114 62 non
1940 2398 114 62 est
1989 2398 147 62 dignis-

1271 2432 149 59 simum
1371 2432 264 59 sacramentum:
1585 2432 248 59 Fucharistia
1783 2432 116 59 non
1849 2432 116 59 est
1899 2432 231 59 sacramentum,

1271 2484 97 54 vt
1319 2484 195 54 videtur:
1465 2484 130 54 ergo
1546 2484 113 54 &c.
1611 2484 146 54 Maior
1709 2484 146 54 patet
1806 2484 113 54 per
1871 2484 146 54 locum
1968 2484 81 54 a
2000 2484 130 54 toto
2065 2484 65 54 in

1274 2514 134 62 modo
1358 2514 100 62 ad
1408 2514 134 62 suam
1492 2514 167 62 partem
1609 2514 100 62 in
1659 2514 134 62 modo
1742 2514 217 62 negatiue.
1910 2514 150 62 Minor
1993 2514 134 62 proba-

1274 2554 130 54 tur:
1355 2554 130 54 quia
1436 2554 130 54 quod
1518 2554 114 54 non
1583 2554 114 54 est
1648 2554 130 54 vnum
1729 2554 260 54 sacramentum,
1940 2554 114 54 hoc
2005 2554 114 54 non
2054 2554 81 54 est

1271 2593 263 57 sacramentum,
1484 2593 115 57 sed
1550 2593 247 57 eucharistia
1748 2593 115 57 non
1813 2593 115 57 est
1879 2593 132 57 vnum
1945 2593 181 57 sacramen-

1271 2635 131 58 tum:
1352 2635 131 58 ergo
1434 2635 114 58 &c.
1499 2635 147 58 Maior
1597 2635 163 58 patet:
1712 2635 131 58 quia
1793 2635 114 58 per
1858 2635 131 58 idem
1940 2635 114 58 est
1989 2635 147 58 aliquid

1266 2677 132 49 ens,
1348 2677 82 49 &
1381 2677 132 49 vnum
1463 2677 132 49 ens;
1546 2677 99 49 vt
1595 2677 198 49 dicitur.
1743 2677 99 49 4.
1793 2677 231 49 Metaphysi.
1974 2677 99 49 Et
2024 2677 148 49 eadem

1263 2710 133 59 ratio
1352 2710 103 59 est
1411 2710 177 59 hominis,
1543 2710 74 59 &
1572 2710 133 59 vnius
1661 2710 177 59 hominis,
1793 2710 88 59 vt
1838 2710 162 59 dicitur
1955 2710 88 59 t,
1985 2710 147 59 elencho-

1262 2757 126 47 rum.
1341 2757 141 47 Minor
1435 2757 141 47 etiam
1529 2757 157 47 patet:
1639 2757 126 47 quia
1717 2757 157 47 vnitas
1827 2757 110 47 rei
1890 2757 110 47 vol
1953 2757 110 47 est
2015 2757 94 47 ex
2047 2757 94 47 vni-

1270 2789 112 58 tate
1340 2789 182 58 materiae,
1480 2789 98 58 vel
1537 2789 84 58 ex
1579 2789 154 58 vnitate
1691 2789 154 58 formae,
1803 2789 98 58 sed
1859 2789 84 58 in
1901 2789 211 58 eucharistia
2056 2789 70 58 ess

1269 2828 154 59 duplex
1376 2828 185 59 materia,
1515 2828 185 59 scilicet
1653 2828 154 59 panis,
1761 2828 77 59 &
1792 2828 154 59 vinum,
1899 2828 77 59 &
1930 2828 154 59 duplex
2022 2828 108 59 forma

1262 2863 126 58 huic
1341 2863 173 58 duplici
1467 2863 189 58 materiae
1593 2863 237 58 correspondens

1302 2913 164 53 Contra
1417 2913 148 53 tanto
1515 2913 247 53 sacramentum
1713 2913 115 53 est
1779 2913 197 53 dignius,
1927 2913 164 53 quanto
2025 2913 99 53 con-

1270 2948 167 50 tentum
1387 2948 117 50 sub
1454 2948 250 50 sacramento,
1654 2948 83 50 &
1687 2948 217 50 exhibitum
1854 2948 117 50 per
1921 2948 250 50 sacramentum

1280 2985 97 60 st
1328 2985 211 60 nobilius:
1491 2985 114 60 sed
1556 2985 114 60 sub
1621 2985 243 60 eucharistia
1815 2985 227 60 continetur
1978 2985 162 60 Christus

1265 3024 136 66 Deus,
1356 3024 76 66 &
1386 3024 136 66 homo,
1476 3024 106 66 quo
1537 3024 136 66 nihil
1627 3024 151 66 potest
1733 3024 121 66 esse
1809 3024 196 66 nobilius:
1960 3024 121 66 ergo
2035 3024 106 66 &c.
2081 3024 60 66 In

1264 3064 116 60 ista
1337 3064 160 60 quaest.
1453 3064 174 60 quattuor
1584 3064 116 60 sunt
1656 3064 174 60 videnda.
1787 3064 131 60 Primo
1874 3064 87 60 de
1918 3064 145 60 istius
2005 3064 116 60 sacra-

1276 3103 131 54 menti
1364 3103 248 54 institutione.
1568 3103 146 54 Secudo
1670 3103 87 54 de
1713 3103 116 54 eius
1786 3103 146 54 forma,
1888 3103 73 54 &
1903 3103 218 54 consecratione
