2413 3530
224 269 107 59 tem
285 269 260 59 necessitatem,
499 269 137 59 puta,
590 269 92 59 si
636 269 107 59 non
697 269 198 59 obuiaret,
850 269 122 59 quod
926 269 122 59 tunc
987 269 107 59 cade-

229 324 100 50 ret
286 324 86 50 in
329 324 158 50 aliquem
444 324 158 50 ineptum
558 324 143 50 locum,
659 324 129 50 puta,
745 324 86 50 in
788 324 143 50 lutum,
888 324 100 50 vel
946 324 86 50 in
974 324 115 50 ignem,

220 363 84 40 &
254 363 201 40 similia.
404 363 100 40 Ad
454 363 251 40 probationem
655 363 117 40 cum
722 363 201 40 dicitur,
873 363 134 40 quod
956 363 117 40 non
1006 363 84 40 mi-

220 402 107 45 nus
281 402 107 45 est
342 402 183 45 Christum
479 402 168 45 tangere
601 402 198 45 realiter,
754 402 122 45 quam
815 402 275 45 sacramentaliter;

219 440 138 46 dico,
311 440 123 46 quod
388 440 138 46 licet
480 440 108 46 non
541 440 108 46 sit
603 440 138 46 minus
695 440 184 46 secundum
833 440 108 46 se:
894 440 138 46 tamen
987 440 92 46 si
1017 440 77 46 at-

220 480 206 53 tendimus
374 480 172 53 modum,
495 480 120 53 quo
563 480 206 53 Christus
718 480 103 53 se
770 480 172 53 habuit
890 480 137 53 tunc
959 480 137 53 quando

222 519 138 61 tangi
314 519 153 61 potuit
421 519 199 61 realiter,
574 519 77 61 &
604 519 138 61 nunc,
696 519 107 61 cum
758 519 184 61 tangitur
880 519 199 61 sacramentam

220 560 152 44 liter,
326 560 198 44 apparebit
478 560 213 44 immediate,
645 560 122 44 quod
721 560 213 44 similitudo
888 560 106 44 non
949 560 137 44 valet
1025 560 61 44 ac

235 598 236 49 propositum:
424 598 126 49 quia
503 598 126 49 tunc
582 598 95 49 se
629 598 158 49 habuit
740 598 110 49 per
803 598 142 49 modum
897 598 173 49 medici:
1007 598 95 49 nunc

230 638 146 49 autem
327 638 98 49 se
376 638 146 49 habet
474 638 114 49 per
539 638 146 49 modum
636 638 212 49 medicinae
799 638 260 49 fortissimae,
994 638 98 49 quae

222 674 111 50 non
286 674 191 50 congruit
429 674 207 50 aliquibus
588 674 207 50 infirmis,
748 674 111 50 sed
811 674 223 50 tantummodo
971 674 127 50 sanis:

225 716 88 45 Et
269 716 117 45 quia
342 716 175 45 infirmus
474 716 102 45 non
532 716 102 45 est
590 716 204 45 prohibitus
751 716 73 45 a
780 716 131 45 tactu
868 716 146 45 ipsius
956 716 131 45 medici,

226 753 220 50 prohibetur
399 753 142 50 tamen
494 753 79 50 a
525 753 189 50 medicina
667 753 236 50 fortissima,
855 753 126 50 quae
934 753 142 50 nullo
1012 753 79 50 mo-

220 795 95 46 do
268 795 126 46 sibi
347 795 205 46 congruit;
505 795 126 46 ldeo
584 795 142 46 dato,
678 795 126 46 quod
757 795 95 46 ab
805 795 174 46 infirmo
915 795 174 46 peccatore

230 833 176 41 Christus
362 833 117 41 tunc
436 833 176 41 realiter
568 833 161 41 fuisset
685 833 147 41 tactus
788 833 117 41 sine
861 833 205 41 contagione
1008 833 88 41 noui

223 873 169 53 peccati:
350 873 99 53 hoc
406 873 127 53 tamen
491 873 99 53 non
547 873 155 53 fieret,
660 873 85 53 si
702 873 169 53 peccator
829 873 113 53 sine
900 873 169 53 euidenti
1013 873 71 53 ne-

234 916 195 48 cessitate
384 916 150 48 corpus
489 916 165 48 Christi
609 916 120 48 nunc
683 916 285 48 sacramentaliter
908 916 165 48 tangeret.

367 987 562 85 DISTINCTIO
768 987 161 85 x.

226 1102 116 64 Non
293 1102 182 64 obscura
425 1102 149 64 huius
525 1102 282 64 distinctionis
757 1102 199 64 diuisio,
907 1102 100 64 in
956 1102 116 64 qua
1006 1102 83 64 eo-

291 1143 117 72 rum
358 1143 200 72 haeresis
508 1143 250 72 improbatur,
709 1143 117 72 qui
776 1143 167 72 corpus
876 1143 150 72 christi

380 1185 186 79 asserunt
519 1185 93 79 in
566 1185 155 79 altari
674 1185 186 79 reperiri
798 1185 124 79 veluti

536 1244 259 63 in
622 1244 346 63 signo.

514 1328 157 70 VNT
603 1328 202 70 AVTEM
738 1328 202 70 AL11.
873 1328 270 70 Postquam

542 1378 191 56 magister
685 1378 206 56 reprobaut
844 1378 175 56 errorem
971 1378 143 56 illo¬

540 1415 122 52 rum,
616 1415 107 52 qui
677 1415 199 52 dicebant,
830 1415 122 52 quod
907 1415 153 52 corpus
998 1415 92 52 Chri

549 1455 105 46 sti
609 1455 150 46 tantum
714 1455 120 46 modo
789 1455 165 46 sumitur
909 1455 75 46 a
939 1455 150 46 bonis,
1044 1455 75 46 &

387 1456 120 73 a

549 1500 108 41 non
610 1500 77 41 a
641 1500 154 41 malis:
749 1500 108 41 hic
810 1500 169 41 incipit
918 1500 169 41 reprobare

428 1526 90 53 que

549 1534 166 45 errorem
669 1534 181 45 illorum,
805 1534 105 45 qui
865 1534 181 45 dixerunt
986 1534 105 45 verum

555 1578 147 47 corpus
658 1578 162 47 Christi
776 1578 103 47 non
834 1578 117 47 esse
908 1578 88 47 in
937 1578 147 47 sacramen

370 1576 188 86 ga

550 1616 85 54 to
592 1616 170 54 altaris.
720 1616 85 54 Et
762 1616 184 54 diuiditur
904 1616 85 54 in
946 1616 113 54 duas
1003 1616 85 54 par-

206 1653 127 49 tes:
285 1653 127 49 quia
365 1653 143 49 primo
460 1653 143 49 istum
555 1653 175 49 errorem
682 1653 111 49 cum
746 1653 127 49 suis
825 1653 175 49 motiuis
936 1653 143 49 recitat

211 1700 184 47 Secundo
345 1700 168 47 eundem
463 1700 184 47 errorem
597 1700 251 47 testimoniis
798 1700 218 47 veritatis
949 1700 134 47 impro-

227 1733 109 44 bat,
295 1733 109 44 ibi,
363 1733 122 44 Haec,
445 1733 68 44 &
472 1733 95 44 his
526 1733 163 44 similia.
648 1733 122 44 Prima
730 1733 95 44 est
784 1733 190 44 praesentis
920 1733 163 44 lectionis,

216 1771 94 45 Et
263 1771 204 45 diuiditur
420 1771 94 45 in
467 1771 141 45 duas:
562 1771 110 45 nam
624 1771 188 45 magister
765 1771 141 45 primo
860 1771 173 45 adducit
969 1771 126 45 istius

211 1812 185 53 erroris
346 1812 269 53 probationes.
564 1812 185 53 Secundo
699 1812 101 53 ad
749 1812 218 53 huiusmodi
900 1812 185 53 probatio-

224 1851 102 48 nes
283 1851 102 48 dat
341 1851 132 48 veras
429 1851 219 48 resposiones
605 1851 117 48 ibi,
678 1851 117 48 Quae
751 1851 88 48 ex
795 1851 132 48 eadem
882 1851 175 48 ratione.
999 1851 88 48 Pri-

223 1892 94 48 ma
270 1892 94 48 in
317 1892 141 48 duas:
411 1892 125 48 quia
489 1892 141 48 primo
583 1892 188 48 ostendit
724 1892 125 48 hunc
802 1892 172 48 errorem
911 1892 172 48 accepisse

218 1933 239 40 fundamentum
410 1933 96 40 ex
457 1933 160 40 dictis
569 1933 223 40 euangelij.
745 1933 176 40 Secundo
872 1933 192 40 ostendit
1000 1933 80 40 hoc

210 1969 118 46 adem
284 1969 88 46 ex
328 1969 147 46 dictis
431 1969 206 46 Augustini,
592 1969 118 46 ibi,
666 1969 118 46 Sunt
739 1969 132 46 etiam
827 1969 73 46 &
857 1969 132 46 alia.
930 1969 147 46 Sequitur

212 2009 116 46 alla
285 2009 131 46 pars,
372 2009 116 46 Quae
445 2009 87 46 ex
488 2009 131 46 eadem
575 2009 174 46 ratione.
706 2009 87 46 Et
749 2009 189 46 diuiditur
894 2009 87 46 in
938 2009 116 46 tres
996 2009 87 46 par-

212 2046 127 45 tes:
291 2046 127 45 quia
371 2046 143 45 primo
466 2046 254 45 auctoritatum
672 2046 222 45 adductarum
847 2046 111 45 pro
910 2046 127 45 illo
974 2046 111 45 erro-

205 2091 96 47 re
253 2091 144 47 ponit
349 2091 271 47 expositionem.
572 2091 175 47 Secundo
699 2091 191 47 ostendit
843 2091 128 47 vnam
907 2091 175 47 auctorita

212 2129 109 51 tem
275 2129 203 51 Augustini
431 2129 94 51 in
478 2129 203 51 praesenti
635 2129 203 51 proposito
791 2129 156 51 facere
900 2129 219 51 singularem

216 2165 252 48 dubitationem.
424 2165 89 48 Et
468 2165 148 48 tertio
572 2165 148 48 illius
676 2165 237 48 auctoritatis
869 2165 148 48 innuit
958 2165 119 48 decla-

225 2210 195 39 rationem.
375 2210 165 39 Secunda
495 2210 120 39 ibi,
570 2210 150 39 Deinde
676 2210 150 39 addit.
781 2210 165 39 Tertia,
901 2210 120 39 ibi,
961 2210 120 39 Atten-

215 2241 91 51 de
260 2241 106 51 his
321 2241 227 51 diligenter.
503 2241 121 51 Quia
579 2241 121 51 iste
655 2241 136 51 error
745 2241 152 51 maxime
852 2241 91 51 se
897 2241 182 51 fundabat
1018 2241 61 51 in

209 2287 118 45 hoc,
283 2287 118 45 quod
357 2287 148 45 corpus
461 2287 163 45 Christi
579 2287 104 45 est
638 2287 89 45 in
683 2287 148 45 coelo:
786 2287 118 45 ideo
860 2287 104 45 non
919 2287 148 45 potest
1008 2287 74 45 es-

222 2323 87 57 se
266 2323 87 57 in
310 2323 160 57 altari,
426 2323 102 57 cum
484 2323 116 57 vnum
557 2323 145 57 corpus
659 2323 102 57 non
717 2323 145 57 possit
818 2323 131 57 simul
906 2323 116 57 esse
978 2323 87 57 in
1007 2323 73 57 plu

218 2363 134 51 ribus
308 2363 149 51 locis;
412 2363 149 51 igitur
517 2363 149 51 quaero
621 2363 119 51 hanc
681 2363 209 51 quaestionem.

499 2435 248 90 Quaestio
686 2435 124 90 A,
727 2435 62 90 i

240 2549 119 69 An
300 2549 199 69 corpus
439 2549 218 69 Christi
598 2549 238 69 pluribus
776 2549 119 69 in
816 2549 139 69 locis

513 2587 167 70 possit
613 2587 184 70 reperiri.

283 3022 125 47 TRVM
362 3022 156 47 corpus
471 3022 172 47 Christi
596 3022 141 47 simul
690 3022 156 47 possit
799 3022 125 47 esse
878 3022 94 47 in
909 3022 172 47 pluribus.

185 3033 92 92 V
221 3033 221 92 Videtur,
387 3033 148 92 quod
480 3033 148 92 non.
572 3033 148 92 Quia
664 3033 148 92 vnum
756 3033 258 92 indiuiduum
959 3033 129 92 non
1014 3033 74 92 po

1120 264 113 63 test
1191 264 113 63 esse
1261 264 85 63 in
1304 264 127 63 locis
1388 264 184 63 diuersis:
1530 264 99 63 sed
1586 264 141 63 corpus
1685 264 155 63 Christi
1798 264 99 63 est
1855 264 113 63 vnum
1911 264 71 63 in-

1133 321 200 45 diuiduum.
1287 321 139 45 Maior
1379 321 154 45 patet:
1487 321 123 45 quia
1564 321 92 45 da
1610 321 216 45 oppositum,
1780 321 123 45 tunc
1841 321 139 45 indiui-

1121 365 128 64 duum
1201 365 128 64 erit
1281 365 192 64 diuisum:
1425 365 128 64 quia
1505 365 144 64 iuxta
1602 365 176 64 locorum
1730 365 224 64 diuisionem
1890 365 96 64 diui

1131 402 150 53 duntur
1236 402 120 53 ipsa
1311 402 165 53 locata.
1431 402 135 53 Minor
1521 402 135 53 patet
1611 402 90 53 de
1641 402 60 53 se

1155 444 89 53 In
1200 444 208 53 contrarium
1363 444 104 53 est
1423 444 134 53 fides
1512 444 164 53 sancta,
1631 444 119 53 quae
1705 444 134 53 ponit
1795 444 149 53 corpus
1884 444 104 53 Chri-

1127 475 94 48 sti
1180 475 121 48 simul
1261 475 107 48 esse
1328 475 81 48 in
1368 475 134 48 coelo,
1462 475 67 48 &
1489 475 81 48 in
1529 475 148 48 altari,
1637 475 67 48 &
1664 475 121 48 simul
1744 475 121 48 etiam
1825 475 107 48 esse
1892 475 81 48 in
1919 475 67 48 plu

1125 521 138 41 ribus
1217 521 215 41 altaribus.
1386 521 108 41 Hic
1448 521 185 41 quattuor
1586 521 123 41 sunt
1663 521 185 41 videnda,
1801 521 138 41 Primo
1878 521 108 41 vtrum

1129 556 142 47 corpus
1228 556 156 47 Christi
1341 556 142 47 possi:
1441 556 128 47 simul
1526 556 113 47 esse
1596 556 85 47 in
1639 556 170 47 pluribus
1766 556 128 47 locis
1837 556 142 47 locali-

1124 599 124 53 ter.
1202 599 171 53 Secundo
1327 599 140 53 vtrum
1420 599 156 53 possit
1529 599 140 53 simul
1622 599 124 53 esse
1700 599 93 53 in
1747 599 187 53 pluribus
1871 599 109 53 locis

1126 637 295 47 sacramentaliter.
1377 637 148 47 Tertio
1480 637 133 47 vtrum
1569 637 89 47 in
1613 637 103 47 vno
1672 637 118 47 loco
1746 637 207 47 localiter,
1908 637 74 47 &
1923 637 59 47 in

1120 678 130 68 alio
1201 678 324 68 sacramentaliter.
1476 678 162 68 Quarto
1590 678 146 68 vtrum
1687 678 162 68 humana
1784 678 195 68 cognitione

1127 719 138 65 possit
1224 719 166 65 cognosci
1349 719 97 65 ibi
1404 719 125 65 esse,
1487 719 97 65 vbi
1542 719 97 65 est
1584 719 249 65 sacramentaliter.

1274 784 307 85 RES
1406 784 394 85 OLVTIO.

1126 894 131 58 corpus
1218 894 131 58 quidem
1310 894 145 58 christi
1415 894 158 58 pluribus
1533 894 79 58 in
1573 894 118 58 locis
1651 894 105 58 esse
1717 894 105 58 haud
1783 894 145 58 diuinae
1875 894 105 58 repu-

1169 943 102 49 quat
1233 943 141 49 virtuti
1336 943 90 49 cum
1387 943 179 49 praesertim
1527 943 77 49 in
1566 943 166 49 diuersis,
1694 943 154 49 diuersis
1809 943 115 49 tamen
1873 943 115 49 vationi

1150 982 104 47 bus,
1215 982 195 47 reperiatur,
1371 982 156 47 siquidem
1488 982 78 47 in
1527 982 130 47 coele,
1619 982 182 47 localiter,
1762 982 78 47 in
1801 982 130 47 verbo.
1879 982 104 47 perso.

1147 1018 161 42 naliter,
1268 1018 81 42 in
1308 1018 148 42 altari,
1415 1018 269 42 sacramentaliter,
1644 1018 161 42 secundum
1765 1018 134 42 igitur
1859 1018 108 42 hunc
1913 1018 67 42 po-

1154 1057 147 66 stremum
1260 1057 160 66 diuersis
1381 1057 120 66 locis
1461 1057 160 66 veperiri
1581 1057 107 66 haud
1648 1057 107 66 erit
1715 1057 214 66 impossibile,
1875 1057 120 66 diuersa

1150 1100 132 50 tamen
1224 1100 146 50 ratione.

1243 1172 230 70 AR
1358 1172 384 70 TICVLV
1626 1172 192 70 S
1665 1172 153 70 1.

1185 1212 140 83 Vtrum
1279 1212 156 83 corpus
1388 1212 171 83 christi
1513 1212 156 83 possit
1622 1212 140 83 simul
1715 1212 125 83 esse
1793 1212 93 83 in
1824 1212 78 83 pli

1380 1281 139 66 ribus
1472 1281 139 66 locis
1549 1281 185 66 localiter.

1186 1351 173 78 VANTVM
1307 1351 104 78 ad
1358 1351 173 78 primum
1479 1351 121 78 sic
1548 1351 224 78 procedam:
1721 1351 138 78 quia
1807 1351 104 78 ad
1842 1351 138 78 vtram-

1160 1418 77 46 m
1190 1418 108 46 que
1252 1418 154 46 partem
1359 1418 292 46 contradictionis
1605 1418 154 46 istius
1713 1418 184 46 articuli
1851 1418 123 46 sunt
1913 1418 61 46 ma

1116 1456 178 52 onorum
1241 1456 213 52 doctorum
1400 1456 249 52 opiniones:
1596 1456 142 52 ideo
1684 1456 107 52 ad
1720 1456 266 52 magnificandum

1128 1500 174 39 liuinam
1254 1500 205 39 potentiam
1412 1500 95 39 ad
1459 1500 189 39 praesens
1601 1500 142 39 teneo
1696 1500 158 39 partem
1791 1500 189 39 affirmati-

1110 1541 140 65 uam.
1198 1541 193 65 Secundo
1338 1541 175 65 contra
1461 1541 123 65 eam
1531 1541 158 65 ducam
1636 1541 193 65 aliorum
1776 1541 210 65 doctorum
1916 1541 70 65 mo

1114 1575 143 45 tiua,
1209 1575 79 45 &
1241 1575 143 45 ipsis
1336 1575 174 45 quantum
1463 1575 159 45 potero
1558 1575 206 45 respondebo.

1135 1605 149 54 Primo
1235 1605 165 54 igitur
1350 1605 116 54 pro
1417 1605 248 54 conclusione
1615 1605 149 54 arguo
1714 1605 132 54 Sic.
1797 1605 116 54 Duo
1847 1605 132 54 corpo-

1119 1651 88 54 ra
1163 1651 146 54 diuina
1265 1651 161 54 virtute
1382 1651 161 54 possunt
1499 1651 117 54 esse
1572 1651 190 54 localiter
1718 1651 88 54 in
1762 1651 131 54 eodem
1850 1651 131 54 loco;
1923 1651 73 54 er-

1115 1693 89 54 go
1160 1693 119 54 vnum
1234 1693 149 54 corpus
1338 1693 149 54 potest
1443 1693 119 54 esse
1517 1693 194 54 localiter
1666 1693 89 54 in
1711 1693 149 54 duobus
1815 1693 149 54 locis,

1136 1724 254 57 Consequentia
1343 1724 159 57 patet:
1454 1724 127 57 quia
1533 1724 111 57 non
1597 1724 175 57 videtur
1724 1724 127 57 esse
1803 1724 143 57 minor
1883 1724 95 57 repu

1112 1774 185 42 gnantia
1246 1774 101 42 in
1297 1774 268 42 antecedente,
1515 1774 134 42 quam
1599 1774 101 42 in
1649 1774 268 42 consequente.
1851 1774 117 42 Tanta

1117 1817 133 51 enim
1201 1817 250 51 repugnantia
1401 1817 183 51 videtur
1534 1817 133 51 esse
1618 1817 100 51 in
1668 1817 267 51 antecedente,
1868 1817 100 51 quod

1112 1846 178 56 Aristo.
1241 1846 97 56 2.
1290 1846 226 56 Physicorum
1467 1846 210 56 concedit,
1629 1846 129 56 quod
1710 1846 113 56 qua
1774 1846 178 56 ratione
1887 1846 81 56 duo

1126 1889 163 54 torpora
1245 1889 133 54 simul
1334 1889 163 54 possent
1452 1889 119 54 esse
1526 1889 89 54 in
1571 1889 133 54 eodem
1660 1889 133 54 loco,
1749 1889 89 54 ea
1793 1889 163 54 ratione
1897 1889 74 54 in-

1118 1924 144 50 finita
1219 1924 159 50 possent
1334 1924 115 50 esse
1406 1924 144 50 simul:
1507 1924 101 50 sed
1565 1924 202 50 antecedens
1723 1924 115 50 fide
1795 1924 173 50 tenemus:
1911 1924 72 50 nam

1120 1964 89 63 da
1165 1964 209 63 oppositum,
1329 1964 119 63 tunc
1403 1964 179 63 Christus
1538 1964 104 63 non
1597 1964 164 63 fuisset
1717 1964 134 63 natus
1806 1964 89 63 de
1836 1964 134 63 virgine

1117 2004 126 53 salua
1201 2004 225 53 virginitate,
1384 2004 98 53 nec
1440 2004 154 53 clausis
1552 2004 140 53 ianuis
1650 2004 84 53 ad
1692 2004 196 53 discipulos
1833 2004 140 53 introis-

1119 2043 119 62 set,
1193 2043 104 62 nec
1253 2043 89 62 in
1297 2043 104 62 sua
1356 2043 193 62 ascesione
1505 2043 119 62 sine
1579 2043 178 62 coelorum
1712 2043 252 62 dilaceratione
1905 2043 74 62 cum

1126 2083 166 44 torpore
1246 2083 105 44 suo
1307 2083 105 44 per
1367 2083 135 44 omnes
1457 2083 151 44 coelos
1547 2083 196 44 ascendisset

1151 2121 110 62 Sed
1214 2121 110 62 est
1277 2121 157 62 quidam
1387 2121 173 62 doctor,
1513 2121 110 62 qui
1576 2121 220 62 praedictam
1749 2121 267 62 consequentiam

1108 2170 156 34 negat:
1218 2170 140 34 Quia,
1311 2170 94 34 vt
1358 2170 125 34 ipse
1436 2170 125 34 ait,
1514 2170 125 34 vnum
1592 2170 156 34 corpus
1701 2170 125 34 esse
1779 2170 140 34 simul
1872 2170 94 34 in
1903 2170 94 34 duo-

1121 2208 112 54 bus
1185 2208 144 54 locis
1281 2208 192 54 implicat
1425 2208 320 54 contradictionem:
1698 2208 112 54 duo
1762 2208 144 54 autem
1842 2208 128 54 corpo-

1110 2246 100 59 ra
1160 2246 133 59 esse
1244 2246 150 59 simul
1344 2246 100 59 in
1394 2246 133 59 vno,
1477 2246 83 59 &
1510 2246 150 59 eodem
1610 2246 133 59 loco
1694 2246 233 59 tantummodo
1860 2246 117 59 repu-

1121 2283 116 42 gnat
1193 2283 159 42 propter
1309 2283 246 42 resistentiam,
1511 2283 101 42 qua
1569 2283 116 42 vnum
1641 2283 174 42 resistit
1771 2283 145 42 alteri
1873 2283 87 42 in
1902 2283 72 42 eo-

1120 2315 105 62 dem
1180 2315 135 62 loco,
1270 2315 120 62 quae
1346 2315 226 62 resistentia
1526 2315 135 62 inest
1616 2315 211 62 corporibus
1782 2315 165 62 ratione
1887 2315 90 62 suae

1127 2361 202 43 grossiciei:
1288 2361 108 43 Haec
1356 2361 121 43 autem
1437 2361 189 43 grossicies
1585 2361 162 43 tollitur
1706 2361 81 43 in
1747 2361 189 43 corporibus
1895 2361 108 43 glo¬

1114 2402 188 54 rificatis
1258 2402 101 54 per
1316 2402 130 54 dotem
1402 2402 245 54 subtilitatis:
1604 2402 101 54 Nam
1662 2402 130 54 sicut
1748 2402 87 54 in
1777 2402 202 54 glorificatis

1112 2445 209 43 corporibus
1276 2445 179 43 tollitur
1410 2445 209 43 obscuritas
1574 2445 104 43 per
1633 2445 134 43 dotem
1723 2445 223 43 claritatis,
1887 2445 89 43 mor-

1111 2477 163 57 talitas
1230 2477 104 57 per
1289 2477 133 57 dotem
1378 2477 311 57 impassibilitatis,
1644 2477 178 57 tarditas
1778 2477 104 57 per
1837 2477 133 57 dotem
1911 2477 74 57 agi

1112 2514 168 56 litatis:
1238 2514 98 56 Sic
1294 2514 84 56 in
1336 2514 140 56 eisdem
1434 2514 196 56 corporibus
1588 2514 168 56 tollitur
1714 2514 196 56 grossicies
1868 2514 98 56 per
1910 2514 56 56 do

1118 2560 110 45 tem
1181 2560 266 45 subtilitatis,
1400 2560 78 45 &
1432 2560 110 45 per
1494 2560 219 45 consequens
1667 2560 157 45 corpus
1761 2560 219 45 glorificatum

1118 2599 126 48 tali
1197 2599 126 48 dote
1275 2599 220 48 informatum
1448 2599 157 48 alteri
1558 2599 173 48 corpori
1684 2599 141 48 etiam
1778 2599 94 48 in
1825 2599 141 48 eodem
1903 2599 79 48 lo-

1120 2631 86 48 co
1163 2631 100 48 non
1206 2631 143 48 resistit

1158 2672 71 63 1
1186 2672 99 63 Sed
1243 2672 128 63 salua
1328 2672 199 63 reuerentia
1484 2672 142 63 istius
1584 2672 185 63 doctoris,
1726 2672 128 63 istud
1797 2672 170 63 dupliciter

1111 2701 189 60 deficit.
1253 2701 157 60 Primo:
1363 2701 126 60 quia
1442 2701 110 60 non
1505 2701 142 60 solum
1599 2701 157 60 corpus
1709 2701 252 60 glorificatum
1898 2701 79 60 cum

1112 2748 122 62 alio
1188 2748 183 62 corpore,
1325 2748 137 62 verum
1416 2748 137 62 etiam
1508 2748 137 62 plura
1599 2748 168 62 corpora
1721 2748 107 62 non
1767 2748 198 62 glorificat.

1115 2787 120 62 Deus
1190 2787 120 62 sine
1265 2787 120 62 omni
1340 2787 225 62 resistentia
1520 2787 195 62 quandoque
1671 2787 90 62 de
1716 2787 135 62 facto
1806 2787 135 62 fecit
1881 2787 90 62 esse

1118 2828 94 50 in
1165 2828 141 50 eodem
1260 2828 126 50 loco
1338 2828 157 50 simul.
1448 2828 157 50 Corpus
1558 2828 126 50 enim
1637 2828 189 50 Christi,
1778 2828 157 50 quando
1873 2828 94 50 natu

1119 2872 115 65 est,
1190 2872 129 65 salua
1277 2872 144 65 matris
1377 2872 230 65 virginitate,
1564 2872 100 65 non
1621 2872 144 65 caruit
1722 2872 201 65 grossicie,
1865 2872 115 65 nondum

1118 2904 124 54 enim
1196 2904 124 54 fuit
1258 2904 233 54 glorificatum.

1157 2939 137 66 Etiam
1248 2939 167 66 legitur
1369 2939 91 66 de
1415 2939 152 66 sancto
1521 2939 137 66 Thoma
1612 2939 197 66 Apostolo,
1764 2939 122 66 quod
1840 2939 106 66 cum
1886 2939 91 66 voca

1108 2985 96 48 tus
1163 2985 124 48 esset
1246 2985 69 48 a
1274 2985 138 48 quodam
1370 2985 110 48 rege
1439 2985 83 48 ad
1480 2985 207 48 benedicedum
1645 2985 152 48 nuptias
1756 2985 124 48 filij
1838 2985 110 48 sui,
1893 2985 83 48 ipse

1115 3029 155 53 clauso
1223 3029 170 53 manente
1347 3029 201 53 cubiculo,
1502 3029 93 53 in
1548 3029 108 53 quo
1610 3029 186 53 sponsus,
1750 3029 77 53 &
1781 3029 155 53 sponsa
1874 3029 108 53 simul

1109 3069 220 53 morabantur,
1285 3069 191 53 ingressus
1432 3069 132 53 fuit,
1520 3069 191 53 ostendens
1667 3069 117 53 eis,
1740 3069 161 53 quantum
1858 3069 103 53 Deo
1902 3069 73 53 pla
