<?xml version="1.0" encoding="UTF-8"?>
<alto xmlns:xsi="http://www.w3.org/2001/XMLSchema-instance"
      xmlns="http://www.loc.gov/standards/alto/ns-v2#"
      xmlns:page="http://schema.primaresearch.org/PAGE/gts/pagecontent/2013-07-15"
      xsi:schemaLocation="http://www.loc.gov/standards/alto/ns-v2# http://www.loc.gov/standards/alto/alto.xsd">
   <Description>
      <MeasurementUnit>pixel</MeasurementUnit>
      <OCRProcessing ID="IdOcr">
         <ocrProcessingStep>
            <processingDateTime>2020-10-28T20:24:39.467-04:00</processingDateTime>
            <processingSoftware>
               <softwareCreator>READ COOP</softwareCreator>
               <softwareName>Transkribus</softwareName>
            </processingSoftware>
         </ocrProcessingStep>
      </OCRProcessing>
   </Description>
   <Tags/>
   <Layout>
      <Page ID="Page1" PHYSICAL_IMG_NR="1" HEIGHT="3513" WIDTH="2408">
         <TopMargin HEIGHT="0" WIDTH="2408" VPOS="0" HPOS="0"/>
         <LeftMargin HEIGHT="3513" WIDTH="0" VPOS="0" HPOS="0"/>
         <RightMargin HEIGHT="3513" WIDTH="0" VPOS="0" HPOS="2408"/>
         <BottomMargin HEIGHT="0" WIDTH="2408" VPOS="3513" HPOS="0"/>
         <PrintSpace HEIGHT="3513" WIDTH="2408" VPOS="0" HPOS="0">
            <TextBlock ID="r3" HEIGHT="2881" WIDTH="856" VPOS="207" HPOS="428">
               <Shape>
                  <Polygon POINTS="428,207 428,3088 1284,3088 1284,207"/>
               </Shape>
               <TextLine ID="r3l2"
                         BASELINE="316"
                         HEIGHT="63"
                         WIDTH="838"
                         VPOS="253"
                         HPOS="431">
                  <String HEIGHT="63"
                          WIDTH="206"
                          VPOS="253"
                          HPOS="415"
                          CONTENT="quiritur,"/>
                  <SP HEIGHT="63" WIDTH="16" VPOS="253" HPOS="621"/>
                  <String HEIGHT="63"
                          WIDTH="126"
                          VPOS="253"
                          HPOS="573"
                          CONTENT="tunc"/>
                  <SP HEIGHT="63" WIDTH="16" VPOS="253" HPOS="700"/>
                  <String HEIGHT="63"
                          WIDTH="206"
                          VPOS="253"
                          HPOS="652"
                          CONTENT="reducitur"/>
                  <SP HEIGHT="63" WIDTH="16" VPOS="253" HPOS="858"/>
                  <String HEIGHT="63" WIDTH="95" VPOS="253" HPOS="810" CONTENT="ad"/>
                  <SP HEIGHT="63" WIDTH="16" VPOS="253" HPOS="905"/>
                  <String HEIGHT="63"
                          WIDTH="142"
                          VPOS="253"
                          HPOS="858"
                          CONTENT="eadem"/>
                  <SP HEIGHT="63" WIDTH="16" VPOS="253" HPOS="1000"/>
                  <String HEIGHT="63"
                          WIDTH="174"
                          VPOS="253"
                          HPOS="953"
                          CONTENT="speciem"/>
                  <SP HEIGHT="63" WIDTH="16" VPOS="253" HPOS="1127"/>
                  <String HEIGHT="63"
                          WIDTH="111"
                          VPOS="253"
                          HPOS="1079"
                          CONTENT="cum"/>
                  <SP HEIGHT="63" WIDTH="16" VPOS="253" HPOS="1190"/>
                  <String HEIGHT="63"
                          WIDTH="142"
                          VPOS="253"
                          HPOS="1127"
                          CONTENT="termino"/>
               </TextLine>
               <TextLine ID="r3l3"
                         BASELINE="356"
                         HEIGHT="54"
                         WIDTH="833"
                         VPOS="302"
                         HPOS="436">
                  <String HEIGHT="54" WIDTH="89" VPOS="302" HPOS="421" CONTENT="ad"/>
                  <SP HEIGHT="54" WIDTH="15" VPOS="302" HPOS="510"/>
                  <String HEIGHT="54"
                          WIDTH="134"
                          VPOS="302"
                          HPOS="466"
                          CONTENT="quem."/>
                  <SP HEIGHT="54" WIDTH="15" VPOS="302" HPOS="600"/>
                  <String HEIGHT="54"
                          WIDTH="119"
                          VPOS="302"
                          HPOS="555"
                          CONTENT="lsta"/>
                  <SP HEIGHT="54" WIDTH="15" VPOS="302" HPOS="674"/>
                  <String HEIGHT="54"
                          WIDTH="134"
                          VPOS="302"
                          HPOS="629"
                          CONTENT="omnia"/>
                  <SP HEIGHT="54" WIDTH="15" VPOS="302" HPOS="763"/>
                  <String HEIGHT="54"
                          WIDTH="134"
                          VPOS="302"
                          HPOS="719"
                          CONTENT="clare"/>
                  <SP HEIGHT="54" WIDTH="15" VPOS="302" HPOS="853"/>
                  <String HEIGHT="54"
                          WIDTH="149"
                          VPOS="302"
                          HPOS="808"
                          CONTENT="patent"/>
                  <SP HEIGHT="54" WIDTH="15" VPOS="302" HPOS="957"/>
                  <String HEIGHT="54"
                          WIDTH="208"
                          VPOS="302"
                          HPOS="912"
                          CONTENT="diligenter"/>
                  <SP HEIGHT="54" WIDTH="15" VPOS="302" HPOS="1120"/>
                  <String HEIGHT="54"
                          WIDTH="179"
                          VPOS="302"
                          HPOS="1076"
                          CONTENT="intuenti"/>
                  <SP HEIGHT="54" WIDTH="15" VPOS="302" HPOS="1254"/>
                  <String HEIGHT="54" WIDTH="74" VPOS="302" HPOS="1195" CONTENT="te)"/>
               </TextLine>
               <TextLine ID="r3l4"
                         BASELINE="387"
                         HEIGHT="44"
                         WIDTH="614"
                         VPOS="343"
                         HPOS="423">
                  <String HEIGHT="44"
                          WIDTH="140"
                          VPOS="343"
                          HPOS="405"
                          CONTENT="tum,"/>
                  <SP HEIGHT="44" WIDTH="18" VPOS="343" HPOS="546"/>
                  <String HEIGHT="44" WIDTH="88" VPOS="343" HPOS="493" CONTENT="&amp;"/>
                  <SP HEIGHT="44" WIDTH="18" VPOS="343" HPOS="581"/>
                  <String HEIGHT="44"
                          WIDTH="228"
                          VPOS="343"
                          HPOS="528"
                          CONTENT="commentum"/>
                  <SP HEIGHT="44" WIDTH="18" VPOS="343" HPOS="756"/>
                  <String HEIGHT="44"
                          WIDTH="175"
                          VPOS="343"
                          HPOS="704"
                          CONTENT="tertij"/>
                  <SP HEIGHT="44" WIDTH="18" VPOS="343" HPOS="879"/>
                  <String HEIGHT="44"
                          WIDTH="228"
                          VPOS="343"
                          HPOS="809"
                          CONTENT="phyficorum."/>
               </TextLine>
               <TextLine ID="r3l5"
                         BASELINE="431"
                         HEIGHT="51"
                         WIDTH="800"
                         VPOS="380"
                         HPOS="471">
                  <String HEIGHT="51" WIDTH="102" VPOS="380" HPOS="454" CONTENT="Ad"/>
                  <SP HEIGHT="51" WIDTH="17" VPOS="380" HPOS="556"/>
                  <String HEIGHT="51"
                          WIDTH="306"
                          VPOS="380"
                          HPOS="505"
                          CONTENT="decimumquartum"/>
                  <SP HEIGHT="51" WIDTH="17" VPOS="380" HPOS="811"/>
                  <String HEIGHT="51"
                          WIDTH="221"
                          VPOS="380"
                          HPOS="760"
                          CONTENT="dicendum,"/>
                  <SP HEIGHT="51" WIDTH="17" VPOS="380" HPOS="982"/>
                  <String HEIGHT="51"
                          WIDTH="136"
                          VPOS="380"
                          HPOS="931"
                          CONTENT="quod"/>
                  <SP HEIGHT="51" WIDTH="17" VPOS="380" HPOS="1067"/>
                  <String HEIGHT="51"
                          WIDTH="119"
                          VPOS="380"
                          HPOS="1016"
                          CONTENT="non"/>
                  <SP HEIGHT="51" WIDTH="17" VPOS="380" HPOS="1135"/>
                  <String HEIGHT="51"
                          WIDTH="119"
                          VPOS="380"
                          HPOS="1084"
                          CONTENT="est"/>
                  <SP HEIGHT="51" WIDTH="17" VPOS="380" HPOS="1203"/>
                  <String HEIGHT="51"
                          WIDTH="136"
                          VPOS="380"
                          HPOS="1135"
                          CONTENT="similo"/>
               </TextLine>
               <TextLine ID="r3l6"
                         BASELINE="473"
                         HEIGHT="56"
                         WIDTH="848"
                         VPOS="417"
                         HPOS="432">
                  <String HEIGHT="56" WIDTH="93" VPOS="417" HPOS="417" CONTENT="de"/>
                  <SP HEIGHT="56" WIDTH="15" VPOS="417" HPOS="509"/>
                  <String HEIGHT="56"
                          WIDTH="154"
                          VPOS="417"
                          HPOS="463"
                          CONTENT="puncto"/>
                  <SP HEIGHT="56" WIDTH="15" VPOS="417" HPOS="617"/>
                  <String HEIGHT="56" WIDTH="77" VPOS="417" HPOS="571" CONTENT="&amp;"/>
                  <SP HEIGHT="56" WIDTH="15" VPOS="417" HPOS="648"/>
                  <String HEIGHT="56" WIDTH="93" VPOS="417" HPOS="602" CONTENT="de"/>
                  <SP HEIGHT="56" WIDTH="15" VPOS="417" HPOS="694"/>
                  <String HEIGHT="56"
                          WIDTH="185"
                          VPOS="417"
                          HPOS="648"
                          CONTENT="corpore:"/>
                  <SP HEIGHT="56" WIDTH="15" VPOS="417" HPOS="833"/>
                  <String HEIGHT="56"
                          WIDTH="123"
                          VPOS="417"
                          HPOS="787"
                          CONTENT="quia"/>
                  <SP HEIGHT="56" WIDTH="15" VPOS="417" HPOS="910"/>
                  <String HEIGHT="56"
                          WIDTH="154"
                          VPOS="417"
                          HPOS="864"
                          CONTENT="corpus"/>
                  <SP HEIGHT="56" WIDTH="15" VPOS="417" HPOS="1018"/>
                  <String HEIGHT="56"
                          WIDTH="139"
                          VPOS="417"
                          HPOS="972"
                          CONTENT="dicit"/>
                  <SP HEIGHT="56" WIDTH="15" VPOS="417" HPOS="1110"/>
                  <String HEIGHT="56"
                          WIDTH="200"
                          VPOS="417"
                          HPOS="1064"
                          CONTENT="entitatem"/>
                  <SP HEIGHT="56" WIDTH="15" VPOS="417" HPOS="1265"/>
                  <String HEIGHT="56"
                          WIDTH="77"
                          VPOS="417"
                          HPOS="1203"
                          CONTENT="se"
                          SUBS_TYPE="HypPart1"
                          SUBS_CONTENT="separabilem"/>
                  <HYP CONTENT="-"/>
               </TextLine>
               <TextLine ID="r3l7"
                         BASELINE="518"
                         HEIGHT="66"
                         WIDTH="851"
                         VPOS="452"
                         HPOS="427">
                  <String HEIGHT="66"
                          WIDTH="205"
                          VPOS="452"
                          HPOS="411"
                          CONTENT="parabilem"
                          SUBS_TYPE="HypPart2"
                          SUBS_CONTENT="separabilem"/>
                  <SP HEIGHT="66" WIDTH="16" VPOS="452" HPOS="616"/>
                  <String HEIGHT="66" WIDTH="79" VPOS="452" HPOS="569" CONTENT="a"/>
                  <SP HEIGHT="66" WIDTH="16" VPOS="452" HPOS="648"/>
                  <String HEIGHT="66"
                          WIDTH="142"
                          VPOS="452"
                          HPOS="600"
                          CONTENT="loco,"/>
                  <SP HEIGHT="66" WIDTH="16" VPOS="452" HPOS="742"/>
                  <String HEIGHT="66" WIDTH="95" VPOS="452" HPOS="695" CONTENT="in"/>
                  <SP HEIGHT="66" WIDTH="16" VPOS="452" HPOS="789"/>
                  <String HEIGHT="66" WIDTH="110" VPOS="452" HPOS="742" CONTENT="quo"/>
                  <SP HEIGHT="66" WIDTH="16" VPOS="452" HPOS="853"/>
                  <String HEIGHT="66" WIDTH="110" VPOS="452" HPOS="805" CONTENT="est"/>
                  <SP HEIGHT="66" WIDTH="16" VPOS="452" HPOS="916"/>
                  <String HEIGHT="66" WIDTH="79" VPOS="452" HPOS="868" CONTENT=":"/>
                  <SP HEIGHT="66" WIDTH="16" VPOS="452" HPOS="947"/>
                  <String HEIGHT="66"
                          WIDTH="173"
                          VPOS="452"
                          HPOS="900"
                          CONTENT="punctus"/>
                  <SP HEIGHT="66" WIDTH="16" VPOS="452" HPOS="1073"/>
                  <String HEIGHT="66"
                          WIDTH="142"
                          VPOS="452"
                          HPOS="1026"
                          CONTENT="autem"/>
                  <SP HEIGHT="66" WIDTH="16" VPOS="452" HPOS="1168"/>
                  <String HEIGHT="66"
                          WIDTH="110"
                          VPOS="452"
                          HPOS="1120"
                          CONTENT="non"/>
                  <SP HEIGHT="66" WIDTH="16" VPOS="452" HPOS="1231"/>
                  <String HEIGHT="66"
                          WIDTH="110"
                          VPOS="452"
                          HPOS="1168"
                          CONTENT="dicit"/>
               </TextLine>
               <TextLine ID="r3l8"
                         BASELINE="553"
                         HEIGHT="48"
                         WIDTH="839"
                         VPOS="505"
                         HPOS="426">
                  <String HEIGHT="48"
                          WIDTH="210"
                          VPOS="505"
                          HPOS="410"
                          CONTENT="entitatem"/>
                  <SP HEIGHT="48" WIDTH="16" VPOS="505" HPOS="620"/>
                  <String HEIGHT="48" WIDTH="81" VPOS="505" HPOS="571" CONTENT="a"/>
                  <SP HEIGHT="48" WIDTH="16" VPOS="505" HPOS="652"/>
                  <String HEIGHT="48"
                          WIDTH="145"
                          VPOS="505"
                          HPOS="603"
                          CONTENT="linea"/>
                  <SP HEIGHT="48" WIDTH="16" VPOS="505" HPOS="749"/>
                  <String HEIGHT="48"
                          WIDTH="258"
                          VPOS="505"
                          HPOS="700"
                          CONTENT="separabilem:"/>
                  <SP HEIGHT="48" WIDTH="16" VPOS="505" HPOS="958"/>
                  <String HEIGHT="48" WIDTH="81" VPOS="505" HPOS="910" CONTENT="&amp;"/>
                  <SP HEIGHT="48" WIDTH="16" VPOS="505" HPOS="991"/>
                  <String HEIGHT="48"
                          WIDTH="129"
                          VPOS="505"
                          HPOS="942"
                          CONTENT="ideo"/>
                  <SP HEIGHT="48" WIDTH="16" VPOS="505" HPOS="1071"/>
                  <String HEIGHT="48"
                          WIDTH="145"
                          VPOS="505"
                          HPOS="1023"
                          CONTENT="licet"/>
                  <SP HEIGHT="48" WIDTH="16" VPOS="505" HPOS="1168"/>
                  <String HEIGHT="48"
                          WIDTH="129"
                          VPOS="505"
                          HPOS="1120"
                          CONTENT="vnum"/>
                  <SP HEIGHT="48" WIDTH="16" VPOS="505" HPOS="1249"/>
                  <String HEIGHT="48" WIDTH="81" VPOS="505" HPOS="1184" CONTENT="con"/>
               </TextLine>
               <TextLine ID="r3l9"
                         BASELINE="596"
                         HEIGHT="59"
                         WIDTH="849"
                         VPOS="537"
                         HPOS="434">
                  <String HEIGHT="59" WIDTH="104" VPOS="537" HPOS="419" CONTENT="pus"/>
                  <SP HEIGHT="59" WIDTH="15" VPOS="537" HPOS="523"/>
                  <String HEIGHT="59"
                          WIDTH="164"
                          VPOS="537"
                          HPOS="479"
                          CONTENT="virtute"/>
                  <SP HEIGHT="59" WIDTH="15" VPOS="537" HPOS="643"/>
                  <String HEIGHT="59"
                          WIDTH="149"
                          VPOS="537"
                          HPOS="598"
                          CONTENT="diuina"/>
                  <SP HEIGHT="59" WIDTH="15" VPOS="537" HPOS="747"/>
                  <String HEIGHT="59"
                          WIDTH="149"
                          VPOS="537"
                          HPOS="702"
                          CONTENT="possit"/>
                  <SP HEIGHT="59" WIDTH="15" VPOS="537" HPOS="851"/>
                  <String HEIGHT="59"
                          WIDTH="119"
                          VPOS="537"
                          HPOS="806"
                          CONTENT="esse"/>
                  <SP HEIGHT="59" WIDTH="15" VPOS="537" HPOS="926"/>
                  <String HEIGHT="59" WIDTH="89" VPOS="537" HPOS="881" CONTENT="in"/>
                  <SP HEIGHT="59" WIDTH="15" VPOS="537" HPOS="970"/>
                  <String HEIGHT="59"
                          WIDTH="209"
                          VPOS="537"
                          HPOS="926"
                          CONTENT="distinctis"/>
                  <SP HEIGHT="59" WIDTH="15" VPOS="537" HPOS="1134"/>
                  <String HEIGHT="59"
                          WIDTH="149"
                          VPOS="537"
                          HPOS="1089"
                          CONTENT="locis:"/>
                  <SP HEIGHT="59" WIDTH="15" VPOS="537" HPOS="1238"/>
                  <String HEIGHT="59"
                          WIDTH="104"
                          VPOS="537"
                          HPOS="1179"
                          CONTENT="tamen"/>
               </TextLine>
               <TextLine ID="r3l10"
                         BASELINE="627"
                         HEIGHT="54"
                         WIDTH="845"
                         VPOS="573"
                         HPOS="426">
                  <String HEIGHT="54"
                          WIDTH="115"
                          VPOS="573"
                          HPOS="412"
                          CONTENT="vnus"/>
                  <SP HEIGHT="54" WIDTH="14" VPOS="573" HPOS="526"/>
                  <String HEIGHT="54"
                          WIDTH="158"
                          VPOS="573"
                          HPOS="483"
                          CONTENT="punctus"/>
                  <SP HEIGHT="54" WIDTH="14" VPOS="573" HPOS="641"/>
                  <String HEIGHT="54"
                          WIDTH="129"
                          VPOS="573"
                          HPOS="598"
                          CONTENT="nulla"/>
                  <SP HEIGHT="54" WIDTH="14" VPOS="573" HPOS="727"/>
                  <String HEIGHT="54"
                          WIDTH="158"
                          VPOS="573"
                          HPOS="684"
                          CONTENT="virtute"/>
                  <SP HEIGHT="54" WIDTH="14" VPOS="573" HPOS="841"/>
                  <String HEIGHT="54"
                          WIDTH="143"
                          VPOS="573"
                          HPOS="798"
                          CONTENT="potest"/>
                  <SP HEIGHT="54" WIDTH="14" VPOS="573" HPOS="942"/>
                  <String HEIGHT="54"
                          WIDTH="115"
                          VPOS="573"
                          HPOS="899"
                          CONTENT="esse"/>
                  <SP HEIGHT="54" WIDTH="14" VPOS="573" HPOS="1013"/>
                  <String HEIGHT="54" WIDTH="86" VPOS="573" HPOS="970" CONTENT="in"/>
                  <SP HEIGHT="54" WIDTH="14" VPOS="573" HPOS="1056"/>
                  <String HEIGHT="54"
                          WIDTH="201"
                          VPOS="573"
                          HPOS="1013"
                          CONTENT="distinctis"/>
                  <SP HEIGHT="54" WIDTH="14" VPOS="573" HPOS="1214"/>
                  <String HEIGHT="54"
                          WIDTH="115"
                          VPOS="573"
                          HPOS="1156"
                          CONTENT="lineis"/>
               </TextLine>
               <TextLine ID="r3l11"
                         BASELINE="664"
                         HEIGHT="44"
                         WIDTH="856"
                         VPOS="620"
                         HPOS="427">
                  <String HEIGHT="44" WIDTH="122" VPOS="620" HPOS="410" CONTENT="Qui"/>
                  <SP HEIGHT="44" WIDTH="17" VPOS="620" HPOS="532"/>
                  <String HEIGHT="44"
                          WIDTH="157"
                          VPOS="620"
                          HPOS="479"
                          CONTENT="autem"/>
                  <SP HEIGHT="44" WIDTH="17" VPOS="620" HPOS="637"/>
                  <String HEIGHT="44"
                          WIDTH="175"
                          VPOS="620"
                          HPOS="584"
                          CONTENT="omnino"/>
                  <SP HEIGHT="44" WIDTH="17" VPOS="620" HPOS="759"/>
                  <String HEIGHT="44"
                          WIDTH="175"
                          VPOS="620"
                          HPOS="707"
                          CONTENT="vellet"/>
                  <SP HEIGHT="44" WIDTH="17" VPOS="620" HPOS="881"/>
                  <String HEIGHT="44"
                          WIDTH="245"
                          VPOS="620"
                          HPOS="829"
                          CONTENT="sustinere,"/>
                  <SP HEIGHT="44" WIDTH="17" VPOS="620" HPOS="1073"/>
                  <String HEIGHT="44"
                          WIDTH="140"
                          VPOS="620"
                          HPOS="1021"
                          CONTENT="quod"/>
                  <SP HEIGHT="44" WIDTH="17" VPOS="620" HPOS="1161"/>
                  <String HEIGHT="44"
                          WIDTH="140"
                          VPOS="620"
                          HPOS="1108"
                          CONTENT="Deus"/>
                  <SP HEIGHT="44" WIDTH="17" VPOS="620" HPOS="1248"/>
                  <String HEIGHT="44"
                          WIDTH="105"
                          VPOS="620"
                          HPOS="1178"
                          CONTENT="vnum"/>
               </TextLine>
               <TextLine ID="r3l12"
                         BASELINE="713"
                         HEIGHT="61"
                         WIDTH="848"
                         VPOS="652"
                         HPOS="435">
                  <String HEIGHT="61"
                          WIDTH="167"
                          VPOS="652"
                          HPOS="420"
                          CONTENT="punctum"/>
                  <SP HEIGHT="61" WIDTH="15" VPOS="652" HPOS="586"/>
                  <String HEIGHT="61"
                          WIDTH="151"
                          VPOS="652"
                          HPOS="541"
                          CONTENT="posset"/>
                  <SP HEIGHT="61" WIDTH="15" VPOS="652" HPOS="692"/>
                  <String HEIGHT="61"
                          WIDTH="151"
                          VPOS="652"
                          HPOS="647"
                          CONTENT="creare"/>
                  <SP HEIGHT="61" WIDTH="15" VPOS="652" HPOS="798"/>
                  <String HEIGHT="61" WIDTH="91" VPOS="652" HPOS="753" CONTENT="in"/>
                  <SP HEIGHT="61" WIDTH="15" VPOS="652" HPOS="844"/>
                  <String HEIGHT="61"
                          WIDTH="197"
                          VPOS="652"
                          HPOS="798"
                          CONTENT="principio"/>
                  <SP HEIGHT="61" WIDTH="15" VPOS="652" HPOS="995"/>
                  <String HEIGHT="61"
                          WIDTH="151"
                          VPOS="652"
                          HPOS="950"
                          CONTENT="duarum"/>
                  <SP HEIGHT="61" WIDTH="15" VPOS="652" HPOS="1101"/>
                  <String HEIGHT="61"
                          WIDTH="182"
                          VPOS="652"
                          HPOS="1056"
                          CONTENT="linearum"/>
                  <SP HEIGHT="61" WIDTH="15" VPOS="652" HPOS="1238"/>
                  <String HEIGHT="61"
                          WIDTH="106"
                          VPOS="652"
                          HPOS="1177"
                          CONTENT="aeque"/>
               </TextLine>
               <TextLine ID="r3l13"
                         BASELINE="741"
                         HEIGHT="49"
                         WIDTH="851"
                         VPOS="692"
                         HPOS="439">
                  <String HEIGHT="49"
                          WIDTH="228"
                          VPOS="692"
                          HPOS="424"
                          CONTENT="distantium,"/>
                  <SP HEIGHT="49" WIDTH="15" VPOS="692" HPOS="652"/>
                  <String HEIGHT="49"
                          WIDTH="122"
                          VPOS="692"
                          HPOS="606"
                          CONTENT="ille"/>
                  <SP HEIGHT="49" WIDTH="15" VPOS="692" HPOS="728"/>
                  <String HEIGHT="49"
                          WIDTH="167"
                          VPOS="692"
                          HPOS="682"
                          CONTENT="haberet"/>
                  <SP HEIGHT="49" WIDTH="15" VPOS="692" HPOS="849"/>
                  <String HEIGHT="49"
                          WIDTH="167"
                          VPOS="692"
                          HPOS="804"
                          CONTENT="dicere,"/>
                  <SP HEIGHT="49" WIDTH="15" VPOS="692" HPOS="971"/>
                  <String HEIGHT="49"
                          WIDTH="122"
                          VPOS="692"
                          HPOS="925"
                          CONTENT="quod"/>
                  <SP HEIGHT="49" WIDTH="15" VPOS="692" HPOS="1047"/>
                  <String HEIGHT="49"
                          WIDTH="152"
                          VPOS="692"
                          HPOS="1001"
                          CONTENT="plures"/>
                  <SP HEIGHT="49" WIDTH="15" VPOS="692" HPOS="1153"/>
                  <String HEIGHT="49"
                          WIDTH="152"
                          VPOS="692"
                          HPOS="1108"
                          CONTENT="lincae"/>
                  <SP HEIGHT="49" WIDTH="15" VPOS="692" HPOS="1260"/>
                  <String HEIGHT="49"
                          WIDTH="91"
                          VPOS="692"
                          HPOS="1199"
                          CONTENT="ter"
                          SUBS_TYPE="HypPart1"
                          SUBS_CONTENT="terminatae"/>
                  <HYP CONTENT="-"/>
               </TextLine>
               <TextLine ID="r3l14"
                         BASELINE="782"
                         HEIGHT="48"
                         WIDTH="845"
                         VPOS="734"
                         HPOS="435">
                  <String HEIGHT="48"
                          WIDTH="179"
                          VPOS="734"
                          HPOS="419"
                          CONTENT="minatae"
                          SUBS_TYPE="HypPart2"
                          SUBS_CONTENT="terminatae"/>
                  <SP HEIGHT="48" WIDTH="16" VPOS="734" HPOS="598"/>
                  <String HEIGHT="48" WIDTH="98" VPOS="734" HPOS="549" CONTENT="ad"/>
                  <SP HEIGHT="48" WIDTH="16" VPOS="734" HPOS="646"/>
                  <String HEIGHT="48"
                          WIDTH="130"
                          VPOS="734"
                          HPOS="598"
                          CONTENT="vnum"/>
                  <SP HEIGHT="48" WIDTH="16" VPOS="734" HPOS="728"/>
                  <String HEIGHT="48"
                          WIDTH="179"
                          VPOS="734"
                          HPOS="679"
                          CONTENT="punctum"/>
                  <SP HEIGHT="48" WIDTH="16" VPOS="734" HPOS="858"/>
                  <String HEIGHT="48" WIDTH="114" VPOS="734" HPOS="809" CONTENT="non"/>
                  <SP HEIGHT="48" WIDTH="16" VPOS="734" HPOS="923"/>
                  <String HEIGHT="48"
                          WIDTH="228"
                          VPOS="734"
                          HPOS="874"
                          CONTENT="concurrunt"/>
                  <SP HEIGHT="48" WIDTH="16" VPOS="734" HPOS="1101"/>
                  <String HEIGHT="48"
                          WIDTH="195"
                          VPOS="734"
                          HPOS="1053"
                          CONTENT="praecise"/>
                  <SP HEIGHT="48" WIDTH="16" VPOS="734" HPOS="1248"/>
                  <String HEIGHT="48"
                          WIDTH="98"
                          VPOS="734"
                          HPOS="1183"
                          CONTENT="pro"
                          SUBS_TYPE="HypPart1"
                          SUBS_CONTENT="propter"/>
                  <HYP CONTENT="-"/>
               </TextLine>
               <TextLine ID="r3l15"
                         BASELINE="819"
                         HEIGHT="47"
                         WIDTH="833"
                         VPOS="772"
                         HPOS="444">
                  <String HEIGHT="47"
                          WIDTH="117"
                          VPOS="772"
                          HPOS="429"
                          CONTENT="pter"
                          SUBS_TYPE="HypPart2"
                          SUBS_CONTENT="propter"/>
                  <SP HEIGHT="47" WIDTH="15" VPOS="772" HPOS="546"/>
                  <String HEIGHT="47"
                          WIDTH="146"
                          VPOS="772"
                          HPOS="502"
                          CONTENT="puncti"/>
                  <SP HEIGHT="47" WIDTH="15" VPOS="772" HPOS="649"/>
                  <String HEIGHT="47"
                          WIDTH="190"
                          VPOS="772"
                          HPOS="605"
                          CONTENT="vnitatem,"/>
                  <SP HEIGHT="47" WIDTH="15" VPOS="772" HPOS="795"/>
                  <String HEIGHT="47"
                          WIDTH="117"
                          VPOS="772"
                          HPOS="751"
                          CONTENT="nisi"/>
                  <SP HEIGHT="47" WIDTH="15" VPOS="772" HPOS="868"/>
                  <String HEIGHT="47"
                          WIDTH="190"
                          VPOS="772"
                          HPOS="824"
                          CONTENT="huiusmodi"/>
                  <SP HEIGHT="47" WIDTH="15" VPOS="772" HPOS="1014"/>
                  <String HEIGHT="47"
                          WIDTH="161"
                          VPOS="772"
                          HPOS="970"
                          CONTENT="punctus"/>
                  <SP HEIGHT="47" WIDTH="15" VPOS="772" HPOS="1131"/>
                  <String HEIGHT="47"
                          WIDTH="102"
                          VPOS="772"
                          HPOS="1087"
                          CONTENT="sit"/>
                  <SP HEIGHT="47" WIDTH="15" VPOS="772" HPOS="1189"/>
                  <String HEIGHT="47" WIDTH="88" VPOS="772" HPOS="1145" CONTENT="in"/>
                  <SP HEIGHT="47" WIDTH="15" VPOS="772" HPOS="1233"/>
                  <String HEIGHT="47"
                          WIDTH="102"
                          VPOS="772"
                          HPOS="1175"
                          CONTENT="eodem"/>
               </TextLine>
               <TextLine ID="r3l16"
                         BASELINE="861"
                         HEIGHT="43"
                         WIDTH="854"
                         VPOS="818"
                         HPOS="435">
                  <String HEIGHT="43"
                          WIDTH="118"
                          VPOS="818"
                          HPOS="420"
                          CONTENT="situ"/>
                  <SP HEIGHT="43" WIDTH="15" VPOS="818" HPOS="538"/>
                  <String HEIGHT="43"
                          WIDTH="177"
                          VPOS="818"
                          HPOS="494"
                          CONTENT="positus:"/>
                  <SP HEIGHT="43" WIDTH="15" VPOS="818" HPOS="671"/>
                  <String HEIGHT="43" WIDTH="74" VPOS="818" HPOS="626" CONTENT="&amp;"/>
                  <SP HEIGHT="43" WIDTH="15" VPOS="818" HPOS="700"/>
                  <String HEIGHT="43"
                          WIDTH="118"
                          VPOS="818"
                          HPOS="656"
                          CONTENT="quia"/>
                  <SP HEIGHT="43" WIDTH="15" VPOS="818" HPOS="774"/>
                  <String HEIGHT="43" WIDTH="88" VPOS="818" HPOS="729" CONTENT="in"/>
                  <SP HEIGHT="43" WIDTH="15" VPOS="818" HPOS="818"/>
                  <String HEIGHT="43"
                          WIDTH="191"
                          VPOS="818"
                          HPOS="774"
                          CONTENT="proposito"/>
                  <SP HEIGHT="43" WIDTH="15" VPOS="818" HPOS="965"/>
                  <String HEIGHT="43"
                          WIDTH="118"
                          VPOS="818"
                          HPOS="921"
                          CONTENT="iste"/>
                  <SP HEIGHT="43" WIDTH="15" VPOS="818" HPOS="1039"/>
                  <String HEIGHT="43"
                          WIDTH="118"
                          VPOS="818"
                          HPOS="995"
                          CONTENT="vnus"/>
                  <SP HEIGHT="43" WIDTH="15" VPOS="818" HPOS="1112"/>
                  <String HEIGHT="43"
                          WIDTH="162"
                          VPOS="818"
                          HPOS="1068"
                          CONTENT="punctus"/>
                  <SP HEIGHT="43" WIDTH="15" VPOS="818" HPOS="1230"/>
                  <String HEIGHT="43"
                          WIDTH="118"
                          VPOS="818"
                          HPOS="1171"
                          CONTENT="respi"
                          SUBS_TYPE="HypPart1"
                          SUBS_CONTENT="respiceret"/>
                  <HYP CONTENT="-"/>
               </TextLine>
               <TextLine ID="r3l17"
                         BASELINE="901"
                         HEIGHT="44"
                         WIDTH="845"
                         VPOS="857"
                         HPOS="441">
                  <String HEIGHT="44"
                          WIDTH="141"
                          VPOS="857"
                          HPOS="425"
                          CONTENT="ceret"
                          SUBS_TYPE="HypPart2"
                          SUBS_CONTENT="respiceret"/>
                  <SP HEIGHT="44" WIDTH="16" VPOS="857" HPOS="566"/>
                  <String HEIGHT="44"
                          WIDTH="188"
                          VPOS="857"
                          HPOS="519"
                          CONTENT="duplicem"/>
                  <SP HEIGHT="44" WIDTH="16" VPOS="857" HPOS="707"/>
                  <String HEIGHT="44"
                          WIDTH="156"
                          VPOS="857"
                          HPOS="660"
                          CONTENT="situm:"/>
                  <SP HEIGHT="44" WIDTH="16" VPOS="857" HPOS="817"/>
                  <String HEIGHT="44"
                          WIDTH="125"
                          VPOS="857"
                          HPOS="770"
                          CONTENT="ideo"/>
                  <SP HEIGHT="44" WIDTH="16" VPOS="857" HPOS="895"/>
                  <String HEIGHT="44"
                          WIDTH="156"
                          VPOS="857"
                          HPOS="848"
                          CONTENT="lineae"/>
                  <SP HEIGHT="44" WIDTH="16" VPOS="857" HPOS="1004"/>
                  <String HEIGHT="44" WIDTH="110" VPOS="857" HPOS="957" CONTENT="per"/>
                  <SP HEIGHT="44" WIDTH="16" VPOS="857" HPOS="1067"/>
                  <String HEIGHT="44"
                          WIDTH="141"
                          VPOS="857"
                          HPOS="1020"
                          CONTENT="ipsum"/>
                  <SP HEIGHT="44" WIDTH="16" VPOS="857" HPOS="1161"/>
                  <String HEIGHT="44"
                          WIDTH="188"
                          VPOS="857"
                          HPOS="1098"
                          CONTENT="terminatae"/>
               </TextLine>
               <TextLine ID="r3l19"
                         BASELINE="941"
                         HEIGHT="46"
                         WIDTH="291"
                         VPOS="895"
                         HPOS="444">
                  <String HEIGHT="46" WIDTH="81" VPOS="895" HPOS="428" CONTENT="n"/>
                  <SP HEIGHT="46" WIDTH="16" VPOS="895" HPOS="509"/>
                  <String HEIGHT="46" WIDTH="97" VPOS="895" HPOS="460" CONTENT="on"/>
                  <SP HEIGHT="46" WIDTH="16" VPOS="895" HPOS="557"/>
                  <String HEIGHT="46"
                          WIDTH="243"
                          VPOS="895"
                          HPOS="493"
                          CONTENT="concurrerent."/>
               </TextLine>
               <TextLine ID="r3l20"
                         BASELINE="975"
                         HEIGHT="43"
                         WIDTH="796"
                         VPOS="932"
                         HPOS="475">
                  <String HEIGHT="43" WIDTH="104" VPOS="932" HPOS="458" CONTENT="Ad"/>
                  <SP HEIGHT="43" WIDTH="17" VPOS="932" HPOS="562"/>
                  <String HEIGHT="43"
                          WIDTH="311"
                          VPOS="932"
                          HPOS="510"
                          CONTENT="decimumquintum"/>
                  <SP HEIGHT="43" WIDTH="17" VPOS="932" HPOS="821"/>
                  <String HEIGHT="43"
                          WIDTH="225"
                          VPOS="932"
                          HPOS="769"
                          CONTENT="dicendum,"/>
                  <SP HEIGHT="43" WIDTH="17" VPOS="932" HPOS="994"/>
                  <String HEIGHT="43"
                          WIDTH="138"
                          VPOS="932"
                          HPOS="942"
                          CONTENT="quod"/>
                  <SP HEIGHT="43" WIDTH="17" VPOS="932" HPOS="1081"/>
                  <String HEIGHT="43"
                          WIDTH="242"
                          VPOS="932"
                          HPOS="1029"
                          CONTENT="relationes"/>
                  <SP HEIGHT="43" WIDTH="17" VPOS="932" HPOS="1271"/>
                  <String HEIGHT="43" WIDTH="69" VPOS="932" HPOS="1202" CONTENT="ex"/>
               </TextLine>
               <TextLine ID="r3l21"
                         BASELINE="1030"
                         HEIGHT="63"
                         WIDTH="851"
                         VPOS="967"
                         HPOS="434">
                  <String HEIGHT="63"
                          WIDTH="173"
                          VPOS="967"
                          HPOS="418"
                          CONTENT="pressae"/>
                  <SP HEIGHT="63" WIDTH="16" VPOS="967" HPOS="592"/>
                  <String HEIGHT="63" WIDTH="110" VPOS="967" HPOS="544" CONTENT="per"/>
                  <SP HEIGHT="63" WIDTH="16" VPOS="967" HPOS="655"/>
                  <String HEIGHT="63"
                          WIDTH="142"
                          VPOS="967"
                          HPOS="607"
                          CONTENT="modum"/>
                  <SP HEIGHT="63" WIDTH="16" VPOS="967" HPOS="749"/>
                  <String HEIGHT="63"
                          WIDTH="252"
                          VPOS="967"
                          HPOS="702"
                          CONTENT="priuationis,"/>
                  <SP HEIGHT="63" WIDTH="16" VPOS="967" HPOS="954"/>
                  <String HEIGHT="63" WIDTH="79" VPOS="967" HPOS="907" CONTENT="&amp;"/>
                  <SP HEIGHT="63" WIDTH="16" VPOS="967" HPOS="986"/>
                  <String HEIGHT="63"
                          WIDTH="173"
                          VPOS="967"
                          HPOS="938"
                          CONTENT="habitus"/>
                  <SP HEIGHT="63" WIDTH="16" VPOS="967" HPOS="1112"/>
                  <String HEIGHT="63"
                          WIDTH="173"
                          VPOS="967"
                          HPOS="1064"
                          CONTENT="possunt"/>
                  <SP HEIGHT="63" WIDTH="16" VPOS="967" HPOS="1238"/>
                  <String HEIGHT="63"
                          WIDTH="110"
                          VPOS="967"
                          HPOS="1175"
                          CONTENT="simul"/>
               </TextLine>
               <TextLine ID="r3l22"
                         BASELINE="1054"
                         HEIGHT="45"
                         WIDTH="843"
                         VPOS="1009"
                         HPOS="436">
                  <String HEIGHT="45"
                          WIDTH="203"
                          VPOS="1009"
                          HPOS="420"
                          CONTENT="conuenire"/>
                  <SP HEIGHT="45" WIDTH="16" VPOS="1009" HPOS="623"/>
                  <String HEIGHT="45"
                          WIDTH="141"
                          VPOS="1009"
                          HPOS="577"
                          CONTENT="eidem"/>
                  <SP HEIGHT="45" WIDTH="16" VPOS="1009" HPOS="717"/>
                  <String HEIGHT="45"
                          WIDTH="109"
                          VPOS="1009"
                          HPOS="670"
                          CONTENT="rei"/>
                  <SP HEIGHT="45" WIDTH="16" VPOS="1009" HPOS="779"/>
                  <String HEIGHT="45"
                          WIDTH="172"
                          VPOS="1009"
                          HPOS="733"
                          CONTENT="ratione"/>
                  <SP HEIGHT="45" WIDTH="16" VPOS="1009" HPOS="904"/>
                  <String HEIGHT="45"
                          WIDTH="172"
                          VPOS="1009"
                          HPOS="858"
                          CONTENT="eiusdem"/>
                  <SP HEIGHT="45" WIDTH="16" VPOS="1009" HPOS="1029"/>
                  <String HEIGHT="45"
                          WIDTH="234"
                          VPOS="1009"
                          HPOS="982"
                          CONTENT="fundamenti,"/>
                  <SP HEIGHT="45" WIDTH="16" VPOS="1009" HPOS="1217"/>
                  <String HEIGHT="45"
                          WIDTH="125"
                          VPOS="1009"
                          HPOS="1154"
                          CONTENT="respe"
                          SUBS_TYPE="HypPart1"
                          SUBS_CONTENT="respectu"/>
                  <HYP CONTENT="-"/>
               </TextLine>
               <TextLine ID="r3l23"
                         BASELINE="1105"
                         HEIGHT="63"
                         WIDTH="844"
                         VPOS="1042"
                         HPOS="446">
                  <String HEIGHT="63"
                          WIDTH="118"
                          VPOS="1042"
                          HPOS="429"
                          CONTENT="ctu"
                          SUBS_TYPE="HypPart2"
                          SUBS_CONTENT="respectu"/>
                  <SP HEIGHT="63" WIDTH="17" VPOS="1042" HPOS="547"/>
                  <String HEIGHT="63"
                          WIDTH="236"
                          VPOS="1042"
                          HPOS="497"
                          CONTENT="diuersorum"/>
                  <SP HEIGHT="63" WIDTH="17" VPOS="1042" HPOS="733"/>
                  <String HEIGHT="63"
                          WIDTH="253"
                          VPOS="1042"
                          HPOS="682"
                          CONTENT="terminorum:"/>
                  <SP HEIGHT="63" WIDTH="17" VPOS="1042" HPOS="936"/>
                  <String HEIGHT="63"
                          WIDTH="152"
                          VPOS="1042"
                          HPOS="885"
                          CONTENT="sicut"/>
                  <SP HEIGHT="63" WIDTH="17" VPOS="1042" HPOS="1037"/>
                  <String HEIGHT="63"
                          WIDTH="135"
                          VPOS="1042"
                          HPOS="986"
                          CONTENT="idem"/>
                  <SP HEIGHT="63" WIDTH="17" VPOS="1042" HPOS="1121"/>
                  <String HEIGHT="63"
                          WIDTH="152"
                          VPOS="1042"
                          HPOS="1071"
                          CONTENT="pomum"/>
                  <SP HEIGHT="63" WIDTH="17" VPOS="1042" HPOS="1222"/>
                  <String HEIGHT="63"
                          WIDTH="135"
                          VPOS="1042"
                          HPOS="1155"
                          CONTENT="infor"
                          SUBS_TYPE="HypPart1"
                          SUBS_CONTENT="informatum"/>
                  <HYP CONTENT="-"/>
               </TextLine>
               <TextLine ID="r3l24"
                         BASELINE="1137"
                         HEIGHT="57"
                         WIDTH="852"
                         VPOS="1080"
                         HPOS="432">
                  <String HEIGHT="57"
                          WIDTH="147"
                          VPOS="1080"
                          HPOS="416"
                          CONTENT="matum"
                          SUBS_TYPE="HypPart2"
                          SUBS_CONTENT="informatum"/>
                  <SP HEIGHT="57" WIDTH="16" VPOS="1080" HPOS="563"/>
                  <String HEIGHT="57"
                          WIDTH="213"
                          VPOS="1080"
                          HPOS="514"
                          CONTENT="rubedine,"/>
                  <SP HEIGHT="57" WIDTH="16" VPOS="1080" HPOS="727"/>
                  <String HEIGHT="57"
                          WIDTH="180"
                          VPOS="1080"
                          HPOS="678"
                          CONTENT="ratione"/>
                  <SP HEIGHT="57" WIDTH="16" VPOS="1080" HPOS="858"/>
                  <String HEIGHT="57"
                          WIDTH="180"
                          VPOS="1080"
                          HPOS="809"
                          CONTENT="eiusdem"/>
                  <SP HEIGHT="57" WIDTH="16" VPOS="1080" HPOS="989"/>
                  <String HEIGHT="57"
                          WIDTH="213"
                          VPOS="1080"
                          HPOS="940"
                          CONTENT="rubedinis"/>
                  <SP HEIGHT="57" WIDTH="16" VPOS="1080" HPOS="1153"/>
                  <String HEIGHT="57"
                          WIDTH="115"
                          VPOS="1080"
                          HPOS="1104"
                          CONTENT="est"/>
                  <SP HEIGHT="57" WIDTH="16" VPOS="1080" HPOS="1218"/>
                  <String HEIGHT="57"
                          WIDTH="131"
                          VPOS="1080"
                          HPOS="1153"
                          CONTENT="simile"/>
               </TextLine>
               <TextLine ID="r3l25"
                         BASELINE="1187"
                         HEIGHT="66"
                         WIDTH="840"
                         VPOS="1121"
                         HPOS="434">
                  <String HEIGHT="66"
                          WIDTH="129"
                          VPOS="1121"
                          HPOS="418"
                          CONTENT="pomo"/>
                  <SP HEIGHT="66" WIDTH="16" VPOS="1121" HPOS="547"/>
                  <String HEIGHT="66"
                          WIDTH="162"
                          VPOS="1121"
                          HPOS="499"
                          CONTENT="rubeo,"/>
                  <SP HEIGHT="66" WIDTH="16" VPOS="1121" HPOS="660"/>
                  <String HEIGHT="66" WIDTH="81" VPOS="1121" HPOS="612" CONTENT="&amp;"/>
                  <SP HEIGHT="66" WIDTH="16" VPOS="1121" HPOS="692"/>
                  <String HEIGHT="66"
                          WIDTH="210"
                          VPOS="1121"
                          HPOS="644"
                          CONTENT="dissimile"/>
                  <SP HEIGHT="66" WIDTH="16" VPOS="1121" HPOS="854"/>
                  <String HEIGHT="66"
                          WIDTH="129"
                          VPOS="1121"
                          HPOS="806"
                          CONTENT="pomo"/>
                  <SP HEIGHT="66" WIDTH="16" VPOS="1121" HPOS="935"/>
                  <String HEIGHT="66"
                          WIDTH="178"
                          VPOS="1121"
                          HPOS="886"
                          CONTENT="viridi,"/>
                  <SP HEIGHT="66" WIDTH="16" VPOS="1121" HPOS="1064"/>
                  <String HEIGHT="66"
                          WIDTH="145"
                          VPOS="1121"
                          HPOS="1016"
                          CONTENT="etiam"/>
                  <SP HEIGHT="66" WIDTH="16" VPOS="1121" HPOS="1161"/>
                  <String HEIGHT="66"
                          WIDTH="162"
                          VPOS="1121"
                          HPOS="1112"
                          CONTENT="eaedem"/>
                  <SP HEIGHT="66" WIDTH="16" VPOS="1121" HPOS="1274"/>
                  <String HEIGHT="66" WIDTH="65" VPOS="1121" HPOS="1209" CONTENT="ap"/>
               </TextLine>
               <TextLine ID="r3l26"
                         BASELINE="1222"
                         HEIGHT="64"
                         WIDTH="843"
                         VPOS="1158"
                         HPOS="441">
                  <String HEIGHT="64"
                          WIDTH="226"
                          VPOS="1158"
                          HPOS="426"
                          CONTENT="pellationes"/>
                  <SP HEIGHT="64" WIDTH="15" VPOS="1158" HPOS="652"/>
                  <String HEIGHT="64"
                          WIDTH="181"
                          VPOS="1158"
                          HPOS="607"
                          CONTENT="respectu"/>
                  <SP HEIGHT="64" WIDTH="15" VPOS="1158" HPOS="787"/>
                  <String HEIGHT="64"
                          WIDTH="166"
                          VPOS="1158"
                          HPOS="742"
                          CONTENT="eiusdem"/>
                  <SP HEIGHT="64" WIDTH="15" VPOS="1158" HPOS="908"/>
                  <String HEIGHT="64"
                          WIDTH="166"
                          VPOS="1158"
                          HPOS="863"
                          CONTENT="termini"/>
                  <SP HEIGHT="64" WIDTH="15" VPOS="1158" HPOS="1028"/>
                  <String HEIGHT="64"
                          WIDTH="166"
                          VPOS="1158"
                          HPOS="983"
                          CONTENT="ratione"/>
                  <SP HEIGHT="64" WIDTH="15" VPOS="1158" HPOS="1149"/>
                  <String HEIGHT="64"
                          WIDTH="151"
                          VPOS="1158"
                          HPOS="1103"
                          CONTENT="duorum"/>
                  <SP HEIGHT="64" WIDTH="15" VPOS="1158" HPOS="1254"/>
                  <String HEIGHT="64"
                          WIDTH="90"
                          VPOS="1158"
                          HPOS="1194"
                          CONTENT="fun"
                          SUBS_TYPE="HypPart1"
                          SUBS_CONTENT="fundamentorum"/>
                  <HYP CONTENT="-"/>
               </TextLine>
               <TextLine ID="r3l27"
                         BASELINE="1246"
                         HEIGHT="37"
                         WIDTH="847"
                         VPOS="1209"
                         HPOS="435">
                  <String HEIGHT="37"
                          WIDTH="237"
                          VPOS="1209"
                          HPOS="418"
                          CONTENT="damentorum"
                          SUBS_TYPE="HypPart2"
                          SUBS_CONTENT="fundamentorum"/>
                  <SP HEIGHT="37" WIDTH="17" VPOS="1209" HPOS="655"/>
                  <String HEIGHT="37"
                          WIDTH="203"
                          VPOS="1209"
                          HPOS="604"
                          CONTENT="poterunt"/>
                  <SP HEIGHT="37" WIDTH="17" VPOS="1209" HPOS="808"/>
                  <String HEIGHT="37"
                          WIDTH="220"
                          VPOS="1209"
                          HPOS="757"
                          CONTENT="conuenire"/>
                  <SP HEIGHT="37" WIDTH="17" VPOS="1209" HPOS="977"/>
                  <String HEIGHT="37"
                          WIDTH="152"
                          VPOS="1209"
                          HPOS="926"
                          CONTENT="simul"/>
                  <SP HEIGHT="37" WIDTH="17" VPOS="1209" HPOS="1079"/>
                  <String HEIGHT="37"
                          WIDTH="152"
                          VPOS="1209"
                          HPOS="1028"
                          CONTENT="eidem"/>
                  <SP HEIGHT="37" WIDTH="17" VPOS="1209" HPOS="1180"/>
                  <String HEIGHT="37"
                          WIDTH="136"
                          VPOS="1209"
                          HPOS="1130"
                          CONTENT="rei:"/>
                  <SP HEIGHT="37" WIDTH="17" VPOS="1209" HPOS="1265"/>
                  <String HEIGHT="37"
                          WIDTH="85"
                          VPOS="1209"
                          HPOS="1197"
                          CONTENT="Nam"/>
               </TextLine>
               <TextLine ID="r3l28"
                         BASELINE="1290"
                         HEIGHT="47"
                         WIDTH="842"
                         VPOS="1243"
                         HPOS="441">
                  <String HEIGHT="47"
                          WIDTH="127"
                          VPOS="1243"
                          HPOS="425"
                          CONTENT="idem"/>
                  <SP HEIGHT="47" WIDTH="16" VPOS="1243" HPOS="552"/>
                  <String HEIGHT="47"
                          WIDTH="143"
                          VPOS="1243"
                          HPOS="505"
                          CONTENT="pomum"/>
                  <SP HEIGHT="47" WIDTH="16" VPOS="1243" HPOS="648"/>
                  <String HEIGHT="47"
                          WIDTH="191"
                          VPOS="1243"
                          HPOS="600"
                          CONTENT="existens"/>
                  <SP HEIGHT="47" WIDTH="16" VPOS="1243" HPOS="791"/>
                  <String HEIGHT="47"
                          WIDTH="175"
                          VPOS="1243"
                          HPOS="743"
                          CONTENT="rubeum,"/>
                  <SP HEIGHT="47" WIDTH="16" VPOS="1243" HPOS="918"/>
                  <String HEIGHT="47" WIDTH="79" VPOS="1243" HPOS="870" CONTENT="&amp;"/>
                  <SP HEIGHT="47" WIDTH="16" VPOS="1243" HPOS="949"/>
                  <String HEIGHT="47"
                          WIDTH="159"
                          VPOS="1243"
                          HPOS="902"
                          CONTENT="dulce,"/>
                  <SP HEIGHT="47" WIDTH="16" VPOS="1243" HPOS="1061"/>
                  <String HEIGHT="47"
                          WIDTH="159"
                          VPOS="1243"
                          HPOS="1013"
                          CONTENT="potest"/>
                  <SP HEIGHT="47" WIDTH="16" VPOS="1243" HPOS="1172"/>
                  <String HEIGHT="47"
                          WIDTH="159"
                          VPOS="1243"
                          HPOS="1124"
                          CONTENT="alteri"/>
                  <SP HEIGHT="47" WIDTH="16" VPOS="1243" HPOS="1283"/>
                  <String HEIGHT="47" WIDTH="64" VPOS="1243" HPOS="1219" CONTENT="po"/>
               </TextLine>
               <TextLine ID="r3l29"
                         BASELINE="1330"
                         HEIGHT="49"
                         WIDTH="839"
                         VPOS="1281"
                         HPOS="441">
                  <String HEIGHT="49" WIDTH="90" VPOS="1281" HPOS="426" CONTENT="mo"/>
                  <SP HEIGHT="49" WIDTH="15" VPOS="1281" HPOS="516"/>
                  <String HEIGHT="49"
                          WIDTH="195"
                          VPOS="1281"
                          HPOS="471"
                          CONTENT="existenti"/>
                  <SP HEIGHT="49" WIDTH="15" VPOS="1281" HPOS="666"/>
                  <String HEIGHT="49"
                          WIDTH="150"
                          VPOS="1281"
                          HPOS="621"
                          CONTENT="rubeo,"/>
                  <SP HEIGHT="49" WIDTH="15" VPOS="1281" HPOS="771"/>
                  <String HEIGHT="49" WIDTH="75" VPOS="1281" HPOS="726" CONTENT="&amp;"/>
                  <SP HEIGHT="49" WIDTH="15" VPOS="1281" HPOS="801"/>
                  <String HEIGHT="49"
                          WIDTH="150"
                          VPOS="1281"
                          HPOS="756"
                          CONTENT="amaro,"/>
                  <SP HEIGHT="49" WIDTH="15" VPOS="1281" HPOS="905"/>
                  <String HEIGHT="49"
                          WIDTH="105"
                          VPOS="1281"
                          HPOS="861"
                          CONTENT="seu"/>
                  <SP HEIGHT="49" WIDTH="15" VPOS="1281" HPOS="965"/>
                  <String HEIGHT="49"
                          WIDTH="165"
                          VPOS="1281"
                          HPOS="920"
                          CONTENT="pontico"/>
                  <SP HEIGHT="49" WIDTH="15" VPOS="1281" HPOS="1085"/>
                  <String HEIGHT="49"
                          WIDTH="120"
                          VPOS="1281"
                          HPOS="1040"
                          CONTENT="esse"/>
                  <SP HEIGHT="49" WIDTH="15" VPOS="1281" HPOS="1160"/>
                  <String HEIGHT="49"
                          WIDTH="150"
                          VPOS="1281"
                          HPOS="1115"
                          CONTENT="simile"/>
                  <SP HEIGHT="49" WIDTH="15" VPOS="1281" HPOS="1265"/>
                  <String HEIGHT="49"
                          WIDTH="75"
                          VPOS="1281"
                          HPOS="1205"
                          CONTENT="ra"
                          SUBS_TYPE="HypPart1"
                          SUBS_CONTENT="ratione"/>
                  <HYP CONTENT="-"/>
               </TextLine>
               <TextLine ID="r3l30"
                         BASELINE="1369"
                         HEIGHT="43"
                         WIDTH="838"
                         VPOS="1326"
                         HPOS="439">
                  <String HEIGHT="43"
                          WIDTH="130"
                          VPOS="1326"
                          HPOS="425"
                          CONTENT="tione"
                          SUBS_TYPE="HypPart2"
                          SUBS_CONTENT="ratione"/>
                  <SP HEIGHT="43" WIDTH="14" VPOS="1326" HPOS="555"/>
                  <String HEIGHT="43"
                          WIDTH="202"
                          VPOS="1326"
                          HPOS="511"
                          CONTENT="rubedinis,"/>
                  <SP HEIGHT="43" WIDTH="14" VPOS="1326" HPOS="714"/>
                  <String HEIGHT="43" WIDTH="72" VPOS="1326" HPOS="670" CONTENT="&amp;"/>
                  <SP HEIGHT="43" WIDTH="14" VPOS="1326" HPOS="742"/>
                  <String HEIGHT="43"
                          WIDTH="188"
                          VPOS="1326"
                          HPOS="699"
                          CONTENT="dissimile"/>
                  <SP HEIGHT="43" WIDTH="14" VPOS="1326" HPOS="887"/>
                  <String HEIGHT="43"
                          WIDTH="159"
                          VPOS="1326"
                          HPOS="844"
                          CONTENT="ratione"/>
                  <SP HEIGHT="43" WIDTH="14" VPOS="1326" HPOS="1002"/>
                  <String HEIGHT="43"
                          WIDTH="202"
                          VPOS="1326"
                          HPOS="959"
                          CONTENT="dulcedinis"/>
                  <SP HEIGHT="43" WIDTH="14" VPOS="1326" HPOS="1161"/>
                  <String HEIGHT="43" WIDTH="72" VPOS="1326" HPOS="1118" CONTENT=":"/>
                  <SP HEIGHT="43" WIDTH="14" VPOS="1326" HPOS="1190"/>
                  <String HEIGHT="43"
                          WIDTH="101"
                          VPOS="1326"
                          HPOS="1147"
                          CONTENT="Cum"/>
                  <SP HEIGHT="43" WIDTH="14" VPOS="1326" HPOS="1248"/>
                  <String HEIGHT="43"
                          WIDTH="87"
                          VPOS="1326"
                          HPOS="1190"
                          CONTENT="ergo"/>
               </TextLine>
               <TextLine ID="r3l31"
                         BASELINE="1412"
                         HEIGHT="44"
                         WIDTH="845"
                         VPOS="1368"
                         HPOS="438">
                  <String HEIGHT="44"
                          WIDTH="166"
                          VPOS="1368"
                          HPOS="423"
                          CONTENT="localis"/>
                  <SP HEIGHT="44" WIDTH="15" VPOS="1368" HPOS="589"/>
                  <String HEIGHT="44"
                          WIDTH="211"
                          VPOS="1368"
                          HPOS="544"
                          CONTENT="distantia,"/>
                  <SP HEIGHT="44" WIDTH="15" VPOS="1368" HPOS="755"/>
                  <String HEIGHT="44" WIDTH="75" VPOS="1368" HPOS="710" CONTENT="&amp;"/>
                  <SP HEIGHT="44" WIDTH="15" VPOS="1368" HPOS="785"/>
                  <String HEIGHT="44"
                          WIDTH="226"
                          VPOS="1368"
                          HPOS="740"
                          CONTENT="indistantia"/>
                  <SP HEIGHT="44" WIDTH="15" VPOS="1368" HPOS="966"/>
                  <String HEIGHT="44"
                          WIDTH="121"
                          VPOS="1368"
                          HPOS="921"
                          CONTENT="sunt"/>
                  <SP HEIGHT="44" WIDTH="15" VPOS="1368" HPOS="1042"/>
                  <String HEIGHT="44"
                          WIDTH="166"
                          VPOS="1368"
                          HPOS="996"
                          CONTENT="quaedam"/>
                  <SP HEIGHT="44" WIDTH="15" VPOS="1368" HPOS="1162"/>
                  <String HEIGHT="44"
                          WIDTH="181"
                          VPOS="1368"
                          HPOS="1102"
                          CONTENT="relationes"/>
               </TextLine>
               <TextLine ID="r3l32"
                         BASELINE="1448"
                         HEIGHT="54"
                         WIDTH="848"
                         VPOS="1394"
                         HPOS="442">
                  <String HEIGHT="54"
                          WIDTH="200"
                          VPOS="1394"
                          HPOS="427"
                          CONTENT="expressae"/>
                  <SP HEIGHT="54" WIDTH="15" VPOS="1394" HPOS="627"/>
                  <String HEIGHT="54"
                          WIDTH="108"
                          VPOS="1394"
                          HPOS="581"
                          CONTENT="per"/>
                  <SP HEIGHT="54" WIDTH="15" VPOS="1394" HPOS="689"/>
                  <String HEIGHT="54"
                          WIDTH="139"
                          VPOS="1394"
                          HPOS="642"
                          CONTENT="modum"/>
                  <SP HEIGHT="54" WIDTH="15" VPOS="1394" HPOS="781"/>
                  <String HEIGHT="54"
                          WIDTH="247"
                          VPOS="1394"
                          HPOS="735"
                          CONTENT="peiuationis,"/>
                  <SP HEIGHT="54" WIDTH="15" VPOS="1394" HPOS="982"/>
                  <String HEIGHT="54" WIDTH="77" VPOS="1394" HPOS="935" CONTENT="&amp;"/>
                  <SP HEIGHT="54" WIDTH="15" VPOS="1394" HPOS="1012"/>
                  <String HEIGHT="54"
                          WIDTH="185"
                          VPOS="1394"
                          HPOS="966"
                          CONTENT="habitus,"/>
                  <SP HEIGHT="54" WIDTH="15" VPOS="1394" HPOS="1151"/>
                  <String HEIGHT="54"
                          WIDTH="185"
                          VPOS="1394"
                          HPOS="1105"
                          CONTENT="fundatae"/>
                  <SP HEIGHT="54" WIDTH="15" VPOS="1394" HPOS="1290"/>
                  <String HEIGHT="54" WIDTH="62" VPOS="1394" HPOS="1228" CONTENT="in"/>
               </TextLine>
               <TextLine ID="r3l33"
                         BASELINE="1485"
                         HEIGHT="52"
                         WIDTH="834"
                         VPOS="1433"
                         HPOS="444">
                  <String HEIGHT="52" WIDTH="91" VPOS="1433" HPOS="429" CONTENT="re"/>
                  <SP HEIGHT="52" WIDTH="15" VPOS="1433" HPOS="520"/>
                  <String HEIGHT="52"
                          WIDTH="152"
                          VPOS="1433"
                          HPOS="474"
                          CONTENT="locata"/>
                  <SP HEIGHT="52" WIDTH="15" VPOS="1433" HPOS="626"/>
                  <String HEIGHT="52"
                          WIDTH="182"
                          VPOS="1433"
                          HPOS="580"
                          CONTENT="mediante"/>
                  <SP HEIGHT="52" WIDTH="15" VPOS="1433" HPOS="762"/>
                  <String HEIGHT="52"
                          WIDTH="121"
                          VPOS="1433"
                          HPOS="717"
                          CONTENT="ipso"/>
                  <SP HEIGHT="52" WIDTH="15" VPOS="1433" HPOS="838"/>
                  <String HEIGHT="52"
                          WIDTH="121"
                          VPOS="1433"
                          HPOS="793"
                          CONTENT="vbi."/>
                  <SP HEIGHT="52" WIDTH="15" VPOS="1433" HPOS="914"/>
                  <String HEIGHT="52"
                          WIDTH="121"
                          VPOS="1433"
                          HPOS="869"
                          CONTENT="ideo"/>
                  <SP HEIGHT="52" WIDTH="15" VPOS="1433" HPOS="990"/>
                  <String HEIGHT="52"
                          WIDTH="167"
                          VPOS="1433"
                          HPOS="944"
                          CONTENT="ratione"/>
                  <SP HEIGHT="52" WIDTH="15" VPOS="1433" HPOS="1111"/>
                  <String HEIGHT="52"
                          WIDTH="136"
                          VPOS="1433"
                          HPOS="1066"
                          CONTENT="vnius"/>
                  <SP HEIGHT="52" WIDTH="15" VPOS="1433" HPOS="1202"/>
                  <String HEIGHT="52"
                          WIDTH="106"
                          VPOS="1433"
                          HPOS="1157"
                          CONTENT="vbi"/>
                  <SP HEIGHT="52" WIDTH="15" VPOS="1433" HPOS="1263"/>
                  <String HEIGHT="52"
                          WIDTH="76"
                          VPOS="1433"
                          HPOS="1202"
                          CONTENT="ea"
                          SUBS_TYPE="HypPart1"
                          SUBS_CONTENT="eadem"/>
                  <HYP CONTENT="-"/>
               </TextLine>
               <TextLine ID="r3l34"
                         BASELINE="1530"
                         HEIGHT="58"
                         WIDTH="846"
                         VPOS="1472"
                         HPOS="437">
                  <String HEIGHT="58"
                          WIDTH="100"
                          VPOS="1472"
                          HPOS="423"
                          CONTENT="dem"
                          SUBS_TYPE="HypPart2"
                          SUBS_CONTENT="eadem"/>
                  <SP HEIGHT="58" WIDTH="14" VPOS="1472" HPOS="523"/>
                  <String HEIGHT="58"
                          WIDTH="100"
                          VPOS="1472"
                          HPOS="480"
                          CONTENT="res"/>
                  <SP HEIGHT="58" WIDTH="14" VPOS="1472" HPOS="580"/>
                  <String HEIGHT="58"
                          WIDTH="143"
                          VPOS="1472"
                          HPOS="537"
                          CONTENT="potest"/>
                  <SP HEIGHT="58" WIDTH="14" VPOS="1472" HPOS="681"/>
                  <String HEIGHT="58"
                          WIDTH="129"
                          VPOS="1472"
                          HPOS="638"
                          CONTENT="simul"/>
                  <SP HEIGHT="58" WIDTH="14" VPOS="1472" HPOS="767"/>
                  <String HEIGHT="58"
                          WIDTH="115"
                          VPOS="1472"
                          HPOS="724"
                          CONTENT="esse"/>
                  <SP HEIGHT="58" WIDTH="14" VPOS="1472" HPOS="838"/>
                  <String HEIGHT="58"
                          WIDTH="172"
                          VPOS="1472"
                          HPOS="795"
                          CONTENT="distans,"/>
                  <SP HEIGHT="58" WIDTH="14" VPOS="1472" HPOS="968"/>
                  <String HEIGHT="58" WIDTH="72" VPOS="1472" HPOS="925" CONTENT="&amp;"/>
                  <SP HEIGHT="58" WIDTH="14" VPOS="1472" HPOS="996"/>
                  <String HEIGHT="58"
                          WIDTH="186"
                          VPOS="1472"
                          HPOS="953"
                          CONTENT="indistans"/>
                  <SP HEIGHT="58" WIDTH="14" VPOS="1472" HPOS="1140"/>
                  <String HEIGHT="58"
                          WIDTH="172"
                          VPOS="1472"
                          HPOS="1097"
                          CONTENT="respectu"/>
                  <SP HEIGHT="58" WIDTH="14" VPOS="1472" HPOS="1269"/>
                  <String HEIGHT="58"
                          WIDTH="72"
                          VPOS="1472"
                          HPOS="1211"
                          CONTENT="di"
                          SUBS_TYPE="HypPart1"
                          SUBS_CONTENT="diuersorum"/>
                  <HYP CONTENT="-"/>
               </TextLine>
               <TextLine ID="r3l35"
                         BASELINE="1562"
                         HEIGHT="47"
                         WIDTH="840"
                         VPOS="1515"
                         HPOS="446">
                  <String HEIGHT="47"
                          WIDTH="187"
                          VPOS="1515"
                          HPOS="430"
                          CONTENT="uersorum"
                          SUBS_TYPE="HypPart2"
                          SUBS_CONTENT="diuersorum"/>
                  <SP HEIGHT="47" WIDTH="16" VPOS="1515" HPOS="617"/>
                  <String HEIGHT="47"
                          WIDTH="233"
                          VPOS="1515"
                          HPOS="570"
                          CONTENT="terminorum,"/>
                  <SP HEIGHT="47" WIDTH="16" VPOS="1515" HPOS="804"/>
                  <String HEIGHT="47"
                          WIDTH="156"
                          VPOS="1515"
                          HPOS="757"
                          CONTENT="quorum"/>
                  <SP HEIGHT="47" WIDTH="16" VPOS="1515" HPOS="913"/>
                  <String HEIGHT="47"
                          WIDTH="124"
                          VPOS="1515"
                          HPOS="866"
                          CONTENT="vnus"/>
                  <SP HEIGHT="47" WIDTH="16" VPOS="1515" HPOS="990"/>
                  <String HEIGHT="47"
                          WIDTH="109"
                          VPOS="1515"
                          HPOS="944"
                          CONTENT="est"/>
                  <SP HEIGHT="47" WIDTH="16" VPOS="1515" HPOS="1053"/>
                  <String HEIGHT="47"
                          WIDTH="124"
                          VPOS="1515"
                          HPOS="1006"
                          CONTENT="sibi"/>
                  <SP HEIGHT="47" WIDTH="16" VPOS="1515" HPOS="1130"/>
                  <String HEIGHT="47"
                          WIDTH="233"
                          VPOS="1515"
                          HPOS="1084"
                          CONTENT="coniunctus,"/>
                  <SP HEIGHT="47" WIDTH="16" VPOS="1515" HPOS="1317"/>
                  <String HEIGHT="47" WIDTH="31" VPOS="1515" HPOS="1255" CONTENT=""/>
               </TextLine>
               <TextLine ID="r3l36"
                         BASELINE="1606"
                         HEIGHT="49"
                         WIDTH="839"
                         VPOS="1557"
                         HPOS="437">
                  <String HEIGHT="49" WIDTH="82" VPOS="1557" HPOS="421" CONTENT="&amp;"/>
                  <SP HEIGHT="49" WIDTH="16" VPOS="1557" HPOS="503"/>
                  <String HEIGHT="49"
                          WIDTH="148"
                          VPOS="1557"
                          HPOS="453"
                          CONTENT="alter"/>
                  <SP HEIGHT="49" WIDTH="16" VPOS="1557" HPOS="602"/>
                  <String HEIGHT="49" WIDTH="99" VPOS="1557" HPOS="552" CONTENT="ab"/>
                  <SP HEIGHT="49" WIDTH="16" VPOS="1557" HPOS="651"/>
                  <String HEIGHT="49" WIDTH="99" VPOS="1557" HPOS="602" CONTENT="eo"/>
                  <SP HEIGHT="49" WIDTH="16" VPOS="1557" HPOS="700"/>
                  <String HEIGHT="49"
                          WIDTH="247"
                          VPOS="1557"
                          HPOS="651"
                          CONTENT="disiunctus:"/>
                  <SP HEIGHT="49" WIDTH="16" VPOS="1557" HPOS="898"/>
                  <String HEIGHT="49" WIDTH="82" VPOS="1557" HPOS="848" CONTENT="&amp;"/>
                  <SP HEIGHT="49" WIDTH="16" VPOS="1557" HPOS="931"/>
                  <String HEIGHT="49"
                          WIDTH="148"
                          VPOS="1557"
                          HPOS="881"
                          CONTENT="eadem"/>
                  <SP HEIGHT="49" WIDTH="16" VPOS="1557" HPOS="1029"/>
                  <String HEIGHT="49"
                          WIDTH="115"
                          VPOS="1557"
                          HPOS="980"
                          CONTENT="res"/>
                  <SP HEIGHT="49" WIDTH="16" VPOS="1557" HPOS="1095"/>
                  <String HEIGHT="49"
                          WIDTH="165"
                          VPOS="1557"
                          HPOS="1046"
                          CONTENT="habens"/>
                  <SP HEIGHT="49" WIDTH="16" VPOS="1557" HPOS="1210"/>
                  <String HEIGHT="49"
                          WIDTH="115"
                          VPOS="1557"
                          HPOS="1161"
                          CONTENT="duo"/>
                  <SP HEIGHT="49" WIDTH="16" VPOS="1557" HPOS="1276"/>
                  <String HEIGHT="49" WIDTH="66" VPOS="1557" HPOS="1210" CONTENT="vb"/>
               </TextLine>
               <TextLine ID="r3l37"
                         BASELINE="1642"
                         HEIGHT="41"
                         WIDTH="847"
                         VPOS="1601"
                         HPOS="440">
                  <String HEIGHT="41"
                          WIDTH="115"
                          VPOS="1601"
                          HPOS="426"
                          CONTENT="erit"/>
                  <SP HEIGHT="41" WIDTH="14" VPOS="1601" HPOS="540"/>
                  <String HEIGHT="41"
                          WIDTH="129"
                          VPOS="1601"
                          HPOS="497"
                          CONTENT="simul"/>
                  <SP HEIGHT="41" WIDTH="14" VPOS="1601" HPOS="627"/>
                  <String HEIGHT="41"
                          WIDTH="172"
                          VPOS="1601"
                          HPOS="584"
                          CONTENT="distans,"/>
                  <SP HEIGHT="41" WIDTH="14" VPOS="1601" HPOS="756"/>
                  <String HEIGHT="41" WIDTH="72" VPOS="1601" HPOS="713" CONTENT="&amp;"/>
                  <SP HEIGHT="41" WIDTH="14" VPOS="1601" HPOS="785"/>
                  <String HEIGHT="41"
                          WIDTH="187"
                          VPOS="1601"
                          HPOS="741"
                          CONTENT="indistans"/>
                  <SP HEIGHT="41" WIDTH="14" VPOS="1601" HPOS="928"/>
                  <String HEIGHT="41"
                          WIDTH="172"
                          VPOS="1601"
                          HPOS="885"
                          CONTENT="respectu"/>
                  <SP HEIGHT="41" WIDTH="14" VPOS="1601" HPOS="1057"/>
                  <String HEIGHT="41"
                          WIDTH="115"
                          VPOS="1601"
                          HPOS="1014"
                          CONTENT="eius"/>
                  <SP HEIGHT="41" WIDTH="14" VPOS="1601" HPOS="1129"/>
                  <String HEIGHT="41"
                          WIDTH="129"
                          VPOS="1601"
                          HPOS="1086"
                          CONTENT="loci:"/>
                  <SP HEIGHT="41" WIDTH="14" VPOS="1601" HPOS="1215"/>
                  <String HEIGHT="41"
                          WIDTH="100"
                          VPOS="1601"
                          HPOS="1172"
                          CONTENT="nam"/>
                  <SP HEIGHT="41" WIDTH="14" VPOS="1601" HPOS="1273"/>
                  <String HEIGHT="41"
                          WIDTH="72"
                          VPOS="1601"
                          HPOS="1215"
                          CONTENT="ra"
                          SUBS_TYPE="HypPart1"
                          SUBS_CONTENT="ratione"/>
                  <HYP CONTENT="-"/>
               </TextLine>
               <TextLine ID="r3l38"
                         BASELINE="1682"
                         HEIGHT="50"
                         WIDTH="826"
                         VPOS="1632"
                         HPOS="448">
                  <String HEIGHT="50"
                          WIDTH="130"
                          VPOS="1632"
                          HPOS="434"
                          CONTENT="tione"
                          SUBS_TYPE="HypPart2"
                          SUBS_CONTENT="ratione"/>
                  <SP HEIGHT="50" WIDTH="14" VPOS="1632" HPOS="564"/>
                  <String HEIGHT="50"
                          WIDTH="145"
                          VPOS="1632"
                          HPOS="520"
                          CONTENT="illius"/>
                  <SP HEIGHT="50" WIDTH="14" VPOS="1632" HPOS="665"/>
                  <String HEIGHT="50"
                          WIDTH="116"
                          VPOS="1632"
                          HPOS="622"
                          CONTENT="vbi,"/>
                  <SP HEIGHT="50" WIDTH="14" VPOS="1632" HPOS="738"/>
                  <String HEIGHT="50"
                          WIDTH="116"
                          VPOS="1632"
                          HPOS="694"
                          CONTENT="quod"/>
                  <SP HEIGHT="50" WIDTH="14" VPOS="1632" HPOS="810"/>
                  <String HEIGHT="50"
                          WIDTH="159"
                          VPOS="1632"
                          HPOS="767"
                          CONTENT="sortita"/>
                  <SP HEIGHT="50" WIDTH="14" VPOS="1632" HPOS="926"/>
                  <String HEIGHT="50"
                          WIDTH="101"
                          VPOS="1632"
                          HPOS="883"
                          CONTENT="est"/>
                  <SP HEIGHT="50" WIDTH="14" VPOS="1632" HPOS="984"/>
                  <String HEIGHT="50" WIDTH="87" VPOS="1632" HPOS="941" CONTENT="ex"/>
                  <SP HEIGHT="50" WIDTH="14" VPOS="1632" HPOS="1028"/>
                  <String HEIGHT="50"
                          WIDTH="290"
                          VPOS="1632"
                          HPOS="984"
                          CONTENT="circumscriptione"/>
                  <SP HEIGHT="50" WIDTH="14" VPOS="1632" HPOS="1274"/>
                  <String HEIGHT="50" WIDTH="58" VPOS="1632" HPOS="1216" CONTENT="il"/>
               </TextLine>
               <TextLine ID="r3l39"
                         BASELINE="1719"
                         HEIGHT="48"
                         WIDTH="828"
                         VPOS="1671"
                         HPOS="449">
                  <String HEIGHT="48"
                          WIDTH="105"
                          VPOS="1671"
                          HPOS="436"
                          CONTENT="lius"/>
                  <SP HEIGHT="48" WIDTH="13" VPOS="1671" HPOS="541"/>
                  <String HEIGHT="48"
                          WIDTH="118"
                          VPOS="1671"
                          HPOS="502"
                          CONTENT="loci,"/>
                  <SP HEIGHT="48" WIDTH="13" VPOS="1671" HPOS="620"/>
                  <String HEIGHT="48" WIDTH="92" VPOS="1671" HPOS="580" CONTENT="est"/>
                  <SP HEIGHT="48" WIDTH="13" VPOS="1671" HPOS="672"/>
                  <String HEIGHT="48"
                          WIDTH="171"
                          VPOS="1671"
                          HPOS="633"
                          CONTENT="indsstans"/>
                  <SP HEIGHT="48" WIDTH="13" VPOS="1671" HPOS="804"/>
                  <String HEIGHT="48" WIDTH="79" VPOS="1671" HPOS="764" CONTENT="ab"/>
                  <SP HEIGHT="48" WIDTH="13" VPOS="1671" HPOS="843"/>
                  <String HEIGHT="48"
                          WIDTH="105"
                          VPOS="1671"
                          HPOS="804"
                          CONTENT="isto"/>
                  <SP HEIGHT="48" WIDTH="13" VPOS="1671" HPOS="909"/>
                  <String HEIGHT="48"
                          WIDTH="118"
                          VPOS="1671"
                          HPOS="870"
                          CONTENT="loco:"/>
                  <SP HEIGHT="48" WIDTH="13" VPOS="1671" HPOS="988"/>
                  <String HEIGHT="48" WIDTH="92" VPOS="1671" HPOS="948" CONTENT="sed"/>
                  <SP HEIGHT="48" WIDTH="13" VPOS="1671" HPOS="1040"/>
                  <String HEIGHT="48"
                          WIDTH="145"
                          VPOS="1671"
                          HPOS="1001"
                          CONTENT="ratione"/>
                  <SP HEIGHT="48" WIDTH="13" VPOS="1671" HPOS="1146"/>
                  <String HEIGHT="48"
                          WIDTH="158"
                          VPOS="1671"
                          HPOS="1106"
                          CONTENT="alterius"/>
                  <SP HEIGHT="48" WIDTH="13" VPOS="1671" HPOS="1264"/>
                  <String HEIGHT="48"
                          WIDTH="66"
                          VPOS="1671"
                          HPOS="1211"
                          CONTENT="vbi"/>
               </TextLine>
               <TextLine ID="r3l40"
                         BASELINE="1758"
                         HEIGHT="49"
                         WIDTH="826"
                         VPOS="1709"
                         HPOS="448">
                  <String HEIGHT="49"
                          WIDTH="112"
                          VPOS="1709"
                          HPOS="434"
                          CONTENT="quod"/>
                  <SP HEIGHT="49" WIDTH="14" VPOS="1709" HPOS="546"/>
                  <String HEIGHT="49"
                          WIDTH="154"
                          VPOS="1709"
                          HPOS="504"
                          CONTENT="sortita"/>
                  <SP HEIGHT="49" WIDTH="14" VPOS="1709" HPOS="658"/>
                  <String HEIGHT="49" WIDTH="98" VPOS="1709" HPOS="616" CONTENT="est"/>
                  <SP HEIGHT="49" WIDTH="14" VPOS="1709" HPOS="714"/>
                  <String HEIGHT="49" WIDTH="84" VPOS="1709" HPOS="672" CONTENT="ex"/>
                  <SP HEIGHT="49" WIDTH="14" VPOS="1709" HPOS="756"/>
                  <String HEIGHT="49"
                          WIDTH="280"
                          VPOS="1709"
                          HPOS="714"
                          CONTENT="circumscriptione"/>
                  <SP HEIGHT="49" WIDTH="14" VPOS="1709" HPOS="994"/>
                  <String HEIGHT="49"
                          WIDTH="168"
                          VPOS="1709"
                          HPOS="952"
                          CONTENT="alterius"/>
                  <SP HEIGHT="49" WIDTH="14" VPOS="1709" HPOS="1120"/>
                  <String HEIGHT="49"
                          WIDTH="126"
                          VPOS="1709"
                          HPOS="1078"
                          CONTENT="loci,"/>
                  <SP HEIGHT="49" WIDTH="14" VPOS="1709" HPOS="1204"/>
                  <String HEIGHT="49"
                          WIDTH="98"
                          VPOS="1709"
                          HPOS="1162"
                          CONTENT="est"/>
                  <SP HEIGHT="49" WIDTH="14" VPOS="1709" HPOS="1260"/>
                  <String HEIGHT="49"
                          WIDTH="70"
                          VPOS="1709"
                          HPOS="1204"
                          CONTENT="di"
                          SUBS_TYPE="HypPart1"
                          SUBS_CONTENT="distans"/>
                  <HYP CONTENT="-"/>
               </TextLine>
               <TextLine ID="r3l41"
                         BASELINE="1797"
                         HEIGHT="48"
                         WIDTH="336"
                         VPOS="1749"
                         HPOS="446">
                  <String HEIGHT="48"
                          WIDTH="137"
                          VPOS="1749"
                          HPOS="431"
                          CONTENT="stans"
                          SUBS_TYPE="HypPart2"
                          SUBS_CONTENT="distans"/>
                  <SP HEIGHT="48" WIDTH="15" VPOS="1749" HPOS="568"/>
                  <String HEIGHT="48" WIDTH="92" VPOS="1749" HPOS="522" CONTENT="ab"/>
                  <SP HEIGHT="48" WIDTH="15" VPOS="1749" HPOS="614"/>
                  <String HEIGHT="48"
                          WIDTH="122"
                          VPOS="1749"
                          HPOS="568"
                          CONTENT="isto"/>
                  <SP HEIGHT="48" WIDTH="15" VPOS="1749" HPOS="690"/>
                  <String HEIGHT="48"
                          WIDTH="137"
                          VPOS="1749"
                          HPOS="645"
                          CONTENT="loco:"/>
                  <SP HEIGHT="48" WIDTH="15" VPOS="1749" HPOS="782"/>
                  <String HEIGHT="48" WIDTH="61" VPOS="1749" HPOS="721" CONTENT="&amp;c"/>
               </TextLine>
               <TextLine ID="r3l42"
                         BASELINE="1841"
                         HEIGHT="52"
                         WIDTH="839"
                         VPOS="1789"
                         HPOS="448">
                  <String HEIGHT="52"
                          WIDTH="148"
                          VPOS="1789"
                          HPOS="432"
                          CONTENT="Forte"/>
                  <SP HEIGHT="52" WIDTH="16" VPOS="1789" HPOS="580"/>
                  <String HEIGHT="52"
                          WIDTH="197"
                          VPOS="1789"
                          HPOS="530"
                          CONTENT="dicetur,"/>
                  <SP HEIGHT="52" WIDTH="16" VPOS="1789" HPOS="728"/>
                  <String HEIGHT="52"
                          WIDTH="132"
                          VPOS="1789"
                          HPOS="678"
                          CONTENT="quod"/>
                  <SP HEIGHT="52" WIDTH="16" VPOS="1789" HPOS="810"/>
                  <String HEIGHT="52"
                          WIDTH="115"
                          VPOS="1789"
                          HPOS="761"
                          CONTENT="hic"/>
                  <SP HEIGHT="52" WIDTH="16" VPOS="1789" HPOS="876"/>
                  <String HEIGHT="52"
                          WIDTH="197"
                          VPOS="1789"
                          HPOS="826"
                          CONTENT="concedam"/>
                  <SP HEIGHT="52" WIDTH="16" VPOS="1789" HPOS="1024"/>
                  <String HEIGHT="52"
                          WIDTH="214"
                          VPOS="1789"
                          HPOS="974"
                          CONTENT="priuatiue"/>
                  <SP HEIGHT="52" WIDTH="16" VPOS="1789" HPOS="1188"/>
                  <String HEIGHT="52"
                          WIDTH="165"
                          VPOS="1789"
                          HPOS="1122"
                          CONTENT="opposita"/>
               </TextLine>
               <TextLine ID="r3l43"
                         BASELINE="1886"
                         HEIGHT="58"
                         WIDTH="742"
                         VPOS="1828"
                         HPOS="432">
                  <String HEIGHT="58"
                          WIDTH="145"
                          VPOS="1828"
                          HPOS="416"
                          CONTENT="simul"/>
                  <SP HEIGHT="58" WIDTH="16" VPOS="1828" HPOS="561"/>
                  <String HEIGHT="58"
                          WIDTH="145"
                          VPOS="1828"
                          HPOS="513"
                          CONTENT="eidem"/>
                  <SP HEIGHT="58" WIDTH="16" VPOS="1828" HPOS="658"/>
                  <String HEIGHT="58"
                          WIDTH="177"
                          VPOS="1828"
                          HPOS="609"
                          CONTENT="inesse:"/>
                  <SP HEIGHT="58" WIDTH="16" VPOS="1828" HPOS="787"/>
                  <String HEIGHT="58"
                          WIDTH="129"
                          VPOS="1828"
                          HPOS="738"
                          CONTENT="quod"/>
                  <SP HEIGHT="58" WIDTH="16" VPOS="1828" HPOS="868"/>
                  <String HEIGHT="58"
                          WIDTH="145"
                          VPOS="1828"
                          HPOS="819"
                          CONTENT="tamen"/>
                  <SP HEIGHT="58" WIDTH="16" VPOS="1828" HPOS="964"/>
                  <String HEIGHT="58"
                          WIDTH="194"
                          VPOS="1828"
                          HPOS="916"
                          CONTENT="superius"/>
                  <SP HEIGHT="58" WIDTH="16" VPOS="1828" HPOS="1109"/>
                  <String HEIGHT="58"
                          WIDTH="129"
                          VPOS="1828"
                          HPOS="1045"
                          CONTENT="negaui"/>
               </TextLine>
               <TextLine ID="r3l44"
                         BASELINE="1914"
                         HEIGHT="50"
                         WIDTH="815"
                         VPOS="1864"
                         HPOS="472">
                  <String HEIGHT="50"
                          WIDTH="204"
                          VPOS="1864"
                          HPOS="457"
                          CONTENT="Respondeo,"/>
                  <SP HEIGHT="50" WIDTH="15" VPOS="1864" HPOS="661"/>
                  <String HEIGHT="50"
                          WIDTH="116"
                          VPOS="1864"
                          HPOS="618"
                          CONTENT="quod"/>
                  <SP HEIGHT="50" WIDTH="15" VPOS="1864" HPOS="734"/>
                  <String HEIGHT="50"
                          WIDTH="131"
                          VPOS="1864"
                          HPOS="690"
                          CONTENT="licet"/>
                  <SP HEIGHT="50" WIDTH="15" VPOS="1864" HPOS="821"/>
                  <String HEIGHT="50"
                          WIDTH="218"
                          VPOS="1864"
                          HPOS="778"
                          CONTENT="similitudo,"/>
                  <SP HEIGHT="50" WIDTH="15" VPOS="1864" HPOS="996"/>
                  <String HEIGHT="50" WIDTH="73" VPOS="1864" HPOS="952" CONTENT="&amp;"/>
                  <SP HEIGHT="50" WIDTH="15" VPOS="1864" HPOS="1025"/>
                  <String HEIGHT="50"
                          WIDTH="262"
                          VPOS="1864"
                          HPOS="981"
                          CONTENT="dissimilitudo,"/>
                  <SP HEIGHT="50" WIDTH="15" VPOS="1864" HPOS="1243"/>
                  <String HEIGHT="50"
                          WIDTH="102"
                          VPOS="1864"
                          HPOS="1185"
                          CONTENT="prout"/>
               </TextLine>
               <TextLine ID="r3l45"
                         BASELINE="1957"
                         HEIGHT="46"
                         WIDTH="837"
                         VPOS="1911"
                         HPOS="440">
                  <String HEIGHT="46"
                          WIDTH="158"
                          VPOS="1911"
                          HPOS="424"
                          CONTENT="alicui"/>
                  <SP HEIGHT="46" WIDTH="16" VPOS="1911" HPOS="582"/>
                  <String HEIGHT="46"
                          WIDTH="221"
                          VPOS="1911"
                          HPOS="535"
                          CONTENT="conueniunt"/>
                  <SP HEIGHT="46" WIDTH="16" VPOS="1911" HPOS="756"/>
                  <String HEIGHT="46"
                          WIDTH="174"
                          VPOS="1911"
                          HPOS="708"
                          CONTENT="ratione"/>
                  <SP HEIGHT="46" WIDTH="16" VPOS="1911" HPOS="882"/>
                  <String HEIGHT="46"
                          WIDTH="174"
                          VPOS="1911"
                          HPOS="835"
                          CONTENT="eiusdem"/>
                  <SP HEIGHT="46" WIDTH="16" VPOS="1911" HPOS="1009"/>
                  <String HEIGHT="46"
                          WIDTH="221"
                          VPOS="1911"
                          HPOS="961"
                          CONTENT="sundamenti"/>
                  <SP HEIGHT="46" WIDTH="16" VPOS="1911" HPOS="1182"/>
                  <String HEIGHT="46"
                          WIDTH="158"
                          VPOS="1911"
                          HPOS="1119"
                          CONTENT="respectu"/>
               </TextLine>
               <TextLine ID="r3l46"
                         BASELINE="2000"
                         HEIGHT="55"
                         WIDTH="841"
                         VPOS="1945"
                         HPOS="439">
                  <String HEIGHT="55"
                          WIDTH="181"
                          VPOS="1945"
                          HPOS="423"
                          CONTENT="eiusdem"/>
                  <SP HEIGHT="55" WIDTH="16" VPOS="1945" HPOS="604"/>
                  <String HEIGHT="55"
                          WIDTH="181"
                          VPOS="1945"
                          HPOS="554"
                          CONTENT="termini"/>
                  <SP HEIGHT="55" WIDTH="16" VPOS="1945" HPOS="736"/>
                  <String HEIGHT="55"
                          WIDTH="132"
                          VPOS="1945"
                          HPOS="686"
                          CONTENT="sint"/>
                  <SP HEIGHT="55" WIDTH="16" VPOS="1945" HPOS="818"/>
                  <String HEIGHT="55"
                          WIDTH="214"
                          VPOS="1945"
                          HPOS="769"
                          CONTENT="priuatiue"/>
                  <SP HEIGHT="55" WIDTH="16" VPOS="1945" HPOS="983"/>
                  <String HEIGHT="55"
                          WIDTH="214"
                          VPOS="1945"
                          HPOS="934"
                          CONTENT="opposita:"/>
                  <SP HEIGHT="55" WIDTH="16" VPOS="1945" HPOS="1148"/>
                  <String HEIGHT="55"
                          WIDTH="148"
                          VPOS="1945"
                          HPOS="1099"
                          CONTENT="tamen"/>
                  <SP HEIGHT="55" WIDTH="16" VPOS="1945" HPOS="1247"/>
                  <String HEIGHT="55"
                          WIDTH="99"
                          VPOS="1945"
                          HPOS="1181"
                          CONTENT="quo"
                          SUBS_TYPE="HypPart1"
                          SUBS_CONTENT="quocumque"/>
                  <HYP CONTENT="-"/>
               </TextLine>
               <TextLine ID="r3l47"
                         BASELINE="2032"
                         HEIGHT="50"
                         WIDTH="834"
                         VPOS="1982"
                         HPOS="449">
                  <String HEIGHT="50"
                          WIDTH="160"
                          VPOS="1982"
                          HPOS="433"
                          CONTENT="cumque"
                          SUBS_TYPE="HypPart2"
                          SUBS_CONTENT="quocumque"/>
                  <SP HEIGHT="50" WIDTH="16" VPOS="1982" HPOS="593"/>
                  <String HEIGHT="50"
                          WIDTH="176"
                          VPOS="1982"
                          HPOS="545"
                          CONTENT="istorum"/>
                  <SP HEIGHT="50" WIDTH="16" VPOS="1982" HPOS="722"/>
                  <String HEIGHT="50"
                          WIDTH="160"
                          VPOS="1982"
                          HPOS="674"
                          CONTENT="mutato"/>
                  <SP HEIGHT="50" WIDTH="16" VPOS="1982" HPOS="834"/>
                  <String HEIGHT="50"
                          WIDTH="241"
                          VPOS="1982"
                          HPOS="786"
                          CONTENT="fundamento,"/>
                  <SP HEIGHT="50" WIDTH="16" VPOS="1982" HPOS="1026"/>
                  <String HEIGHT="50"
                          WIDTH="209"
                          VPOS="1982"
                          HPOS="978"
                          CONTENT="scilicet,"/>
                  <SP HEIGHT="50" WIDTH="16" VPOS="1982" HPOS="1187"/>
                  <String HEIGHT="50"
                          WIDTH="112"
                          VPOS="1982"
                          HPOS="1139"
                          CONTENT="vel"/>
                  <SP HEIGHT="50" WIDTH="16" VPOS="1982" HPOS="1251"/>
                  <String HEIGHT="50"
                          WIDTH="96"
                          VPOS="1982"
                          HPOS="1187"
                          CONTENT="ter"
                          SUBS_TYPE="HypPart1"
                          SUBS_CONTENT="termino,"/>
                  <HYP CONTENT="-"/>
               </TextLine>
               <TextLine ID="r3l48"
                         BASELINE="2072"
                         HEIGHT="53"
                         WIDTH="852"
                         VPOS="2019"
                         HPOS="432">
                  <String HEIGHT="53"
                          WIDTH="135"
                          VPOS="2019"
                          HPOS="417"
                          CONTENT="mino,"
                          SUBS_TYPE="HypPart2"
                          SUBS_CONTENT="termino,"/>
                  <SP HEIGHT="53" WIDTH="15" VPOS="2019" HPOS="552"/>
                  <String HEIGHT="53"
                          WIDTH="120"
                          VPOS="2019"
                          HPOS="507"
                          CONTENT="tunc"/>
                  <SP HEIGHT="53" WIDTH="15" VPOS="2019" HPOS="626"/>
                  <String HEIGHT="53"
                          WIDTH="105"
                          VPOS="2019"
                          HPOS="581"
                          CONTENT="non"/>
                  <SP HEIGHT="53" WIDTH="15" VPOS="2019" HPOS="686"/>
                  <String HEIGHT="53"
                          WIDTH="120"
                          VPOS="2019"
                          HPOS="641"
                          CONTENT="sunt"/>
                  <SP HEIGHT="53" WIDTH="15" VPOS="2019" HPOS="761"/>
                  <String HEIGHT="53"
                          WIDTH="194"
                          VPOS="2019"
                          HPOS="716"
                          CONTENT="priuatiue"/>
                  <SP HEIGHT="53" WIDTH="15" VPOS="2019" HPOS="910"/>
                  <String HEIGHT="53"
                          WIDTH="194"
                          VPOS="2019"
                          HPOS="865"
                          CONTENT="opposita,"/>
                  <SP HEIGHT="53" WIDTH="15" VPOS="2019" HPOS="1060"/>
                  <String HEIGHT="53"
                          WIDTH="135"
                          VPOS="2019"
                          HPOS="1015"
                          CONTENT="licet"/>
                  <SP HEIGHT="53" WIDTH="15" VPOS="2019" HPOS="1149"/>
                  <String HEIGHT="53"
                          WIDTH="164"
                          VPOS="2019"
                          HPOS="1105"
                          CONTENT="talibus"/>
                  <SP HEIGHT="53" WIDTH="15" VPOS="2019" HPOS="1269"/>
                  <String HEIGHT="53"
                          WIDTH="75"
                          VPOS="2019"
                          HPOS="1209"
                          CONTENT="non"/>
               </TextLine>
               <TextLine ID="r3l49"
                         BASELINE="2111"
                         HEIGHT="42"
                         WIDTH="836"
                         VPOS="2069"
                         HPOS="441">
                  <String HEIGHT="42"
                          WIDTH="188"
                          VPOS="2069"
                          HPOS="424"
                          CONTENT="minibus"/>
                  <SP HEIGHT="42" WIDTH="17" VPOS="2069" HPOS="612"/>
                  <String HEIGHT="42"
                          WIDTH="256"
                          VPOS="2069"
                          HPOS="560"
                          CONTENT="exprimantur"/>
                  <SP HEIGHT="42" WIDTH="17" VPOS="2069" HPOS="816"/>
                  <String HEIGHT="42"
                          WIDTH="188"
                          VPOS="2069"
                          HPOS="765"
                          CONTENT="propter"/>
                  <SP HEIGHT="42" WIDTH="17" VPOS="2069" HPOS="953"/>
                  <String HEIGHT="42"
                          WIDTH="222"
                          VPOS="2069"
                          HPOS="902"
                          CONTENT="paenuriam"/>
                  <SP HEIGHT="42" WIDTH="17" VPOS="2069" HPOS="1123"/>
                  <String HEIGHT="42"
                          WIDTH="222"
                          VPOS="2069"
                          HPOS="1055"
                          CONTENT="vocabulorum"/>
               </TextLine>
               <TextLine ID="r3l50"
                         BASELINE="2149"
                         HEIGHT="47"
                         WIDTH="839"
                         VPOS="2102"
                         HPOS="445">
                  <String HEIGHT="47"
                          WIDTH="137"
                          VPOS="2102"
                          HPOS="428"
                          CONTENT="ideo"/>
                  <SP HEIGHT="47" WIDTH="17" VPOS="2102" HPOS="565"/>
                  <String HEIGHT="47"
                          WIDTH="154"
                          VPOS="2102"
                          HPOS="513"
                          CONTENT="licet"/>
                  <SP HEIGHT="47" WIDTH="17" VPOS="2102" HPOS="668"/>
                  <String HEIGHT="47"
                          WIDTH="154"
                          VPOS="2102"
                          HPOS="616"
                          CONTENT="primo"/>
                  <SP HEIGHT="47" WIDTH="17" VPOS="2102" HPOS="770"/>
                  <String HEIGHT="47"
                          WIDTH="137"
                          VPOS="2102"
                          HPOS="719"
                          CONTENT="modo"/>
                  <SP HEIGHT="47" WIDTH="17" VPOS="2102" HPOS="856"/>
                  <String HEIGHT="47"
                          WIDTH="188"
                          VPOS="2102"
                          HPOS="805"
                          CONTENT="numquam"/>
                  <SP HEIGHT="47" WIDTH="17" VPOS="2102" HPOS="993"/>
                  <String HEIGHT="47"
                          WIDTH="188"
                          VPOS="2102"
                          HPOS="942"
                          CONTENT="possint"/>
                  <SP HEIGHT="47" WIDTH="17" VPOS="2102" HPOS="1130"/>
                  <String HEIGHT="47"
                          WIDTH="154"
                          VPOS="2102"
                          HPOS="1079"
                          CONTENT="simul"/>
                  <SP HEIGHT="47" WIDTH="17" VPOS="2102" HPOS="1233"/>
                  <String HEIGHT="47"
                          WIDTH="120"
                          VPOS="2102"
                          HPOS="1164"
                          CONTENT="eidem"/>
               </TextLine>
               <TextLine ID="r3l51"
                         BASELINE="2194"
                         HEIGHT="54"
                         WIDTH="840"
                         VPOS="2140"
                         HPOS="434">
                  <String HEIGHT="54"
                          WIDTH="178"
                          VPOS="2140"
                          HPOS="418"
                          CONTENT="inesse,"/>
                  <SP HEIGHT="54" WIDTH="16" VPOS="2140" HPOS="596"/>
                  <String HEIGHT="54"
                          WIDTH="145"
                          VPOS="2140"
                          HPOS="547"
                          CONTENT="tamen"/>
                  <SP HEIGHT="54" WIDTH="16" VPOS="2140" HPOS="692"/>
                  <String HEIGHT="54"
                          WIDTH="113"
                          VPOS="2140"
                          HPOS="644"
                          CONTENT="hoc"/>
                  <SP HEIGHT="54" WIDTH="16" VPOS="2140" HPOS="757"/>
                  <String HEIGHT="54"
                          WIDTH="178"
                          VPOS="2140"
                          HPOS="709"
                          CONTENT="possunt"/>
                  <SP HEIGHT="54" WIDTH="16" VPOS="2140" HPOS="886"/>
                  <String HEIGHT="54"
                          WIDTH="178"
                          VPOS="2140"
                          HPOS="838"
                          CONTENT="secundo"/>
                  <SP HEIGHT="54" WIDTH="16" VPOS="2140" HPOS="1016"/>
                  <String HEIGHT="54"
                          WIDTH="145"
                          VPOS="2140"
                          HPOS="967"
                          CONTENT="modo:"/>
                  <SP HEIGHT="54" WIDTH="16" VPOS="2140" HPOS="1112"/>
                  <String HEIGHT="54"
                          WIDTH="145"
                          VPOS="2140"
                          HPOS="1064"
                          CONTENT="quia,"/>
                  <SP HEIGHT="54" WIDTH="16" VPOS="2140" HPOS="1209"/>
                  <String HEIGHT="54" WIDTH="97" VPOS="2140" HPOS="1161" CONTENT="vt"/>
                  <SP HEIGHT="54" WIDTH="16" VPOS="2140" HPOS="1258"/>
                  <String HEIGHT="54"
                          WIDTH="81"
                          VPOS="2140"
                          HPOS="1193"
                          CONTENT="sic"/>
               </TextLine>
               <TextLine ID="r3l52"
                         BASELINE="2229"
                         HEIGHT="48"
                         WIDTH="836"
                         VPOS="2181"
                         HPOS="444">
                  <String HEIGHT="48"
                          WIDTH="113"
                          VPOS="2181"
                          HPOS="428"
                          CONTENT="non"/>
                  <SP HEIGHT="48" WIDTH="16" VPOS="2181" HPOS="540"/>
                  <String HEIGHT="48"
                          WIDTH="129"
                          VPOS="2181"
                          HPOS="492"
                          CONTENT="sunt"/>
                  <SP HEIGHT="48" WIDTH="16" VPOS="2181" HPOS="621"/>
                  <String HEIGHT="48"
                          WIDTH="209"
                          VPOS="2181"
                          HPOS="573"
                          CONTENT="opposita."/>
                  <SP HEIGHT="48" WIDTH="16" VPOS="2181" HPOS="782"/>
                  <String HEIGHT="48" WIDTH="96" VPOS="2181" HPOS="733" CONTENT="Et"/>
                  <SP HEIGHT="48" WIDTH="16" VPOS="2181" HPOS="830"/>
                  <String HEIGHT="48"
                          WIDTH="145"
                          VPOS="2181"
                          HPOS="782"
                          CONTENT="eodem"/>
                  <SP HEIGHT="48" WIDTH="16" VPOS="2181" HPOS="926"/>
                  <String HEIGHT="48"
                          WIDTH="129"
                          VPOS="2181"
                          HPOS="878"
                          CONTENT="modo"/>
                  <SP HEIGHT="48" WIDTH="16" VPOS="2181" HPOS="1007"/>
                  <String HEIGHT="48"
                          WIDTH="193"
                          VPOS="2181"
                          HPOS="958"
                          CONTENT="dicendum"/>
                  <SP HEIGHT="48" WIDTH="16" VPOS="2181" HPOS="1151"/>
                  <String HEIGHT="48"
                          WIDTH="113"
                          VPOS="2181"
                          HPOS="1103"
                          CONTENT="est"/>
                  <SP HEIGHT="48" WIDTH="16" VPOS="2181" HPOS="1216"/>
                  <String HEIGHT="48" WIDTH="96" VPOS="2181" HPOS="1167" CONTENT="de"/>
                  <SP HEIGHT="48" WIDTH="16" VPOS="2181" HPOS="1264"/>
                  <String HEIGHT="48"
                          WIDTH="80"
                          VPOS="2181"
                          HPOS="1200"
                          CONTENT="di"
                          SUBS_TYPE="HypPart1"
                          SUBS_CONTENT="distantia,"/>
                  <HYP CONTENT="-"/>
               </TextLine>
               <TextLine ID="r3l53"
                         BASELINE="2264"
                         HEIGHT="48"
                         WIDTH="824"
                         VPOS="2216"
                         HPOS="450">
                  <String HEIGHT="48"
                          WIDTH="177"
                          VPOS="2216"
                          HPOS="435"
                          CONTENT="stantia,"
                          SUBS_TYPE="HypPart2"
                          SUBS_CONTENT="distantia,"/>
                  <SP HEIGHT="48" WIDTH="15" VPOS="2216" HPOS="612"/>
                  <String HEIGHT="48" WIDTH="74" VPOS="2216" HPOS="568" CONTENT="&amp;"/>
                  <SP HEIGHT="48" WIDTH="15" VPOS="2216" HPOS="641"/>
                  <String HEIGHT="48"
                          WIDTH="235"
                          VPOS="2216"
                          HPOS="597"
                          CONTENT="indistantia."/>
                  <SP HEIGHT="48" WIDTH="15" VPOS="2216" HPOS="833"/>
                  <String HEIGHT="48" WIDTH="88" VPOS="2216" HPOS="788" CONTENT="Et"/>
                  <SP HEIGHT="48" WIDTH="15" VPOS="2216" HPOS="877"/>
                  <String HEIGHT="48"
                          WIDTH="118"
                          VPOS="2216"
                          HPOS="833"
                          CONTENT="ideo"/>
                  <SP HEIGHT="48" WIDTH="15" VPOS="2216" HPOS="950"/>
                  <String HEIGHT="48" WIDTH="88" VPOS="2216" HPOS="906" CONTENT="in"/>
                  <SP HEIGHT="48" WIDTH="15" VPOS="2216" HPOS="994"/>
                  <String HEIGHT="48"
                          WIDTH="132"
                          VPOS="2216"
                          HPOS="950"
                          CONTENT="primo"/>
                  <SP HEIGHT="48" WIDTH="15" VPOS="2216" HPOS="1083"/>
                  <String HEIGHT="48"
                          WIDTH="177"
                          VPOS="2216"
                          HPOS="1039"
                          CONTENT="ingressu"/>
                  <SP HEIGHT="48" WIDTH="15" VPOS="2216" HPOS="1215"/>
                  <String HEIGHT="48"
                          WIDTH="118"
                          VPOS="2216"
                          HPOS="1156"
                          CONTENT="istius"/>
               </TextLine>
               <TextLine ID="r3l54"
                         BASELINE="2309"
                         HEIGHT="46"
                         WIDTH="838"
                         VPOS="2263"
                         HPOS="439">
                  <String HEIGHT="46"
                          WIDTH="213"
                          VPOS="2263"
                          HPOS="424"
                          CONTENT="solutionis"/>
                  <SP HEIGHT="46" WIDTH="15" VPOS="2263" HPOS="637"/>
                  <String HEIGHT="46"
                          WIDTH="183"
                          VPOS="2263"
                          HPOS="591"
                          CONTENT="notanter"/>
                  <SP HEIGHT="46" WIDTH="15" VPOS="2263" HPOS="774"/>
                  <String HEIGHT="46"
                          WIDTH="122"
                          VPOS="2263"
                          HPOS="728"
                          CONTENT="dixi"/>
                  <SP HEIGHT="46" WIDTH="15" VPOS="2263" HPOS="850"/>
                  <String HEIGHT="46"
                          WIDTH="213"
                          VPOS="2263"
                          HPOS="805"
                          CONTENT="relationes"/>
                  <SP HEIGHT="46" WIDTH="15" VPOS="2263" HPOS="1018"/>
                  <String HEIGHT="46"
                          WIDTH="198"
                          VPOS="2263"
                          HPOS="972"
                          CONTENT="expressae"/>
                  <SP HEIGHT="46" WIDTH="15" VPOS="2263" HPOS="1170"/>
                  <String HEIGHT="46"
                          WIDTH="107"
                          VPOS="2263"
                          HPOS="1125"
                          CONTENT="per"/>
                  <SP HEIGHT="46" WIDTH="15" VPOS="2263" HPOS="1231"/>
                  <String HEIGHT="46"
                          WIDTH="107"
                          VPOS="2263"
                          HPOS="1170"
                          CONTENT="modum"/>
               </TextLine>
               <TextLine ID="r3l55"
                         BASELINE="2352"
                         HEIGHT="53"
                         WIDTH="839"
                         VPOS="2299"
                         HPOS="441">
                  <String HEIGHT="53"
                          WIDTH="183"
                          VPOS="2299"
                          HPOS="426"
                          CONTENT="habitus,"/>
                  <SP HEIGHT="53" WIDTH="15" VPOS="2299" HPOS="609"/>
                  <String HEIGHT="53" WIDTH="76" VPOS="2299" HPOS="563" CONTENT="&amp;"/>
                  <SP HEIGHT="53" WIDTH="15" VPOS="2299" HPOS="639"/>
                  <String HEIGHT="53"
                          WIDTH="244"
                          VPOS="2299"
                          HPOS="594"
                          CONTENT="priuationis,"/>
                  <SP HEIGHT="53" WIDTH="15" VPOS="2299" HPOS="838"/>
                  <String HEIGHT="53" WIDTH="76" VPOS="2299" HPOS="792" CONTENT="&amp;"/>
                  <SP HEIGHT="53" WIDTH="15" VPOS="2299" HPOS="868"/>
                  <String HEIGHT="53"
                          WIDTH="107"
                          VPOS="2299"
                          HPOS="822"
                          CONTENT="non"/>
                  <SP HEIGHT="53" WIDTH="15" VPOS="2299" HPOS="929"/>
                  <String HEIGHT="53"
                          WIDTH="122"
                          VPOS="2299"
                          HPOS="883"
                          CONTENT="dixi"/>
                  <SP HEIGHT="53" WIDTH="15" VPOS="2299" HPOS="1005"/>
                  <String HEIGHT="53"
                          WIDTH="214"
                          VPOS="2299"
                          HPOS="960"
                          CONTENT="relationes"/>
                  <SP HEIGHT="53" WIDTH="15" VPOS="2299" HPOS="1173"/>
                  <String HEIGHT="53"
                          WIDTH="168"
                          VPOS="2299"
                          HPOS="1112"
                          CONTENT="priuatiuc"/>
               </TextLine>
               <TextLine ID="r3l56"
                         BASELINE="2382"
                         HEIGHT="47"
                         WIDTH="843"
                         VPOS="2335"
                         HPOS="441">
                  <String HEIGHT="47"
                          WIDTH="200"
                          VPOS="2335"
                          HPOS="427"
                          CONTENT="oppositae."/>
                  <SP HEIGHT="47" WIDTH="14" VPOS="2335" HPOS="627"/>
                  <String HEIGHT="47"
                          WIDTH="129"
                          VPOS="2335"
                          HPOS="584"
                          CONTENT="Patet"/>
                  <SP HEIGHT="47" WIDTH="14" VPOS="2335" HPOS="712"/>
                  <String HEIGHT="47"
                          WIDTH="129"
                          VPOS="2335"
                          HPOS="670"
                          CONTENT="etiam"/>
                  <SP HEIGHT="47" WIDTH="14" VPOS="2335" HPOS="798"/>
                  <String HEIGHT="47" WIDTH="86" VPOS="2335" HPOS="755" CONTENT="ex"/>
                  <SP HEIGHT="47" WIDTH="14" VPOS="2335" HPOS="841"/>
                  <String HEIGHT="47"
                          WIDTH="100"
                          VPOS="2335"
                          HPOS="798"
                          CONTENT="iam"/>
                  <SP HEIGHT="47" WIDTH="14" VPOS="2335" HPOS="898"/>
                  <String HEIGHT="47"
                          WIDTH="157"
                          VPOS="2335"
                          HPOS="855"
                          CONTENT="dictis,"/>
                  <SP HEIGHT="47" WIDTH="14" VPOS="2335" HPOS="1013"/>
                  <String HEIGHT="47"
                          WIDTH="114"
                          VPOS="2335"
                          HPOS="970"
                          CONTENT="quod"/>
                  <SP HEIGHT="47" WIDTH="14" VPOS="2335" HPOS="1084"/>
                  <String HEIGHT="47"
                          WIDTH="143"
                          VPOS="2335"
                          HPOS="1041"
                          CONTENT="falsum"/>
                  <SP HEIGHT="47" WIDTH="14" VPOS="2335" HPOS="1184"/>
                  <String HEIGHT="47"
                          WIDTH="157"
                          VPOS="2335"
                          HPOS="1127"
                          CONTENT="assumitur"/>
               </TextLine>
               <TextLine ID="r3l57"
                         BASELINE="2426"
                         HEIGHT="49"
                         WIDTH="832"
                         VPOS="2377"
                         HPOS="451">
                  <String HEIGHT="49" WIDTH="78" VPOS="2377" HPOS="435" CONTENT="n"/>
                  <SP HEIGHT="49" WIDTH="16" VPOS="2377" HPOS="514"/>
                  <String HEIGHT="49"
                          WIDTH="204"
                          VPOS="2377"
                          HPOS="467"
                          CONTENT="argumento"/>
                  <SP HEIGHT="49" WIDTH="16" VPOS="2377" HPOS="671"/>
                  <String HEIGHT="49"
                          WIDTH="157"
                          VPOS="2377"
                          HPOS="624"
                          CONTENT="quando"/>
                  <SP HEIGHT="49" WIDTH="16" VPOS="2377" HPOS="781"/>
                  <String HEIGHT="49"
                          WIDTH="188"
                          VPOS="2377"
                          HPOS="734"
                          CONTENT="dicitur,"/>
                  <SP HEIGHT="49" WIDTH="16" VPOS="2377" HPOS="922"/>
                  <String HEIGHT="49"
                          WIDTH="126"
                          VPOS="2377"
                          HPOS="875"
                          CONTENT="quod"/>
                  <SP HEIGHT="49" WIDTH="16" VPOS="2377" HPOS="1000"/>
                  <String HEIGHT="49" WIDTH="94" VPOS="2377" HPOS="953" CONTENT="si"/>
                  <SP HEIGHT="49" WIDTH="16" VPOS="2377" HPOS="1048"/>
                  <String HEIGHT="49"
                          WIDTH="126"
                          VPOS="2377"
                          HPOS="1000"
                          CONTENT="vnum"/>
                  <SP HEIGHT="49" WIDTH="16" VPOS="2377" HPOS="1126"/>
                  <String HEIGHT="49"
                          WIDTH="157"
                          VPOS="2377"
                          HPOS="1079"
                          CONTENT="corpus"/>
                  <SP HEIGHT="49" WIDTH="16" VPOS="2377" HPOS="1236"/>
                  <String HEIGHT="49"
                          WIDTH="110"
                          VPOS="2377"
                          HPOS="1173"
                          CONTENT="esset"/>
               </TextLine>
               <TextLine ID="r3l58"
                         BASELINE="2466"
                         HEIGHT="52"
                         WIDTH="839"
                         VPOS="2414"
                         HPOS="447">
                  <String HEIGHT="52" WIDTH="95" VPOS="2414" HPOS="431" CONTENT="in"/>
                  <SP HEIGHT="52" WIDTH="16" VPOS="2414" HPOS="526"/>
                  <String HEIGHT="52"
                          WIDTH="158"
                          VPOS="2414"
                          HPOS="479"
                          CONTENT="duobus"/>
                  <SP HEIGHT="52" WIDTH="16" VPOS="2414" HPOS="637"/>
                  <String HEIGHT="52"
                          WIDTH="158"
                          VPOS="2414"
                          HPOS="589"
                          CONTENT="locis,"/>
                  <SP HEIGHT="52" WIDTH="16" VPOS="2414" HPOS="748"/>
                  <String HEIGHT="52"
                          WIDTH="127"
                          VPOS="2414"
                          HPOS="700"
                          CONTENT="tunc"/>
                  <SP HEIGHT="52" WIDTH="16" VPOS="2414" HPOS="827"/>
                  <String HEIGHT="52"
                          WIDTH="127"
                          VPOS="2414"
                          HPOS="779"
                          CONTENT="idem"/>
                  <SP HEIGHT="52" WIDTH="16" VPOS="2414" HPOS="906"/>
                  <String HEIGHT="52"
                          WIDTH="142"
                          VPOS="2414"
                          HPOS="859"
                          CONTENT="simul"/>
                  <SP HEIGHT="52" WIDTH="16" VPOS="2414" HPOS="1001"/>
                  <String HEIGHT="52"
                          WIDTH="222"
                          VPOS="2414"
                          HPOS="954"
                          CONTENT="referretur"/>
                  <SP HEIGHT="52" WIDTH="16" VPOS="2414" HPOS="1175"/>
                  <String HEIGHT="52"
                          WIDTH="174"
                          VPOS="2414"
                          HPOS="1112"
                          CONTENT="oppositis"/>
               </TextLine>
               <TextLine ID="r3l59"
                         BASELINE="2505"
                         HEIGHT="49"
                         WIDTH="827"
                         VPOS="2456"
                         HPOS="441">
                  <String HEIGHT="49"
                          WIDTH="256"
                          VPOS="2456"
                          HPOS="426"
                          CONTENT="relationibus,"/>
                  <SP HEIGHT="49" WIDTH="15" VPOS="2456" HPOS="682"/>
                  <String HEIGHT="49" WIDTH="75" VPOS="2456" HPOS="636" CONTENT="&amp;"/>
                  <SP HEIGHT="49" WIDTH="15" VPOS="2456" HPOS="712"/>
                  <String HEIGHT="49"
                          WIDTH="105"
                          VPOS="2456"
                          HPOS="667"
                          CONTENT="hoc"/>
                  <SP HEIGHT="49" WIDTH="15" VPOS="2456" HPOS="772"/>
                  <String HEIGHT="49" WIDTH="90" VPOS="2456" HPOS="727" CONTENT="si"/>
                  <SP HEIGHT="49" WIDTH="15" VPOS="2456" HPOS="817"/>
                  <String HEIGHT="49"
                          WIDTH="120"
                          VPOS="2456"
                          HPOS="772"
                          CONTENT="illa"/>
                  <SP HEIGHT="49" WIDTH="15" VPOS="2456" HPOS="892"/>
                  <String HEIGHT="49"
                          WIDTH="180"
                          VPOS="2456"
                          HPOS="847"
                          CONTENT="opposito"/>
                  <SP HEIGHT="49" WIDTH="15" VPOS="2456" HPOS="1027"/>
                  <String HEIGHT="49"
                          WIDTH="241"
                          VPOS="2456"
                          HPOS="982"
                          CONTENT="intelligitur"/>
                  <SP HEIGHT="49" WIDTH="15" VPOS="2456" HPOS="1223"/>
                  <String HEIGHT="49"
                          WIDTH="105"
                          VPOS="2456"
                          HPOS="1163"
                          CONTENT="priua"/>
               </TextLine>
               <TextLine ID="r3l60"
                         BASELINE="2540"
                         HEIGHT="36"
                         WIDTH="826"
                         VPOS="2504"
                         HPOS="450">
                  <String HEIGHT="36"
                          WIDTH="133"
                          VPOS="2504"
                          HPOS="435"
                          CONTENT="tiua:"/>
                  <SP HEIGHT="36" WIDTH="15" VPOS="2504" HPOS="568"/>
                  <String HEIGHT="36" WIDTH="89" VPOS="2504" HPOS="524" CONTENT="Si"/>
                  <SP HEIGHT="36" WIDTH="15" VPOS="2504" HPOS="612"/>
                  <String HEIGHT="36"
                          WIDTH="133"
                          VPOS="2504"
                          HPOS="568"
                          CONTENT="autem"/>
                  <SP HEIGHT="36" WIDTH="15" VPOS="2504" HPOS="701"/>
                  <String HEIGHT="36"
                          WIDTH="236"
                          VPOS="2504"
                          HPOS="657"
                          CONTENT="intelligitur"/>
                  <SP HEIGHT="36" WIDTH="15" VPOS="2504" HPOS="893"/>
                  <String HEIGHT="36" WIDTH="89" VPOS="2504" HPOS="848" CONTENT="de"/>
                  <SP HEIGHT="36" WIDTH="15" VPOS="2504" HPOS="937"/>
                  <String HEIGHT="36"
                          WIDTH="207"
                          VPOS="2504"
                          HPOS="893"
                          CONTENT="oppositone"/>
                  <SP HEIGHT="36" WIDTH="15" VPOS="2504" HPOS="1099"/>
                  <String HEIGHT="36"
                          WIDTH="192"
                          VPOS="2504"
                          HPOS="1055"
                          CONTENT="relatiua,"/>
                  <SP HEIGHT="36" WIDTH="15" VPOS="2504" HPOS="1247"/>
                  <String HEIGHT="36"
                          WIDTH="89"
                          VPOS="2504"
                          HPOS="1188"
                          CONTENT="tuns"/>
               </TextLine>
               <TextLine ID="r3l61"
                         BASELINE="2581"
                         HEIGHT="51"
                         WIDTH="827"
                         VPOS="2530"
                         HPOS="450">
                  <String HEIGHT="51"
                          WIDTH="128"
                          VPOS="2530"
                          HPOS="436"
                          CONTENT="adhuc"/>
                  <SP HEIGHT="51" WIDTH="14" VPOS="2530" HPOS="564"/>
                  <String HEIGHT="51"
                          WIDTH="128"
                          VPOS="2530"
                          HPOS="521"
                          CONTENT="falsa"/>
                  <SP HEIGHT="51" WIDTH="14" VPOS="2530" HPOS="650"/>
                  <String HEIGHT="51"
                          WIDTH="100"
                          VPOS="2530"
                          HPOS="607"
                          CONTENT="est"/>
                  <SP HEIGHT="51" WIDTH="14" VPOS="2530" HPOS="707"/>
                  <String HEIGHT="51"
                          WIDTH="242"
                          VPOS="2530"
                          HPOS="664"
                          CONTENT="consequentia:"/>
                  <SP HEIGHT="51" WIDTH="14" VPOS="2530" HPOS="906"/>
                  <String HEIGHT="51"
                          WIDTH="114"
                          VPOS="2530"
                          HPOS="864"
                          CONTENT="quia"/>
                  <SP HEIGHT="51" WIDTH="14" VPOS="2530" HPOS="978"/>
                  <String HEIGHT="51"
                          WIDTH="128"
                          VPOS="2530"
                          HPOS="935"
                          CONTENT="sicut"/>
                  <SP HEIGHT="51" WIDTH="14" VPOS="2530" HPOS="1063"/>
                  <String HEIGHT="51"
                          WIDTH="143"
                          VPOS="2530"
                          HPOS="1020"
                          CONTENT="simile"/>
                  <SP HEIGHT="51" WIDTH="14" VPOS="2530" HPOS="1163"/>
                  <String HEIGHT="51"
                          WIDTH="143"
                          VPOS="2530"
                          HPOS="1120"
                          CONTENT="simili"/>
                  <SP HEIGHT="51" WIDTH="14" VPOS="2530" HPOS="1263"/>
                  <String HEIGHT="51"
                          WIDTH="71"
                          VPOS="2530"
                          HPOS="1206"
                          CONTENT="op"
                          SUBS_TYPE="HypPart1"
                          SUBS_CONTENT="opponitur"/>
                  <HYP CONTENT="-"/>
               </TextLine>
               <TextLine ID="r3l62"
                         BASELINE="2620"
                         HEIGHT="52"
                         WIDTH="829"
                         VPOS="2568"
                         HPOS="450">
                  <String HEIGHT="52"
                          WIDTH="163"
                          VPOS="2568"
                          HPOS="435"
                          CONTENT="ponitur"
                          SUBS_TYPE="HypPart2"
                          SUBS_CONTENT="opponitur"/>
                  <SP HEIGHT="52" WIDTH="15" VPOS="2568" HPOS="598"/>
                  <String HEIGHT="52"
                          WIDTH="192"
                          VPOS="2568"
                          HPOS="554"
                          CONTENT="relatiue,"/>
                  <SP HEIGHT="52" WIDTH="15" VPOS="2568" HPOS="746"/>
                  <String HEIGHT="52" WIDTH="74" VPOS="2568" HPOS="702" CONTENT="&amp;"/>
                  <SP HEIGHT="52" WIDTH="15" VPOS="2568" HPOS="776"/>
                  <String HEIGHT="52"
                          WIDTH="104"
                          VPOS="2568"
                          HPOS="731"
                          CONTENT="non"/>
                  <SP HEIGHT="52" WIDTH="15" VPOS="2568" HPOS="835"/>
                  <String HEIGHT="52"
                          WIDTH="207"
                          VPOS="2568"
                          HPOS="790"
                          CONTENT="dissimili:"/>
                  <SP HEIGHT="52" WIDTH="15" VPOS="2568" HPOS="998"/>
                  <String HEIGHT="52"
                          WIDTH="104"
                          VPOS="2568"
                          HPOS="953"
                          CONTENT="sic"/>
                  <SP HEIGHT="52" WIDTH="15" VPOS="2568" HPOS="1057"/>
                  <String HEIGHT="52"
                          WIDTH="163"
                          VPOS="2568"
                          HPOS="1013"
                          CONTENT="distans"/>
                  <SP HEIGHT="52" WIDTH="15" VPOS="2568" HPOS="1175"/>
                  <String HEIGHT="52"
                          WIDTH="163"
                          VPOS="2568"
                          HPOS="1116"
                          CONTENT="opponitur"/>
               </TextLine>
               <TextLine ID="r3l63"
                         BASELINE="2656"
                         HEIGHT="36"
                         WIDTH="833"
                         VPOS="2620"
                         HPOS="446">
                  <String HEIGHT="36"
                          WIDTH="179"
                          VPOS="2620"
                          HPOS="431"
                          CONTENT="distanti"/>
                  <SP HEIGHT="36" WIDTH="15" VPOS="2620" HPOS="610"/>
                  <String HEIGHT="36"
                          WIDTH="193"
                          VPOS="2620"
                          HPOS="565"
                          CONTENT="relatiue,"/>
                  <SP HEIGHT="36" WIDTH="15" VPOS="2620" HPOS="758"/>
                  <String HEIGHT="36" WIDTH="74" VPOS="2620" HPOS="714" CONTENT="&amp;"/>
                  <SP HEIGHT="36" WIDTH="15" VPOS="2620" HPOS="788"/>
                  <String HEIGHT="36"
                          WIDTH="104"
                          VPOS="2620"
                          HPOS="744"
                          CONTENT="non"/>
                  <SP HEIGHT="36" WIDTH="15" VPOS="2620" HPOS="848"/>
                  <String HEIGHT="36"
                          WIDTH="223"
                          VPOS="2620"
                          HPOS="803"
                          CONTENT="indistanti:"/>
                  <SP HEIGHT="36" WIDTH="15" VPOS="2620" HPOS="1026"/>
                  <String HEIGHT="36"
                          WIDTH="134"
                          VPOS="2620"
                          HPOS="982"
                          CONTENT="talia"/>
                  <SP HEIGHT="36" WIDTH="15" VPOS="2620" HPOS="1115"/>
                  <String HEIGHT="36"
                          WIDTH="119"
                          VPOS="2620"
                          HPOS="1071"
                          CONTENT="enim"/>
                  <SP HEIGHT="36" WIDTH="15" VPOS="2620" HPOS="1190"/>
                  <String HEIGHT="36"
                          WIDTH="119"
                          VPOS="2620"
                          HPOS="1145"
                          CONTENT="sunt"/>
                  <SP HEIGHT="36" WIDTH="15" VPOS="2620" HPOS="1264"/>
                  <String HEIGHT="36"
                          WIDTH="74"
                          VPOS="2620"
                          HPOS="1205"
                          CONTENT="re"
                          SUBS_TYPE="HypPart1"
                          SUBS_CONTENT="relationes"/>
                  <HYP CONTENT="-"/>
               </TextLine>
               <TextLine ID="r3l64"
                         BASELINE="2699"
                         HEIGHT="53"
                         WIDTH="836"
                         VPOS="2646"
                         HPOS="449">
                  <String HEIGHT="53"
                          WIDTH="186"
                          VPOS="2646"
                          HPOS="434"
                          CONTENT="lationes"
                          SUBS_TYPE="HypPart2"
                          SUBS_CONTENT="relationes"/>
                  <SP HEIGHT="53" WIDTH="15" VPOS="2646" HPOS="619"/>
                  <String HEIGHT="53"
                          WIDTH="186"
                          VPOS="2646"
                          HPOS="573"
                          CONTENT="similium"/>
                  <SP HEIGHT="53" WIDTH="15" VPOS="2646" HPOS="759"/>
                  <String HEIGHT="53"
                          WIDTH="186"
                          VPOS="2646"
                          HPOS="712"
                          CONTENT="nominum,"/>
                  <SP HEIGHT="53" WIDTH="15" VPOS="2646" HPOS="898"/>
                  <String HEIGHT="53" WIDTH="93" VPOS="2646" HPOS="852" CONTENT="vt"/>
                  <SP HEIGHT="53" WIDTH="15" VPOS="2646" HPOS="944"/>
                  <String HEIGHT="53"
                          WIDTH="139"
                          VPOS="2646"
                          HPOS="898"
                          CONTENT="patet"/>
                  <SP HEIGHT="53" WIDTH="15" VPOS="2646" HPOS="1037"/>
                  <String HEIGHT="53" WIDTH="93" VPOS="2646" HPOS="991" CONTENT="in"/>
                  <SP HEIGHT="53" WIDTH="15" VPOS="2646" HPOS="1084"/>
                  <String HEIGHT="53"
                          WIDTH="263"
                          VPOS="2646"
                          HPOS="1022"
                          CONTENT="praedicamentis:"/>
               </TextLine>
               <TextLine ID="r3l65"
                         BASELINE="2747"
                         HEIGHT="57"
                         WIDTH="127"
                         VPOS="2690"
                         HPOS="450">
                  <String HEIGHT="57"
                          WIDTH="113"
                          VPOS="2690"
                          HPOS="436"
                          CONTENT="ergo"/>
                  <SP HEIGHT="57" WIDTH="14" VPOS="2690" HPOS="549"/>
                  <String HEIGHT="57"
                          WIDTH="85"
                          VPOS="2690"
                          HPOS="492"
                          CONTENT="&amp;c,."/>
               </TextLine>
               <TextLine ID="r3l66"
                         BASELINE="2774"
                         HEIGHT="50"
                         WIDTH="789"
                         VPOS="2724"
                         HPOS="482">
                  <String HEIGHT="50" WIDTH="110" VPOS="2724" HPOS="464" CONTENT="Ad"/>
                  <SP HEIGHT="50" WIDTH="18" VPOS="2724" HPOS="574"/>
                  <String HEIGHT="50"
                          WIDTH="312"
                          VPOS="2724"
                          HPOS="519"
                          CONTENT="sextumdecimum"/>
                  <SP HEIGHT="50" WIDTH="18" VPOS="2724" HPOS="831"/>
                  <String HEIGHT="50"
                          WIDTH="147"
                          VPOS="2724"
                          HPOS="776"
                          CONTENT="nego"/>
                  <SP HEIGHT="50" WIDTH="18" VPOS="2724" HPOS="922"/>
                  <String HEIGHT="50"
                          WIDTH="220"
                          VPOS="2724"
                          HPOS="867"
                          CONTENT="minorem:"/>
                  <SP HEIGHT="50" WIDTH="18" VPOS="2724" HPOS="1088"/>
                  <String HEIGHT="50"
                          WIDTH="128"
                          VPOS="2724"
                          HPOS="1032"
                          CONTENT="nam"/>
                  <SP HEIGHT="50" WIDTH="18" VPOS="2724" HPOS="1161"/>
                  <String HEIGHT="50"
                          WIDTH="165"
                          VPOS="2724"
                          HPOS="1106"
                          CONTENT="licet"/>
                  <SP HEIGHT="50" WIDTH="18" VPOS="2724" HPOS="1271"/>
                  <String HEIGHT="50" WIDTH="73" VPOS="2724" HPOS="1198" CONTENT="an"/>
               </TextLine>
               <TextLine ID="r3l67"
                         BASELINE="2821"
                         HEIGHT="59"
                         WIDTH="819"
                         VPOS="2762"
                         HPOS="451">
                  <String HEIGHT="59"
                          WIDTH="137"
                          VPOS="2762"
                          HPOS="436"
                          CONTENT="gelus"/>
                  <SP HEIGHT="59" WIDTH="15" VPOS="2762" HPOS="572"/>
                  <String HEIGHT="59"
                          WIDTH="167"
                          VPOS="2762"
                          HPOS="527"
                          CONTENT="propria"/>
                  <SP HEIGHT="59" WIDTH="15" VPOS="2762" HPOS="694"/>
                  <String HEIGHT="59"
                          WIDTH="106"
                          VPOS="2762"
                          HPOS="648"
                          CONTENT="sua"/>
                  <SP HEIGHT="59" WIDTH="15" VPOS="2762" HPOS="754"/>
                  <String HEIGHT="59"
                          WIDTH="167"
                          VPOS="2762"
                          HPOS="709"
                          CONTENT="virtute"/>
                  <SP HEIGHT="59" WIDTH="15" VPOS="2762" HPOS="876"/>
                  <String HEIGHT="59"
                          WIDTH="106"
                          VPOS="2762"
                          HPOS="830"
                          CONTENT="non"/>
                  <SP HEIGHT="59" WIDTH="15" VPOS="2762" HPOS="936"/>
                  <String HEIGHT="59"
                          WIDTH="152"
                          VPOS="2762"
                          HPOS="891"
                          CONTENT="possit"/>
                  <SP HEIGHT="59" WIDTH="15" VPOS="2762" HPOS="1043"/>
                  <String HEIGHT="59"
                          WIDTH="137"
                          VPOS="2762"
                          HPOS="997"
                          CONTENT="simul"/>
                  <SP HEIGHT="59" WIDTH="15" VPOS="2762" HPOS="1134"/>
                  <String HEIGHT="59"
                          WIDTH="121"
                          VPOS="2762"
                          HPOS="1088"
                          CONTENT="esse"/>
                  <SP HEIGHT="59" WIDTH="15" VPOS="2762" HPOS="1209"/>
                  <String HEIGHT="59" WIDTH="91" VPOS="2762" HPOS="1164" CONTENT="in"/>
                  <SP HEIGHT="59" WIDTH="15" VPOS="2762" HPOS="1255"/>
                  <String HEIGHT="59"
                          WIDTH="76"
                          VPOS="2762"
                          HPOS="1194"
                          CONTENT="plu"/>
               </TextLine>
               <TextLine ID="r3l68"
                         BASELINE="2857"
                         HEIGHT="43"
                         WIDTH="832"
                         VPOS="2814"
                         HPOS="449">
                  <String HEIGHT="43"
                          WIDTH="144"
                          VPOS="2814"
                          HPOS="433"
                          CONTENT="ribus"/>
                  <SP HEIGHT="43" WIDTH="16" VPOS="2814" HPOS="577"/>
                  <String HEIGHT="43"
                          WIDTH="160"
                          VPOS="2814"
                          HPOS="529"
                          CONTENT="locis,"/>
                  <SP HEIGHT="43" WIDTH="16" VPOS="2814" HPOS="689"/>
                  <String HEIGHT="43" WIDTH="96" VPOS="2814" HPOS="641" CONTENT="Vt"/>
                  <SP HEIGHT="43" WIDTH="16" VPOS="2814" HPOS="737"/>
                  <String HEIGHT="43"
                          WIDTH="144"
                          VPOS="2814"
                          HPOS="689"
                          CONTENT="plura"/>
                  <SP HEIGHT="43" WIDTH="16" VPOS="2814" HPOS="833"/>
                  <String HEIGHT="43"
                          WIDTH="128"
                          VPOS="2814"
                          HPOS="785"
                          CONTENT="sunt"/>
                  <SP HEIGHT="43" WIDTH="16" VPOS="2814" HPOS="913"/>
                  <String HEIGHT="43" WIDTH="80" VPOS="2814" HPOS="865" CONTENT=":"/>
                  <SP HEIGHT="43" WIDTH="16" VPOS="2814" HPOS="945"/>
                  <String HEIGHT="43"
                          WIDTH="160"
                          VPOS="2814"
                          HPOS="897"
                          CONTENT="potest"/>
                  <SP HEIGHT="43" WIDTH="16" VPOS="2814" HPOS="1057"/>
                  <String HEIGHT="43"
                          WIDTH="144"
                          VPOS="2814"
                          HPOS="1009"
                          CONTENT="tamen"/>
                  <SP HEIGHT="43" WIDTH="16" VPOS="2814" HPOS="1153"/>
                  <String HEIGHT="43"
                          WIDTH="112"
                          VPOS="2814"
                          HPOS="1105"
                          CONTENT="hoc"/>
                  <SP HEIGHT="43" WIDTH="16" VPOS="2814" HPOS="1217"/>
                  <String HEIGHT="43"
                          WIDTH="128"
                          VPOS="2814"
                          HPOS="1153"
                          CONTENT="diuina"/>
               </TextLine>
               <TextLine ID="r3l69"
                         BASELINE="2898"
                         HEIGHT="51"
                         WIDTH="119"
                         VPOS="2847"
                         HPOS="450">
                  <String HEIGHT="51"
                          WIDTH="149"
                          VPOS="2847"
                          HPOS="420"
                          CONTENT="virtute."/>
               </TextLine>
               <TextLine ID="r3l70"
                         BASELINE="2924"
                         HEIGHT="49"
                         WIDTH="794"
                         VPOS="2875"
                         HPOS="483">
                  <String HEIGHT="49" WIDTH="99" VPOS="2875" HPOS="466" CONTENT="Ad"/>
                  <SP HEIGHT="49" WIDTH="17" VPOS="2875" HPOS="566"/>
                  <String HEIGHT="49"
                          WIDTH="314"
                          VPOS="2875"
                          HPOS="516"
                          CONTENT="decimumseptimum"/>
                  <SP HEIGHT="49" WIDTH="17" VPOS="2875" HPOS="830"/>
                  <String HEIGHT="49"
                          WIDTH="215"
                          VPOS="2875"
                          HPOS="781"
                          CONTENT="dicendum,"/>
                  <SP HEIGHT="49" WIDTH="17" VPOS="2875" HPOS="996"/>
                  <String HEIGHT="49"
                          WIDTH="132"
                          VPOS="2875"
                          HPOS="946"
                          CONTENT="quod"/>
                  <SP HEIGHT="49" WIDTH="17" VPOS="2875" HPOS="1079"/>
                  <String HEIGHT="49"
                          WIDTH="149"
                          VPOS="2875"
                          HPOS="1029"
                          CONTENT="licet"/>
                  <SP HEIGHT="49" WIDTH="17" VPOS="2875" HPOS="1178"/>
                  <String HEIGHT="49"
                          WIDTH="132"
                          VPOS="2875"
                          HPOS="1128"
                          CONTENT="ista"/>
                  <SP HEIGHT="49" WIDTH="17" VPOS="2875" HPOS="1260"/>
                  <String HEIGHT="49"
                          WIDTH="83"
                          VPOS="2875"
                          HPOS="1194"
                          CONTENT="ra"
                          SUBS_TYPE="HypPart1"
                          SUBS_CONTENT="ratio"/>
                  <HYP CONTENT="-"/>
               </TextLine>
               <TextLine ID="r3l71"
                         BASELINE="2974"
                         HEIGHT="53"
                         WIDTH="838"
                         VPOS="2921"
                         HPOS="448">
                  <String HEIGHT="53"
                          WIDTH="107"
                          VPOS="2921"
                          HPOS="433"
                          CONTENT="tio"
                          SUBS_TYPE="HypPart2"
                          SUBS_CONTENT="ratio"/>
                  <SP HEIGHT="53" WIDTH="15" VPOS="2921" HPOS="539"/>
                  <String HEIGHT="53"
                          WIDTH="107"
                          VPOS="2921"
                          HPOS="494"
                          CONTENT="sit"/>
                  <SP HEIGHT="53" WIDTH="15" VPOS="2921" HPOS="600"/>
                  <String HEIGHT="53"
                          WIDTH="183"
                          VPOS="2921"
                          HPOS="555"
                          CONTENT="apparens"/>
                  <SP HEIGHT="53" WIDTH="15" VPOS="2921" HPOS="737"/>
                  <String HEIGHT="53"
                          WIDTH="152"
                          VPOS="2921"
                          HPOS="692"
                          CONTENT="valde:"/>
                  <SP HEIGHT="53" WIDTH="15" VPOS="2921" HPOS="844"/>
                  <String HEIGHT="53"
                          WIDTH="137"
                          VPOS="2921"
                          HPOS="798"
                          CONTENT="tamen"/>
                  <SP HEIGHT="53" WIDTH="15" VPOS="2921" HPOS="936"/>
                  <String HEIGHT="53"
                          WIDTH="183"
                          VPOS="2921"
                          HPOS="890"
                          CONTENT="quilibet"/>
                  <SP HEIGHT="53" WIDTH="15" VPOS="2921" HPOS="1073"/>
                  <String HEIGHT="53"
                          WIDTH="213"
                          VPOS="2921"
                          HPOS="1027"
                          CONTENT="catholicus"/>
                  <SP HEIGHT="53" WIDTH="15" VPOS="2921" HPOS="1240"/>
                  <String HEIGHT="53"
                          WIDTH="107"
                          VPOS="2921"
                          HPOS="1179"
                          CONTENT="habet"/>
               </TextLine>
               <TextLine ID="r3l72"
                         BASELINE="3013"
                         HEIGHT="45"
                         WIDTH="827"
                         VPOS="2968"
                         HPOS="456">
                  <String HEIGHT="45"
                          WIDTH="114"
                          VPOS="2968"
                          HPOS="440"
                          CONTENT="eam"/>
                  <SP HEIGHT="45" WIDTH="16" VPOS="2968" HPOS="553"/>
                  <String HEIGHT="45"
                          WIDTH="195"
                          VPOS="2968"
                          HPOS="505"
                          CONTENT="soluere:"/>
                  <SP HEIGHT="45" WIDTH="16" VPOS="2968" HPOS="699"/>
                  <String HEIGHT="45"
                          WIDTH="130"
                          VPOS="2968"
                          HPOS="651"
                          CONTENT="quia"/>
                  <SP HEIGHT="45" WIDTH="16" VPOS="2968" HPOS="780"/>
                  <String HEIGHT="45"
                          WIDTH="114"
                          VPOS="2968"
                          HPOS="732"
                          CONTENT="per"/>
                  <SP HEIGHT="45" WIDTH="16" VPOS="2968" HPOS="845"/>
                  <String HEIGHT="45"
                          WIDTH="162"
                          VPOS="2968"
                          HPOS="797"
                          CONTENT="eundem"/>
                  <SP HEIGHT="45" WIDTH="16" VPOS="2968" HPOS="959"/>
                  <String HEIGHT="45"
                          WIDTH="146"
                          VPOS="2968"
                          HPOS="910"
                          CONTENT="modum"/>
                  <SP HEIGHT="45" WIDTH="16" VPOS="2968" HPOS="1056"/>
                  <String HEIGHT="45"
                          WIDTH="195"
                          VPOS="2968"
                          HPOS="1007"
                          CONTENT="arguendi"/>
                  <SP HEIGHT="45" WIDTH="16" VPOS="2968" HPOS="1202"/>
                  <String HEIGHT="45"
                          WIDTH="146"
                          VPOS="2968"
                          HPOS="1137"
                          CONTENT="probari"/>
               </TextLine>
               <TextLine ID="r3l73"
                         BASELINE="3047"
                         HEIGHT="46"
                         WIDTH="814"
                         VPOS="3001"
                         HPOS="456">
                  <String HEIGHT="46"
                          WIDTH="154"
                          VPOS="3001"
                          HPOS="442"
                          CONTENT="potest,"/>
                  <SP HEIGHT="46" WIDTH="14" VPOS="3001" HPOS="596"/>
                  <String HEIGHT="46"
                          WIDTH="140"
                          VPOS="3001"
                          HPOS="554"
                          CONTENT="corpus"/>
                  <SP HEIGHT="46" WIDTH="14" VPOS="3001" HPOS="695"/>
                  <String HEIGHT="46"
                          WIDTH="154"
                          VPOS="3001"
                          HPOS="652"
                          CONTENT="Christi"/>
                  <SP HEIGHT="46" WIDTH="14" VPOS="3001" HPOS="807"/>
                  <String HEIGHT="46" WIDTH="98" VPOS="3001" HPOS="765" CONTENT="non"/>
                  <SP HEIGHT="46" WIDTH="14" VPOS="3001" HPOS="863"/>
                  <String HEIGHT="46"
                          WIDTH="112"
                          VPOS="3001"
                          HPOS="821"
                          CONTENT="esse"/>
                  <SP HEIGHT="46" WIDTH="14" VPOS="3001" HPOS="933"/>
                  <String HEIGHT="46" WIDTH="84" VPOS="3001" HPOS="891" CONTENT="in"/>
                  <SP HEIGHT="46" WIDTH="14" VPOS="3001" HPOS="975"/>
                  <String HEIGHT="46"
                          WIDTH="154"
                          VPOS="3001"
                          HPOS="933"
                          CONTENT="altari,"/>
                  <SP HEIGHT="46" WIDTH="14" VPOS="3001" HPOS="1088"/>
                  <String HEIGHT="46"
                          WIDTH="112"
                          VPOS="3001"
                          HPOS="1045"
                          CONTENT="nisi"/>
                  <SP HEIGHT="46" WIDTH="14" VPOS="3001" HPOS="1158"/>
                  <String HEIGHT="46"
                          WIDTH="126"
                          VPOS="3001"
                          HPOS="1116"
                          CONTENT="extra"/>
                  <SP HEIGHT="46" WIDTH="14" VPOS="3001" HPOS="1242"/>
                  <String HEIGHT="46"
                          WIDTH="84"
                          VPOS="3001"
                          HPOS="1186"
                          CONTENT="suan"/>
               </TextLine>
               <TextLine ID="r3l74"
                         BASELINE="3104"
                         HEIGHT="52"
                         WIDTH="836"
                         VPOS="3052"
                         HPOS="444">
                  <String HEIGHT="52"
                          WIDTH="179"
                          VPOS="3052"
                          HPOS="429"
                          CONTENT="propriam"/>
                  <SP HEIGHT="52" WIDTH="15" VPOS="3052" HPOS="608"/>
                  <String HEIGHT="52"
                          WIDTH="224"
                          VPOS="3052"
                          HPOS="563"
                          CONTENT="superficiem"/>
                  <SP HEIGHT="52" WIDTH="15" VPOS="3052" HPOS="787"/>
                  <String HEIGHT="52"
                          WIDTH="179"
                          VPOS="3052"
                          HPOS="743"
                          CONTENT="ponatur,"/>
                  <SP HEIGHT="52" WIDTH="15" VPOS="3052" HPOS="922"/>
                  <String HEIGHT="52"
                          WIDTH="119"
                          VPOS="3052"
                          HPOS="877"
                          CONTENT="quae"/>
                  <SP HEIGHT="52" WIDTH="15" VPOS="3052" HPOS="996"/>
                  <String HEIGHT="52"
                          WIDTH="224"
                          VPOS="3052"
                          HPOS="952"
                          CONTENT="superficies"/>
                  <SP HEIGHT="52" WIDTH="15" VPOS="3052" HPOS="1176"/>
                  <String HEIGHT="52"
                          WIDTH="105"
                          VPOS="3052"
                          HPOS="1131"
                          CONTENT="est"/>
                  <SP HEIGHT="52" WIDTH="15" VPOS="3052" HPOS="1235"/>
                  <String HEIGHT="52"
                          WIDTH="105"
                          VPOS="3052"
                          HPOS="1176"
                          CONTENT="adae"/>
               </TextLine>
            </TextBlock>
            <TextBlock ID="TextRegion_1603047363242_6580"
                       HEIGHT="2927"
                       WIDTH="897"
                       VPOS="205"
                       HPOS="1290">
               <Shape>
                  <Polygon POINTS="1290,205 2187,205 2173,2955 2172,3132 1290,3132"/>
               </Shape>
               <TextLine ID="r4l3"
                         BASELINE="310"
                         HEIGHT="64"
                         WIDTH="857"
                         VPOS="246"
                         HPOS="1317">
                  <String HEIGHT="64"
                          WIDTH="140"
                          VPOS="246"
                          HPOS="1301"
                          CONTENT="quate"/>
                  <SP HEIGHT="64" WIDTH="16" VPOS="246" HPOS="1442"/>
                  <String HEIGHT="64"
                          WIDTH="249"
                          VPOS="246"
                          HPOS="1395"
                          CONTENT="commensurata"/>
                  <SP HEIGHT="64" WIDTH="16" VPOS="246" HPOS="1644"/>
                  <String HEIGHT="64"
                          WIDTH="187"
                          VPOS="246"
                          HPOS="1597"
                          CONTENT="concauae"/>
                  <SP HEIGHT="64" WIDTH="16" VPOS="246" HPOS="1784"/>
                  <String HEIGHT="64"
                          WIDTH="249"
                          VPOS="246"
                          HPOS="1738"
                          CONTENT="superficiei,"/>
                  <SP HEIGHT="64" WIDTH="16" VPOS="246" HPOS="1987"/>
                  <String HEIGHT="64" WIDTH="93" VPOS="246" HPOS="1940" CONTENT="in"/>
                  <SP HEIGHT="64" WIDTH="16" VPOS="246" HPOS="2034"/>
                  <String HEIGHT="64"
                          WIDTH="109"
                          VPOS="246"
                          HPOS="1987"
                          CONTENT="qua"/>
                  <SP HEIGHT="64" WIDTH="16" VPOS="246" HPOS="2096"/>
                  <String HEIGHT="64"
                          WIDTH="140"
                          VPOS="246"
                          HPOS="2034"
                          CONTENT="locali"
                          SUBS_TYPE="HypPart1"
                          SUBS_CONTENT="localiter"/>
                  <HYP CONTENT="-"/>
               </TextLine>
               <TextLine ID="r4l4"
                         BASELINE="352"
                         HEIGHT="52"
                         WIDTH="851"
                         VPOS="300"
                         HPOS="1320">
                  <String HEIGHT="52"
                          WIDTH="105"
                          VPOS="300"
                          HPOS="1305"
                          CONTENT="ter"
                          SUBS_TYPE="HypPart2"
                          SUBS_CONTENT="localiter"/>
                  <SP HEIGHT="52" WIDTH="15" VPOS="300" HPOS="1410"/>
                  <String HEIGHT="52"
                          WIDTH="209"
                          VPOS="300"
                          HPOS="1365"
                          CONTENT="continetur"/>
                  <SP HEIGHT="52" WIDTH="15" VPOS="300" HPOS="1574"/>
                  <String HEIGHT="52" WIDTH="90" VPOS="300" HPOS="1529" CONTENT="in"/>
                  <SP HEIGHT="52" WIDTH="15" VPOS="300" HPOS="1619"/>
                  <String HEIGHT="52"
                          WIDTH="164"
                          VPOS="300"
                          HPOS="1574"
                          CONTENT="coelis:"/>
                  <SP HEIGHT="52" WIDTH="15" VPOS="300" HPOS="1738"/>
                  <String HEIGHT="52"
                          WIDTH="134"
                          VPOS="300"
                          HPOS="1693"
                          CONTENT="Sicut"/>
                  <SP HEIGHT="52" WIDTH="15" VPOS="300" HPOS="1828"/>
                  <String HEIGHT="52"
                          WIDTH="149"
                          VPOS="300"
                          HPOS="1783"
                          CONTENT="igitur"/>
                  <SP HEIGHT="52" WIDTH="15" VPOS="300" HPOS="1932"/>
                  <String HEIGHT="52"
                          WIDTH="105"
                          VPOS="300"
                          HPOS="1887"
                          CONTENT="non"/>
                  <SP HEIGHT="52" WIDTH="15" VPOS="300" HPOS="1992"/>
                  <String HEIGHT="52"
                          WIDTH="179"
                          VPOS="300"
                          HPOS="1947"
                          CONTENT="obstante"/>
                  <SP HEIGHT="52" WIDTH="15" VPOS="300" HPOS="2126"/>
                  <String HEIGHT="52"
                          WIDTH="119"
                          VPOS="300"
                          HPOS="2081"
                          CONTENT="illa"/>
                  <SP HEIGHT="52" WIDTH="15" VPOS="300" HPOS="2201"/>
                  <String HEIGHT="52" WIDTH="30" VPOS="300" HPOS="2141" CONTENT=""/>
               </TextLine>
               <TextLine ID="r4l5"
                         BASELINE="391"
                         HEIGHT="51"
                         WIDTH="842"
                         VPOS="340"
                         HPOS="1323">
                  <String HEIGHT="51"
                          WIDTH="219"
                          VPOS="340"
                          HPOS="1306"
                          CONTENT="adaequata"/>
                  <SP HEIGHT="51" WIDTH="17" VPOS="340" HPOS="1525"/>
                  <String HEIGHT="51"
                          WIDTH="337"
                          VPOS="340"
                          HPOS="1475"
                          CONTENT="commensuratione,"/>
                  <SP HEIGHT="51" WIDTH="17" VPOS="340" HPOS="1811"/>
                  <String HEIGHT="51"
                          WIDTH="135"
                          VPOS="340"
                          HPOS="1761"
                          CONTENT="quam"/>
                  <SP HEIGHT="51" WIDTH="17" VPOS="340" HPOS="1896"/>
                  <String HEIGHT="51"
                          WIDTH="168"
                          VPOS="340"
                          HPOS="1845"
                          CONTENT="corpus"/>
                  <SP HEIGHT="51" WIDTH="17" VPOS="340" HPOS="2013"/>
                  <String HEIGHT="51"
                          WIDTH="185"
                          VPOS="340"
                          HPOS="1963"
                          CONTENT="Christi"/>
                  <SP HEIGHT="51" WIDTH="17" VPOS="340" HPOS="2148"/>
                  <String HEIGHT="51" WIDTH="84" VPOS="340" HPOS="2081" CONTENT="pro"/>
               </TextLine>
               <TextLine ID="r4l6"
                         BASELINE="432"
                         HEIGHT="53"
                         WIDTH="850"
                         VPOS="379"
                         HPOS="1321">
                  <String HEIGHT="53"
                          WIDTH="124"
                          VPOS="379"
                          HPOS="1306"
                          CONTENT="nunc"/>
                  <SP HEIGHT="53" WIDTH="15" VPOS="379" HPOS="1429"/>
                  <String HEIGHT="53"
                          WIDTH="108"
                          VPOS="379"
                          HPOS="1383"
                          CONTENT="cum"/>
                  <SP HEIGHT="53" WIDTH="15" VPOS="379" HPOS="1491"/>
                  <String HEIGHT="53"
                          WIDTH="124"
                          VPOS="379"
                          HPOS="1445"
                          CONTENT="loco"/>
                  <SP HEIGHT="53" WIDTH="15" VPOS="379" HPOS="1568"/>
                  <String HEIGHT="53"
                          WIDTH="108"
                          VPOS="379"
                          HPOS="1522"
                          CONTENT="suo"/>
                  <SP HEIGHT="53" WIDTH="15" VPOS="379" HPOS="1630"/>
                  <String HEIGHT="53" WIDTH="93" VPOS="379" HPOS="1584" CONTENT="in"/>
                  <SP HEIGHT="53" WIDTH="15" VPOS="379" HPOS="1676"/>
                  <String HEIGHT="53"
                          WIDTH="155"
                          VPOS="379"
                          HPOS="1630"
                          CONTENT="coelis"/>
                  <SP HEIGHT="53" WIDTH="15" VPOS="379" HPOS="1785"/>
                  <String HEIGHT="53"
                          WIDTH="155"
                          VPOS="379"
                          HPOS="1738"
                          CONTENT="habet,"/>
                  <SP HEIGHT="53" WIDTH="15" VPOS="379" HPOS="1893"/>
                  <String HEIGHT="53"
                          WIDTH="139"
                          VPOS="379"
                          HPOS="1846"
                          CONTENT="ipsum"/>
                  <SP HEIGHT="53" WIDTH="15" VPOS="379" HPOS="1986"/>
                  <String HEIGHT="53"
                          WIDTH="139"
                          VPOS="379"
                          HPOS="1939"
                          CONTENT="infra"/>
                  <SP HEIGHT="53" WIDTH="15" VPOS="379" HPOS="2078"/>
                  <String HEIGHT="53"
                          WIDTH="155"
                          VPOS="379"
                          HPOS="2016"
                          CONTENT="propriam"/>
               </TextLine>
               <TextLine ID="r4l7"
                         BASELINE="461"
                         HEIGHT="43"
                         WIDTH="842"
                         VPOS="418"
                         HPOS="1323">
                  <String HEIGHT="43"
                          WIDTH="118"
                          VPOS="418"
                          HPOS="1308"
                          CONTENT="suam"/>
                  <SP HEIGHT="43" WIDTH="15" VPOS="418" HPOS="1426"/>
                  <String HEIGHT="43"
                          WIDTH="222"
                          VPOS="418"
                          HPOS="1382"
                          CONTENT="superficiem"/>
                  <SP HEIGHT="43" WIDTH="15" VPOS="418" HPOS="1604"/>
                  <String HEIGHT="43"
                          WIDTH="148"
                          VPOS="418"
                          HPOS="1559"
                          CONTENT="manens"/>
                  <SP HEIGHT="43" WIDTH="15" VPOS="418" HPOS="1707"/>
                  <String HEIGHT="43"
                          WIDTH="192"
                          VPOS="418"
                          HPOS="1663"
                          CONTENT="reperitur"/>
                  <SP HEIGHT="43" WIDTH="15" VPOS="418" HPOS="1855"/>
                  <String HEIGHT="43" WIDTH="89" VPOS="418" HPOS="1810" CONTENT="in"/>
                  <SP HEIGHT="43" WIDTH="15" VPOS="418" HPOS="1899"/>
                  <String HEIGHT="43"
                          WIDTH="148"
                          VPOS="418"
                          HPOS="1855"
                          CONTENT="altari"/>
                  <SP HEIGHT="43" WIDTH="15" VPOS="418" HPOS="2003"/>
                  <String HEIGHT="43" WIDTH="74" VPOS="418" HPOS="1958" CONTENT=":"/>
                  <SP HEIGHT="43" WIDTH="15" VPOS="418" HPOS="2032"/>
                  <String HEIGHT="43"
                          WIDTH="103"
                          VPOS="418"
                          HPOS="1988"
                          CONTENT="sic"/>
                  <SP HEIGHT="43" WIDTH="15" VPOS="418" HPOS="2091"/>
                  <String HEIGHT="43" WIDTH="89" VPOS="418" HPOS="2047" CONTENT="in"/>
                  <SP HEIGHT="43" WIDTH="15" VPOS="418" HPOS="2135"/>
                  <String HEIGHT="43"
                          WIDTH="89"
                          VPOS="418"
                          HPOS="2076"
                          CONTENT="pro"
                          SUBS_TYPE="HypPart1"
                          SUBS_CONTENT="proposito"/>
                  <HYP CONTENT="-"/>
               </TextLine>
               <TextLine ID="r4l8"
                         BASELINE="509"
                         HEIGHT="53"
                         WIDTH="351"
                         VPOS="456"
                         HPOS="1322">
                  <String HEIGHT="53"
                          WIDTH="270"
                          VPOS="456"
                          HPOS="1295"
                          CONTENT="posito"
                          SUBS_TYPE="HypPart2"
                          SUBS_CONTENT="proposito"/>
                  <SP HEIGHT="53" WIDTH="27" VPOS="456" HPOS="1565"/>
                  <String HEIGHT="53" WIDTH="135" VPOS="456" HPOS="1484" CONTENT="&amp;"/>
                  <SP HEIGHT="53" WIDTH="27" VPOS="456" HPOS="1619"/>
                  <String HEIGHT="53"
                          WIDTH="162"
                          VPOS="456"
                          HPOS="1511"
                          CONTENT="cet."/>
               </TextLine>
               <TextLine ID="r4l9"
                         BASELINE="544"
                         HEIGHT="50"
                         WIDTH="800"
                         VPOS="494"
                         HPOS="1368">
                  <String HEIGHT="50"
                          WIDTH="171"
                          VPOS="494"
                          HPOS="1349"
                          CONTENT="FORTE"/>
                  <SP HEIGHT="50" WIDTH="19" VPOS="494" HPOS="1520"/>
                  <String HEIGHT="50"
                          WIDTH="229"
                          VPOS="494"
                          HPOS="1463"
                          CONTENT="DICETVR,"/>
                  <SP HEIGHT="50" WIDTH="19" VPOS="494" HPOS="1692"/>
                  <String HEIGHT="50"
                          WIDTH="152"
                          VPOS="494"
                          HPOS="1635"
                          CONTENT="quod"/>
                  <SP HEIGHT="50" WIDTH="19" VPOS="494" HPOS="1787"/>
                  <String HEIGHT="50"
                          WIDTH="190"
                          VPOS="494"
                          HPOS="1730"
                          CONTENT="contra"/>
                  <SP HEIGHT="50" WIDTH="19" VPOS="494" HPOS="1920"/>
                  <String HEIGHT="50"
                          WIDTH="210"
                          VPOS="494"
                          HPOS="1863"
                          CONTENT="arguere"/>
                  <SP HEIGHT="50" WIDTH="19" VPOS="494" HPOS="2073"/>
                  <String HEIGHT="50"
                          WIDTH="133"
                          VPOS="494"
                          HPOS="2016"
                          CONTENT="non"/>
                  <SP HEIGHT="50" WIDTH="19" VPOS="494" HPOS="2149"/>
                  <String HEIGHT="50" WIDTH="95" VPOS="494" HPOS="2073" CONTENT="esi"/>
               </TextLine>
               <TextLine ID="r4l11"
                         BASELINE="582"
                         HEIGHT="52"
                         WIDTH="122"
                         VPOS="530"
                         HPOS="1319">
                  <String HEIGHT="52"
                          WIDTH="153"
                          VPOS="530"
                          HPOS="1289"
                          CONTENT="soluere."/>
               </TextLine>
               <TextLine ID="r4l12"
                         BASELINE="622"
                         HEIGHT="49"
                         WIDTH="808"
                         VPOS="573"
                         HPOS="1362">
                  <String HEIGHT="49"
                          WIDTH="129"
                          VPOS="573"
                          HPOS="1346"
                          CONTENT="Ideo"/>
                  <SP HEIGHT="49" WIDTH="16" VPOS="573" HPOS="1475"/>
                  <String HEIGHT="49"
                          WIDTH="210"
                          VPOS="573"
                          HPOS="1427"
                          CONTENT="respondeo"/>
                  <SP HEIGHT="49" WIDTH="16" VPOS="573" HPOS="1637"/>
                  <String HEIGHT="49" WIDTH="97" VPOS="573" HPOS="1588" CONTENT="ad"/>
                  <SP HEIGHT="49" WIDTH="16" VPOS="573" HPOS="1685"/>
                  <String HEIGHT="49"
                          WIDTH="210"
                          VPOS="573"
                          HPOS="1637"
                          CONTENT="rationem,"/>
                  <SP HEIGHT="49" WIDTH="16" VPOS="573" HPOS="1847"/>
                  <String HEIGHT="49" WIDTH="81" VPOS="573" HPOS="1798" CONTENT="&amp;"/>
                  <SP HEIGHT="49" WIDTH="16" VPOS="573" HPOS="1879"/>
                  <String HEIGHT="49"
                          WIDTH="145"
                          VPOS="573"
                          HPOS="1831"
                          CONTENT="dico,"/>
                  <SP HEIGHT="49" WIDTH="16" VPOS="573" HPOS="1976"/>
                  <String HEIGHT="49"
                          WIDTH="129"
                          VPOS="573"
                          HPOS="1928"
                          CONTENT="quod"/>
                  <SP HEIGHT="49" WIDTH="16" VPOS="573" HPOS="2057"/>
                  <String HEIGHT="49"
                          WIDTH="129"
                          VPOS="573"
                          HPOS="2008"
                          CONTENT="illa"/>
                  <SP HEIGHT="49" WIDTH="16" VPOS="573" HPOS="2138"/>
                  <String HEIGHT="49"
                          WIDTH="97"
                          VPOS="573"
                          HPOS="2073"
                          CONTENT="com"
                          SUBS_TYPE="HypPart1"
                          SUBS_CONTENT="commensurata"/>
                  <HYP CONTENT="-"/>
               </TextLine>
               <TextLine ID="r4l13"
                         BASELINE="655"
                         HEIGHT="42"
                         WIDTH="839"
                         VPOS="613"
                         HPOS="1332">
                  <String HEIGHT="42"
                          WIDTH="198"
                          VPOS="613"
                          HPOS="1317"
                          CONTENT="mensurata"
                          SUBS_TYPE="HypPart2"
                          SUBS_CONTENT="commensurata"/>
                  <SP HEIGHT="42" WIDTH="15" VPOS="613" HPOS="1515"/>
                  <String HEIGHT="42"
                          WIDTH="168"
                          VPOS="613"
                          HPOS="1469"
                          CONTENT="possunt"/>
                  <SP HEIGHT="42" WIDTH="15" VPOS="613" HPOS="1637"/>
                  <String HEIGHT="42"
                          WIDTH="214"
                          VPOS="613"
                          HPOS="1591"
                          CONTENT="dupliciter"/>
                  <SP HEIGHT="42" WIDTH="15" VPOS="613" HPOS="1805"/>
                  <String HEIGHT="42"
                          WIDTH="244"
                          VPOS="613"
                          HPOS="1759"
                          CONTENT="considerari."/>
                  <SP HEIGHT="42" WIDTH="15" VPOS="613" HPOS="2003"/>
                  <String HEIGHT="42"
                          WIDTH="107"
                          VPOS="613"
                          HPOS="1957"
                          CONTENT="Vno"/>
                  <SP HEIGHT="42" WIDTH="15" VPOS="613" HPOS="2064"/>
                  <String HEIGHT="42"
                          WIDTH="137"
                          VPOS="613"
                          HPOS="2018"
                          CONTENT="modo,"/>
                  <SP HEIGHT="42" WIDTH="15" VPOS="613" HPOS="2156"/>
                  <String HEIGHT="42"
                          WIDTH="76"
                          VPOS="613"
                          HPOS="2095"
                          CONTENT="se"
                          SUBS_TYPE="HypPart1"
                          SUBS_CONTENT="secundum"/>
                  <HYP CONTENT="-"/>
               </TextLine>
               <TextLine ID="r4l14"
                         BASELINE="705"
                         HEIGHT="47"
                         WIDTH="845"
                         VPOS="658"
                         HPOS="1323">
                  <String HEIGHT="47"
                          WIDTH="176"
                          VPOS="658"
                          HPOS="1305"
                          CONTENT="cundum"
                          SUBS_TYPE="HypPart2"
                          SUBS_CONTENT="secundum"/>
                  <SP HEIGHT="47" WIDTH="18" VPOS="658" HPOS="1481"/>
                  <String HEIGHT="47"
                          WIDTH="176"
                          VPOS="658"
                          HPOS="1429"
                          CONTENT="cursum"/>
                  <SP HEIGHT="47" WIDTH="18" VPOS="658" HPOS="1605"/>
                  <String HEIGHT="47"
                          WIDTH="246"
                          VPOS="658"
                          HPOS="1552"
                          CONTENT="naturalem."/>
                  <SP HEIGHT="47" WIDTH="18" VPOS="658" HPOS="1798"/>
                  <String HEIGHT="47"
                          WIDTH="141"
                          VPOS="658"
                          HPOS="1746"
                          CONTENT="Alio"/>
                  <SP HEIGHT="47" WIDTH="18" VPOS="658" HPOS="1886"/>
                  <String HEIGHT="47"
                          WIDTH="158"
                          VPOS="658"
                          HPOS="1834"
                          CONTENT="modo,"/>
                  <SP HEIGHT="47" WIDTH="18" VPOS="658" HPOS="1992"/>
                  <String HEIGHT="47"
                          WIDTH="123"
                          VPOS="658"
                          HPOS="1939"
                          CONTENT="per"/>
                  <SP HEIGHT="47" WIDTH="18" VPOS="658" HPOS="2062"/>
                  <String HEIGHT="47"
                          WIDTH="176"
                          VPOS="658"
                          HPOS="1992"
                          CONTENT="compara"
                          SUBS_TYPE="HypPart1"
                          SUBS_CONTENT="comparationem"/>
                  <HYP CONTENT="-"/>
               </TextLine>
               <TextLine ID="r4l15"
                         BASELINE="738"
                         HEIGHT="48"
                         WIDTH="851"
                         VPOS="690"
                         HPOS="1327">
                  <String HEIGHT="48"
                          WIDTH="158"
                          VPOS="690"
                          HPOS="1311"
                          CONTENT="tionem"
                          SUBS_TYPE="HypPart2"
                          SUBS_CONTENT="comparationem"/>
                  <SP HEIGHT="48" WIDTH="16" VPOS="690" HPOS="1469"/>
                  <String HEIGHT="48" WIDTH="95" VPOS="690" HPOS="1422" CONTENT="ad"/>
                  <SP HEIGHT="48" WIDTH="16" VPOS="690" HPOS="1516"/>
                  <String HEIGHT="48"
                          WIDTH="236"
                          VPOS="690"
                          HPOS="1469"
                          CONTENT="superiorem,"/>
                  <SP HEIGHT="48" WIDTH="16" VPOS="690" HPOS="1705"/>
                  <String HEIGHT="48" WIDTH="79" VPOS="690" HPOS="1658" CONTENT="&amp;"/>
                  <SP HEIGHT="48" WIDTH="16" VPOS="690" HPOS="1737"/>
                  <String HEIGHT="48"
                          WIDTH="236"
                          VPOS="690"
                          HPOS="1689"
                          CONTENT="illimitatam"/>
                  <SP HEIGHT="48" WIDTH="16" VPOS="690" HPOS="1926"/>
                  <String HEIGHT="48"
                          WIDTH="205"
                          VPOS="690"
                          HPOS="1879"
                          CONTENT="virtutem,"/>
                  <SP HEIGHT="48" WIDTH="16" VPOS="690" HPOS="2083"/>
                  <String HEIGHT="48"
                          WIDTH="126"
                          VPOS="690"
                          HPOS="2036"
                          CONTENT="quae"/>
                  <SP HEIGHT="48" WIDTH="16" VPOS="690" HPOS="2162"/>
                  <String HEIGHT="48" WIDTH="79" VPOS="690" HPOS="2099" CONTENT="vni"/>
               </TextLine>
               <TextLine ID="r4l16"
                         BASELINE="780"
                         HEIGHT="51"
                         WIDTH="851"
                         VPOS="729"
                         HPOS="1319">
                  <String HEIGHT="51"
                          WIDTH="173"
                          VPOS="729"
                          HPOS="1303"
                          CONTENT="illorum"/>
                  <SP HEIGHT="51" WIDTH="16" VPOS="729" HPOS="1477"/>
                  <String HEIGHT="51"
                          WIDTH="189"
                          VPOS="729"
                          HPOS="1429"
                          CONTENT="tribuere"/>
                  <SP HEIGHT="51" WIDTH="16" VPOS="729" HPOS="1618"/>
                  <String HEIGHT="51"
                          WIDTH="158"
                          VPOS="729"
                          HPOS="1571"
                          CONTENT="potest"/>
                  <SP HEIGHT="51" WIDTH="16" VPOS="729" HPOS="1729"/>
                  <String HEIGHT="51"
                          WIDTH="173"
                          VPOS="729"
                          HPOS="1681"
                          CONTENT="quandam"/>
                  <SP HEIGHT="51" WIDTH="16" VPOS="729" HPOS="1855"/>
                  <String HEIGHT="51"
                          WIDTH="284"
                          VPOS="729"
                          HPOS="1808"
                          CONTENT="illimitationem"/>
                  <SP HEIGHT="51" WIDTH="16" VPOS="729" HPOS="2091"/>
                  <String HEIGHT="51"
                          WIDTH="110"
                          VPOS="729"
                          HPOS="2044"
                          CONTENT="per"/>
                  <SP HEIGHT="51" WIDTH="16" VPOS="729" HPOS="2154"/>
                  <String HEIGHT="51" WIDTH="79" VPOS="729" HPOS="2091" CONTENT="con"/>
               </TextLine>
               <TextLine ID="r4l17"
                         BASELINE="810"
                         HEIGHT="37"
                         WIDTH="840"
                         VPOS="773"
                         HPOS="1332">
                  <String HEIGHT="37"
                          WIDTH="235"
                          VPOS="773"
                          HPOS="1315"
                          CONTENT="parationem"/>
                  <SP HEIGHT="37" WIDTH="17" VPOS="773" HPOS="1550"/>
                  <String HEIGHT="37" WIDTH="101" VPOS="773" HPOS="1500" CONTENT="ad"/>
                  <SP HEIGHT="37" WIDTH="17" VPOS="773" HPOS="1601"/>
                  <String HEIGHT="37"
                          WIDTH="202"
                          VPOS="773"
                          HPOS="1550"
                          CONTENT="alterum."/>
                  <SP HEIGHT="37" WIDTH="17" VPOS="773" HPOS="1752"/>
                  <String HEIGHT="37"
                          WIDTH="151"
                          VPOS="773"
                          HPOS="1702"
                          CONTENT="Primo"/>
                  <SP HEIGHT="37" WIDTH="17" VPOS="773" HPOS="1853"/>
                  <String HEIGHT="37"
                          WIDTH="134"
                          VPOS="773"
                          HPOS="1802"
                          CONTENT="modo"/>
                  <SP HEIGHT="37" WIDTH="17" VPOS="773" HPOS="1937"/>
                  <String HEIGHT="37"
                          WIDTH="151"
                          VPOS="773"
                          HPOS="1886"
                          CONTENT="maior"/>
                  <SP HEIGHT="37" WIDTH="17" VPOS="773" HPOS="2038"/>
                  <String HEIGHT="37"
                          WIDTH="168"
                          VPOS="773"
                          HPOS="1987"
                          CONTENT="istius"/>
                  <SP HEIGHT="37" WIDTH="17" VPOS="773" HPOS="2155"/>
                  <String HEIGHT="37"
                          WIDTH="84"
                          VPOS="773"
                          HPOS="2088"
                          CONTENT="ra"
                          SUBS_TYPE="HypPart1"
                          SUBS_CONTENT="rationis"/>
                  <HYP CONTENT="-"/>
               </TextLine>
               <TextLine ID="r4l18"
                         BASELINE="860"
                         HEIGHT="49"
                         WIDTH="843"
                         VPOS="811"
                         HPOS="1325">
                  <String HEIGHT="49"
                          WIDTH="148"
                          VPOS="811"
                          HPOS="1310"
                          CONTENT="tionis"
                          SUBS_TYPE="HypPart2"
                          SUBS_CONTENT="rationis"/>
                  <SP HEIGHT="49" WIDTH="15" VPOS="811" HPOS="1458"/>
                  <String HEIGHT="49"
                          WIDTH="104"
                          VPOS="811"
                          HPOS="1414"
                          CONTENT="est"/>
                  <SP HEIGHT="49" WIDTH="15" VPOS="811" HPOS="1517"/>
                  <String HEIGHT="49"
                          WIDTH="133"
                          VPOS="811"
                          HPOS="1473"
                          CONTENT="vera:"/>
                  <SP HEIGHT="49" WIDTH="15" VPOS="811" HPOS="1606"/>
                  <String HEIGHT="49"
                          WIDTH="104"
                          VPOS="811"
                          HPOS="1562"
                          CONTENT="sed"/>
                  <SP HEIGHT="49" WIDTH="15" VPOS="811" HPOS="1665"/>
                  <String HEIGHT="49"
                          WIDTH="163"
                          VPOS="811"
                          HPOS="1621"
                          CONTENT="secundo"/>
                  <SP HEIGHT="49" WIDTH="15" VPOS="811" HPOS="1783"/>
                  <String HEIGHT="49"
                          WIDTH="118"
                          VPOS="811"
                          HPOS="1739"
                          CONTENT="modo"/>
                  <SP HEIGHT="49" WIDTH="15" VPOS="811" HPOS="1857"/>
                  <String HEIGHT="49"
                          WIDTH="104"
                          VPOS="811"
                          HPOS="1813"
                          CONTENT="non"/>
                  <SP HEIGHT="49" WIDTH="15" VPOS="811" HPOS="1917"/>
                  <String HEIGHT="49"
                          WIDTH="104"
                          VPOS="811"
                          HPOS="1872"
                          CONTENT="est"/>
                  <SP HEIGHT="49" WIDTH="15" VPOS="811" HPOS="1976"/>
                  <String HEIGHT="49"
                          WIDTH="133"
                          VPOS="811"
                          HPOS="1931"
                          CONTENT="vera:"/>
                  <SP HEIGHT="49" WIDTH="15" VPOS="811" HPOS="2064"/>
                  <String HEIGHT="49"
                          WIDTH="118"
                          VPOS="811"
                          HPOS="2020"
                          CONTENT="quia"/>
                  <SP HEIGHT="49" WIDTH="15" VPOS="811" HPOS="2138"/>
                  <String HEIGHT="49"
                          WIDTH="104"
                          VPOS="811"
                          HPOS="2094"
                          CONTENT="non"/>
                  <SP HEIGHT="49" WIDTH="15" VPOS="811" HPOS="2198"/>
                  <String HEIGHT="49" WIDTH="30" VPOS="811" HPOS="2138" CONTENT=""/>
               </TextLine>
               <TextLine ID="r4l19"
                         BASELINE="893"
                         HEIGHT="42"
                         WIDTH="839"
                         VPOS="851"
                         HPOS="1326">
                  <String HEIGHT="42"
                          WIDTH="197"
                          VPOS="851"
                          HPOS="1310"
                          CONTENT="obstante"/>
                  <SP HEIGHT="42" WIDTH="16" VPOS="851" HPOS="1507"/>
                  <String HEIGHT="42"
                          WIDTH="132"
                          VPOS="851"
                          HPOS="1458"
                          CONTENT="illa"/>
                  <SP HEIGHT="42" WIDTH="16" VPOS="851" HPOS="1589"/>
                  <String HEIGHT="42"
                          WIDTH="329"
                          VPOS="851"
                          HPOS="1540"
                          CONTENT="commensuratione;"/>
                  <SP HEIGHT="42" WIDTH="16" VPOS="851" HPOS="1869"/>
                  <String HEIGHT="42"
                          WIDTH="148"
                          VPOS="851"
                          HPOS="1820"
                          CONTENT="tamen"/>
                  <SP HEIGHT="42" WIDTH="16" VPOS="851" HPOS="1968"/>
                  <String HEIGHT="42"
                          WIDTH="165"
                          VPOS="851"
                          HPOS="1918"
                          CONTENT="virtus"/>
                  <SP HEIGHT="42" WIDTH="16" VPOS="851" HPOS="2083"/>
                  <String HEIGHT="42"
                          WIDTH="148"
                          VPOS="851"
                          HPOS="2017"
                          CONTENT="diuinam"/>
               </TextLine>
               <TextLine ID="r4l20"
                         BASELINE="940"
                         HEIGHT="49"
                         WIDTH="838"
                         VPOS="891"
                         HPOS="1339">
                  <String HEIGHT="49"
                          WIDTH="112"
                          VPOS="891"
                          HPOS="1325"
                          CONTENT="quae"/>
                  <SP HEIGHT="49" WIDTH="14" VPOS="891" HPOS="1437"/>
                  <String HEIGHT="49" WIDTH="98" VPOS="891" HPOS="1395" CONTENT="est"/>
                  <SP HEIGHT="49" WIDTH="14" VPOS="891" HPOS="1493"/>
                  <String HEIGHT="49"
                          WIDTH="182"
                          VPOS="891"
                          HPOS="1451"
                          CONTENT="infinita,"/>
                  <SP HEIGHT="49" WIDTH="14" VPOS="891" HPOS="1632"/>
                  <String HEIGHT="49" WIDTH="70" VPOS="891" HPOS="1590" CONTENT="&amp;"/>
                  <SP HEIGHT="49" WIDTH="14" VPOS="891" HPOS="1660"/>
                  <String HEIGHT="49"
                          WIDTH="182"
                          VPOS="891"
                          HPOS="1618"
                          CONTENT="totaliter"/>
                  <SP HEIGHT="49" WIDTH="14" VPOS="891" HPOS="1800"/>
                  <String HEIGHT="49"
                          WIDTH="210"
                          VPOS="891"
                          HPOS="1758"
                          CONTENT="illimitata,"/>
                  <SP HEIGHT="49" WIDTH="14" VPOS="891" HPOS="1968"/>
                  <String HEIGHT="49"
                          WIDTH="140"
                          VPOS="891"
                          HPOS="1926"
                          CONTENT="potest"/>
                  <SP HEIGHT="49" WIDTH="14" VPOS="891" HPOS="2065"/>
                  <String HEIGHT="49" WIDTH="98" VPOS="891" HPOS="2023" CONTENT="vni"/>
                  <SP HEIGHT="49" WIDTH="14" VPOS="891" HPOS="2121"/>
                  <String HEIGHT="49"
                          WIDTH="126"
                          VPOS="891"
                          HPOS="2079"
                          CONTENT="illo"/>
                  <SP HEIGHT="49" WIDTH="14" VPOS="891" HPOS="2205"/>
                  <String HEIGHT="49" WIDTH="28" VPOS="891" HPOS="2149" CONTENT=""/>
               </TextLine>
               <TextLine ID="r4l21"
                         BASELINE="977"
                         HEIGHT="50"
                         WIDTH="836"
                         VPOS="927"
                         HPOS="1331">
                  <String HEIGHT="50"
                          WIDTH="113"
                          VPOS="927"
                          HPOS="1315"
                          CONTENT="rum"/>
                  <SP HEIGHT="50" WIDTH="16" VPOS="927" HPOS="1427"/>
                  <String HEIGHT="50"
                          WIDTH="193"
                          VPOS="927"
                          HPOS="1379"
                          CONTENT="respectu"/>
                  <SP HEIGHT="50" WIDTH="16" VPOS="927" HPOS="1572"/>
                  <String HEIGHT="50"
                          WIDTH="193"
                          VPOS="927"
                          HPOS="1524"
                          CONTENT="alterius"/>
                  <SP HEIGHT="50" WIDTH="16" VPOS="927" HPOS="1717"/>
                  <String HEIGHT="50"
                          WIDTH="193"
                          VPOS="927"
                          HPOS="1669"
                          CONTENT="tribuere"/>
                  <SP HEIGHT="50" WIDTH="16" VPOS="927" HPOS="1862"/>
                  <String HEIGHT="50"
                          WIDTH="145"
                          VPOS="927"
                          HPOS="1813"
                          CONTENT="talem"/>
                  <SP HEIGHT="50" WIDTH="16" VPOS="927" HPOS="1958"/>
                  <String HEIGHT="50"
                          WIDTH="273"
                          VPOS="927"
                          HPOS="1894"
                          CONTENT="illimitationem,"/>
               </TextLine>
               <TextLine ID="r4l22"
                         BASELINE="1015"
                         HEIGHT="49"
                         WIDTH="839"
                         VPOS="966"
                         HPOS="1331">
                  <String HEIGHT="49"
                          WIDTH="124"
                          VPOS="966"
                          HPOS="1315"
                          CONTENT="quod"/>
                  <SP HEIGHT="49" WIDTH="16" VPOS="966" HPOS="1440"/>
                  <String HEIGHT="49"
                          WIDTH="186"
                          VPOS="966"
                          HPOS="1393"
                          CONTENT="pluribus"/>
                  <SP HEIGHT="49" WIDTH="16" VPOS="966" HPOS="1580"/>
                  <String HEIGHT="49"
                          WIDTH="140"
                          VPOS="966"
                          HPOS="1533"
                          CONTENT="aliis"/>
                  <SP HEIGHT="49" WIDTH="16" VPOS="966" HPOS="1673"/>
                  <String HEIGHT="49"
                          WIDTH="155"
                          VPOS="966"
                          HPOS="1626"
                          CONTENT="possit"/>
                  <SP HEIGHT="49" WIDTH="16" VPOS="966" HPOS="1782"/>
                  <String HEIGHT="49"
                          WIDTH="264"
                          VPOS="966"
                          HPOS="1735"
                          CONTENT="commensurari,"/>
                  <SP HEIGHT="49" WIDTH="16" VPOS="966" HPOS="1999"/>
                  <String HEIGHT="49"
                          WIDTH="202"
                          VPOS="966"
                          HPOS="1952"
                          CONTENT="inuiolata"/>
                  <SP HEIGHT="49" WIDTH="16" VPOS="966" HPOS="2154"/>
                  <String HEIGHT="49"
                          WIDTH="78"
                          VPOS="966"
                          HPOS="2092"
                          CONTENT="ta"
                          SUBS_TYPE="HypPart1"
                          SUBS_CONTENT="tamen"/>
                  <HYP CONTENT="-"/>
               </TextLine>
               <TextLine ID="r4l23"
                         BASELINE="1057"
                         HEIGHT="47"
                         WIDTH="828"
                         VPOS="1010"
                         HPOS="1333">
                  <String HEIGHT="47"
                          WIDTH="116"
                          VPOS="1010"
                          HPOS="1316"
                          CONTENT="men"
                          SUBS_TYPE="HypPart2"
                          SUBS_CONTENT="tamen"/>
                  <SP HEIGHT="47" WIDTH="17" VPOS="1010" HPOS="1432"/>
                  <String HEIGHT="47"
                          WIDTH="232"
                          VPOS="1010"
                          HPOS="1383"
                          CONTENT="permanente"/>
                  <SP HEIGHT="47" WIDTH="17" VPOS="1010" HPOS="1615"/>
                  <String HEIGHT="47"
                          WIDTH="298"
                          VPOS="1010"
                          HPOS="1565"
                          CONTENT="comensuratione"/>
                  <SP HEIGHT="47" WIDTH="17" VPOS="1010" HPOS="1863"/>
                  <String HEIGHT="47"
                          WIDTH="116"
                          VPOS="1010"
                          HPOS="1813"
                          CONTENT="cum"/>
                  <SP HEIGHT="47" WIDTH="17" VPOS="1010" HPOS="1929"/>
                  <String HEIGHT="47"
                          WIDTH="132"
                          VPOS="1010"
                          HPOS="1879"
                          CONTENT="illo"/>
                  <SP HEIGHT="47" WIDTH="17" VPOS="1010" HPOS="2012"/>
                  <String HEIGHT="47"
                          WIDTH="166"
                          VPOS="1010"
                          HPOS="1962"
                          CONTENT="primo,"/>
                  <SP HEIGHT="47" WIDTH="17" VPOS="1010" HPOS="2128"/>
                  <String HEIGHT="47" WIDTH="83" VPOS="1010" HPOS="2078" CONTENT="&amp;"/>
                  <SP HEIGHT="47" WIDTH="17" VPOS="1010" HPOS="2161"/>
                  <String HEIGHT="47" WIDTH="66" VPOS="1010" HPOS="2095" CONTENT="pe"/>
               </TextLine>
               <TextLine ID="r4l24"
                         BASELINE="1092"
                         HEIGHT="46"
                         WIDTH="834"
                         VPOS="1046"
                         HPOS="1334">
                  <String HEIGHT="46"
                          WIDTH="225"
                          VPOS="1046"
                          HPOS="1318"
                          CONTENT="consequens"/>
                  <SP HEIGHT="46" WIDTH="16" VPOS="1046" HPOS="1543"/>
                  <String HEIGHT="46"
                          WIDTH="176"
                          VPOS="1046"
                          HPOS="1494"
                          CONTENT="aliquid"/>
                  <SP HEIGHT="46" WIDTH="16" VPOS="1046" HPOS="1671"/>
                  <String HEIGHT="46"
                          WIDTH="160"
                          VPOS="1046"
                          HPOS="1623"
                          CONTENT="manens"/>
                  <SP HEIGHT="46" WIDTH="16" VPOS="1046" HPOS="1783"/>
                  <String HEIGHT="46"
                          WIDTH="144"
                          VPOS="1046"
                          HPOS="1735"
                          CONTENT="infra"/>
                  <SP HEIGHT="46" WIDTH="16" VPOS="1046" HPOS="1879"/>
                  <String HEIGHT="46"
                          WIDTH="241"
                          VPOS="1046"
                          HPOS="1831"
                          CONTENT="superficiem"/>
                  <SP HEIGHT="46" WIDTH="16" VPOS="1046" HPOS="2072"/>
                  <String HEIGHT="46"
                          WIDTH="112"
                          VPOS="1046"
                          HPOS="2024"
                          CONTENT="hoc"/>
                  <SP HEIGHT="46" WIDTH="16" VPOS="1046" HPOS="2136"/>
                  <String HEIGHT="46"
                          WIDTH="96"
                          VPOS="1046"
                          HPOS="2072"
                          CONTENT="modo"/>
               </TextLine>
               <TextLine ID="r4l25"
                         BASELINE="1130"
                         HEIGHT="47"
                         WIDTH="835"
                         VPOS="1083"
                         HPOS="1336">
                  <String HEIGHT="47"
                          WIDTH="216"
                          VPOS="1083"
                          HPOS="1321"
                          CONTENT="llimitatam"/>
                  <SP HEIGHT="47" WIDTH="15" VPOS="1083" HPOS="1537"/>
                  <String HEIGHT="47"
                          WIDTH="155"
                          VPOS="1083"
                          HPOS="1491"
                          CONTENT="potest"/>
                  <SP HEIGHT="47" WIDTH="15" VPOS="1083" HPOS="1645"/>
                  <String HEIGHT="47"
                          WIDTH="186"
                          VPOS="1083"
                          HPOS="1599"
                          CONTENT="inueniri"/>
                  <SP HEIGHT="47" WIDTH="15" VPOS="1083" HPOS="1784"/>
                  <String HEIGHT="47"
                          WIDTH="139"
                          VPOS="1083"
                          HPOS="1738"
                          CONTENT="extra"/>
                  <SP HEIGHT="47" WIDTH="15" VPOS="1083" HPOS="1877"/>
                  <String HEIGHT="47"
                          WIDTH="232"
                          VPOS="1083"
                          HPOS="1831"
                          CONTENT="superficiem"/>
                  <SP HEIGHT="47" WIDTH="15" VPOS="1083" HPOS="2063"/>
                  <String HEIGHT="47"
                          WIDTH="124"
                          VPOS="1083"
                          HPOS="2016"
                          CONTENT="sibi"/>
                  <SP HEIGHT="47" WIDTH="15" VPOS="1083" HPOS="2140"/>
                  <String HEIGHT="47"
                          WIDTH="93"
                          VPOS="1083"
                          HPOS="2078"
                          CONTENT="com"
                          SUBS_TYPE="HypPart1"
                          SUBS_CONTENT="commensuratam,"/>
                  <HYP CONTENT="-"/>
               </TextLine>
               <TextLine ID="r4l26"
                         BASELINE="1168"
                         HEIGHT="46"
                         WIDTH="840"
                         VPOS="1122"
                         HPOS="1321">
                  <String HEIGHT="46"
                          WIDTH="238"
                          VPOS="1122"
                          HPOS="1305"
                          CONTENT="mensuratam,"
                          SUBS_TYPE="HypPart2"
                          SUBS_CONTENT="commensuratam,"/>
                  <SP HEIGHT="46" WIDTH="16" VPOS="1122" HPOS="1543"/>
                  <String HEIGHT="46"
                          WIDTH="111"
                          VPOS="1122"
                          HPOS="1495"
                          CONTENT="cui"/>
                  <SP HEIGHT="46" WIDTH="16" VPOS="1122" HPOS="1606"/>
                  <String HEIGHT="46"
                          WIDTH="143"
                          VPOS="1122"
                          HPOS="1559"
                          CONTENT="talis"/>
                  <SP HEIGHT="46" WIDTH="16" VPOS="1122" HPOS="1701"/>
                  <String HEIGHT="46"
                          WIDTH="238"
                          VPOS="1122"
                          HPOS="1654"
                          CONTENT="illimitatio"/>
                  <SP HEIGHT="46" WIDTH="16" VPOS="1122" HPOS="1892"/>
                  <String HEIGHT="46"
                          WIDTH="111"
                          VPOS="1122"
                          HPOS="1844"
                          CONTENT="non"/>
                  <SP HEIGHT="46" WIDTH="16" VPOS="1122" HPOS="1955"/>
                  <String HEIGHT="46"
                          WIDTH="111"
                          VPOS="1122"
                          HPOS="1907"
                          CONTENT="est"/>
                  <SP HEIGHT="46" WIDTH="16" VPOS="1122" HPOS="2018"/>
                  <String HEIGHT="46"
                          WIDTH="206"
                          VPOS="1122"
                          HPOS="1955"
                          CONTENT="communicata"/>
               </TextLine>
               <TextLine ID="r4l27"
                         BASELINE="1211"
                         HEIGHT="43"
                         WIDTH="832"
                         VPOS="1168"
                         HPOS="1331">
                  <String HEIGHT="43"
                          WIDTH="179"
                          VPOS="1168"
                          HPOS="1315"
                          CONTENT="Quamuis"/>
                  <SP HEIGHT="43" WIDTH="16" VPOS="1168" HPOS="1494"/>
                  <String HEIGHT="43"
                          WIDTH="163"
                          VPOS="1168"
                          HPOS="1445"
                          CONTENT="igitur"/>
                  <SP HEIGHT="43" WIDTH="16" VPOS="1168" HPOS="1608"/>
                  <String HEIGHT="43"
                          WIDTH="245"
                          VPOS="1168"
                          HPOS="1559"
                          CONTENT="superficies"/>
                  <SP HEIGHT="43" WIDTH="16" VPOS="1168" HPOS="1804"/>
                  <String HEIGHT="43"
                          WIDTH="196"
                          VPOS="1168"
                          HPOS="1755"
                          CONTENT="corporis"/>
                  <SP HEIGHT="43" WIDTH="16" VPOS="1168" HPOS="1951"/>
                  <String HEIGHT="43"
                          WIDTH="179"
                          VPOS="1168"
                          HPOS="1902"
                          CONTENT="Christi"/>
                  <SP HEIGHT="43" WIDTH="16" VPOS="1168" HPOS="2081"/>
                  <String HEIGHT="43"
                          WIDTH="147"
                          VPOS="1168"
                          HPOS="2016"
                          CONTENT="commen"
                          SUBS_TYPE="HypPart1"
                          SUBS_CONTENT="commensuretur"/>
                  <HYP CONTENT="-"/>
               </TextLine>
               <TextLine ID="r4l28"
                         BASELINE="1249"
                         HEIGHT="47"
                         WIDTH="840"
                         VPOS="1202"
                         HPOS="1326">
                  <String HEIGHT="47"
                          WIDTH="174"
                          VPOS="1202"
                          HPOS="1310"
                          CONTENT="suretur"
                          SUBS_TYPE="HypPart2"
                          SUBS_CONTENT="commensuretur"/>
                  <SP HEIGHT="47" WIDTH="16" VPOS="1202" HPOS="1484"/>
                  <String HEIGHT="47"
                          WIDTH="127"
                          VPOS="1202"
                          HPOS="1437"
                          CONTENT="loco"/>
                  <SP HEIGHT="47" WIDTH="16" VPOS="1202" HPOS="1564"/>
                  <String HEIGHT="47"
                          WIDTH="127"
                          VPOS="1202"
                          HPOS="1516"
                          CONTENT="sibi"/>
                  <SP HEIGHT="47" WIDTH="16" VPOS="1202" HPOS="1643"/>
                  <String HEIGHT="47"
                          WIDTH="206"
                          VPOS="1202"
                          HPOS="1595"
                          CONTENT="coaequali"/>
                  <SP HEIGHT="47" WIDTH="16" VPOS="1202" HPOS="1801"/>
                  <String HEIGHT="47" WIDTH="95" VPOS="1202" HPOS="1754" CONTENT="in"/>
                  <SP HEIGHT="47" WIDTH="16" VPOS="1202" HPOS="1849"/>
                  <String HEIGHT="47"
                          WIDTH="174"
                          VPOS="1202"
                          HPOS="1801"
                          CONTENT="coelis:"/>
                  <SP HEIGHT="47" WIDTH="16" VPOS="1202" HPOS="1976"/>
                  <String HEIGHT="47"
                          WIDTH="143"
                          VPOS="1202"
                          HPOS="1928"
                          CONTENT="tamen"/>
                  <SP HEIGHT="47" WIDTH="16" VPOS="1202" HPOS="2071"/>
                  <String HEIGHT="47"
                          WIDTH="158"
                          VPOS="1202"
                          HPOS="2008"
                          CONTENT="communi"
                          SUBS_TYPE="HypPart1"
                          SUBS_CONTENT="communicata"/>
                  <HYP CONTENT="-"/>
               </TextLine>
               <TextLine ID="r4l29"
                         BASELINE="1291"
                         HEIGHT="50"
                         WIDTH="835"
                         VPOS="1241"
                         HPOS="1329">
                  <String HEIGHT="50"
                          WIDTH="124"
                          VPOS="1241"
                          HPOS="1314"
                          CONTENT="cata"
                          SUBS_TYPE="HypPart2"
                          SUBS_CONTENT="communicata"/>
                  <SP HEIGHT="50" WIDTH="15" VPOS="1241" HPOS="1437"/>
                  <String HEIGHT="50"
                          WIDTH="124"
                          VPOS="1241"
                          HPOS="1391"
                          CONTENT="sibi"/>
                  <SP HEIGHT="50" WIDTH="15" VPOS="1241" HPOS="1515"/>
                  <String HEIGHT="50"
                          WIDTH="108"
                          VPOS="1241"
                          HPOS="1468"
                          CONTENT="per"/>
                  <SP HEIGHT="50" WIDTH="15" VPOS="1241" HPOS="1576"/>
                  <String HEIGHT="50"
                          WIDTH="170"
                          VPOS="1241"
                          HPOS="1530"
                          CONTENT="diuinam"/>
                  <SP HEIGHT="50" WIDTH="15" VPOS="1241" HPOS="1700"/>
                  <String HEIGHT="50"
                          WIDTH="201"
                          VPOS="1241"
                          HPOS="1654"
                          CONTENT="potentiam"/>
                  <SP HEIGHT="50" WIDTH="15" VPOS="1241" HPOS="1855"/>
                  <String HEIGHT="50"
                          WIDTH="186"
                          VPOS="1241"
                          HPOS="1808"
                          CONTENT="predicta"/>
                  <SP HEIGHT="50" WIDTH="15" VPOS="1241" HPOS="1994"/>
                  <String HEIGHT="50"
                          WIDTH="247"
                          VPOS="1241"
                          HPOS="1948"
                          CONTENT="illiminatio"/>
                  <SP HEIGHT="50" WIDTH="15" VPOS="1241" HPOS="2195"/>
                  <String HEIGHT="50" WIDTH="31" VPOS="1241" HPOS="2133" CONTENT=""/>
               </TextLine>
               <TextLine ID="r4l30"
                         BASELINE="1327"
                         HEIGHT="53"
                         WIDTH="844"
                         VPOS="1274"
                         HPOS="1332">
                  <String HEIGHT="53" WIDTH="89" VPOS="1274" HPOS="1317" CONTENT="ne"/>
                  <SP HEIGHT="53" WIDTH="15" VPOS="1274" HPOS="1406"/>
                  <String HEIGHT="53"
                          WIDTH="178"
                          VPOS="1274"
                          HPOS="1362"
                          CONTENT="respectu"/>
                  <SP HEIGHT="53" WIDTH="15" VPOS="1274" HPOS="1539"/>
                  <String HEIGHT="53"
                          WIDTH="148"
                          VPOS="1274"
                          HPOS="1495"
                          CONTENT="illius"/>
                  <SP HEIGHT="53" WIDTH="15" VPOS="1274" HPOS="1643"/>
                  <String HEIGHT="53"
                          WIDTH="118"
                          VPOS="1274"
                          HPOS="1599"
                          CONTENT="loci"/>
                  <SP HEIGHT="53" WIDTH="15" VPOS="1274" HPOS="1717"/>
                  <String HEIGHT="53"
                          WIDTH="163"
                          VPOS="1274"
                          HPOS="1673"
                          CONTENT="poterit"/>
                  <SP HEIGHT="53" WIDTH="15" VPOS="1274" HPOS="1835"/>
                  <String HEIGHT="53"
                          WIDTH="104"
                          VPOS="1274"
                          HPOS="1791"
                          CONTENT="cum"/>
                  <SP HEIGHT="53" WIDTH="15" VPOS="1274" HPOS="1895"/>
                  <String HEIGHT="53"
                          WIDTH="163"
                          VPOS="1274"
                          HPOS="1850"
                          CONTENT="corpore"/>
                  <SP HEIGHT="53" WIDTH="15" VPOS="1274" HPOS="2013"/>
                  <String HEIGHT="53"
                          WIDTH="163"
                          VPOS="1274"
                          HPOS="1969"
                          CONTENT="Christi"/>
                  <SP HEIGHT="53" WIDTH="15" VPOS="1274" HPOS="2132"/>
                  <String HEIGHT="53"
                          WIDTH="104"
                          VPOS="1274"
                          HPOS="2072"
                          CONTENT="alibi"/>
               </TextLine>
               <TextLine ID="r4l31"
                         BASELINE="1366"
                         HEIGHT="47"
                         WIDTH="833"
                         VPOS="1319"
                         HPOS="1329">
                  <String HEIGHT="47"
                          WIDTH="201"
                          VPOS="1319"
                          HPOS="1314"
                          CONTENT="reperiri,"/>
                  <SP HEIGHT="47" WIDTH="15" VPOS="1319" HPOS="1514"/>
                  <String HEIGHT="47"
                          WIDTH="170"
                          VPOS="1319"
                          HPOS="1468"
                          CONTENT="quamuis"/>
                  <SP HEIGHT="47" WIDTH="15" VPOS="1319" HPOS="1638"/>
                  <String HEIGHT="47"
                          WIDTH="247"
                          VPOS="1319"
                          HPOS="1591"
                          CONTENT="commensurata"/>
                  <SP HEIGHT="47" WIDTH="15" VPOS="1319" HPOS="1838"/>
                  <String HEIGHT="47"
                          WIDTH="185"
                          VPOS="1319"
                          HPOS="1792"
                          CONTENT="remaneat"/>
                  <SP HEIGHT="47" WIDTH="15" VPOS="1319" HPOS="1977"/>
                  <String HEIGHT="47"
                          WIDTH="123"
                          VPOS="1319"
                          HPOS="1931"
                          CONTENT="illi"/>
                  <SP HEIGHT="47" WIDTH="15" VPOS="1319" HPOS="2054"/>
                  <String HEIGHT="47"
                          WIDTH="123"
                          VPOS="1319"
                          HPOS="2008"
                          CONTENT="loco"/>
                  <SP HEIGHT="47" WIDTH="15" VPOS="1319" HPOS="2131"/>
                  <String HEIGHT="47"
                          WIDTH="93"
                          VPOS="1319"
                          HPOS="2069"
                          CONTENT="coe"
                          SUBS_TYPE="HypPart1"
                          SUBS_CONTENT="coelesti."/>
                  <HYP CONTENT="-"/>
               </TextLine>
               <TextLine ID="r4l32"
                         BASELINE="1410"
                         HEIGHT="52"
                         WIDTH="835"
                         VPOS="1358"
                         HPOS="1326">
                  <String HEIGHT="52"
                          WIDTH="155"
                          VPOS="1358"
                          HPOS="1311"
                          CONTENT="lesti."
                          SUBS_TYPE="HypPart2"
                          SUBS_CONTENT="coelesti."/>
                  <SP HEIGHT="52" WIDTH="15" VPOS="1358" HPOS="1465"/>
                  <String HEIGHT="52" WIDTH="93" VPOS="1358" HPOS="1419" CONTENT="Et"/>
                  <SP HEIGHT="52" WIDTH="15" VPOS="1358" HPOS="1512"/>
                  <String HEIGHT="52"
                          WIDTH="139"
                          VPOS="1358"
                          HPOS="1465"
                          CONTENT="eodem"/>
                  <SP HEIGHT="52" WIDTH="15" VPOS="1358" HPOS="1604"/>
                  <String HEIGHT="52"
                          WIDTH="124"
                          VPOS="1358"
                          HPOS="1558"
                          CONTENT="modo"/>
                  <SP HEIGHT="52" WIDTH="15" VPOS="1358" HPOS="1682"/>
                  <String HEIGHT="52"
                          WIDTH="124"
                          VPOS="1358"
                          HPOS="1635"
                          CONTENT="dico"/>
                  <SP HEIGHT="52" WIDTH="15" VPOS="1358" HPOS="1759"/>
                  <String HEIGHT="52" WIDTH="93" VPOS="1358" HPOS="1713" CONTENT="de"/>
                  <SP HEIGHT="52" WIDTH="15" VPOS="1358" HPOS="1805"/>
                  <String HEIGHT="52"
                          WIDTH="186"
                          VPOS="1358"
                          HPOS="1759"
                          CONTENT="quolibet"/>
                  <SP HEIGHT="52" WIDTH="15" VPOS="1358" HPOS="1945"/>
                  <String HEIGHT="52"
                          WIDTH="124"
                          VPOS="1358"
                          HPOS="1898"
                          CONTENT="alio"/>
                  <SP HEIGHT="52" WIDTH="15" VPOS="1358" HPOS="2022"/>
                  <String HEIGHT="52"
                          WIDTH="186"
                          VPOS="1358"
                          HPOS="1975"
                          CONTENT="corpore,"/>
                  <SP HEIGHT="52" WIDTH="15" VPOS="1358" HPOS="2161"/>
                  <String HEIGHT="52" WIDTH="62" VPOS="1358" HPOS="2099" CONTENT="si"/>
               </TextLine>
               <TextLine ID="r4l33"
                         BASELINE="1446"
                         HEIGHT="47"
                         WIDTH="836"
                         VPOS="1399"
                         HPOS="1328">
                  <String HEIGHT="47"
                          WIDTH="122"
                          VPOS="1399"
                          HPOS="1313"
                          CONTENT="Deus"/>
                  <SP HEIGHT="47" WIDTH="15" VPOS="1399" HPOS="1434"/>
                  <String HEIGHT="47"
                          WIDTH="152"
                          VPOS="1399"
                          HPOS="1389"
                          CONTENT="vellet"/>
                  <SP HEIGHT="47" WIDTH="15" VPOS="1399" HPOS="1541"/>
                  <String HEIGHT="47"
                          WIDTH="137"
                          VPOS="1399"
                          HPOS="1495"
                          CONTENT="ipsum"/>
                  <SP HEIGHT="47" WIDTH="15" VPOS="1399" HPOS="1632"/>
                  <String HEIGHT="47" WIDTH="91" VPOS="1399" HPOS="1586" CONTENT="in"/>
                  <SP HEIGHT="47" WIDTH="15" VPOS="1399" HPOS="1678"/>
                  <String HEIGHT="47"
                          WIDTH="182"
                          VPOS="1399"
                          HPOS="1632"
                          CONTENT="pluribus"/>
                  <SP HEIGHT="47" WIDTH="15" VPOS="1399" HPOS="1814"/>
                  <String HEIGHT="47"
                          WIDTH="137"
                          VPOS="1399"
                          HPOS="1769"
                          CONTENT="locis"/>
                  <SP HEIGHT="47" WIDTH="15" VPOS="1399" HPOS="1906"/>
                  <String HEIGHT="47"
                          WIDTH="167"
                          VPOS="1399"
                          HPOS="1860"
                          CONTENT="ponere."/>
                  <SP HEIGHT="47" WIDTH="15" VPOS="1399" HPOS="2027"/>
                  <String HEIGHT="47" WIDTH="91" VPOS="1399" HPOS="1982" CONTENT="Ad"/>
                  <SP HEIGHT="47" WIDTH="15" VPOS="1399" HPOS="2073"/>
                  <String HEIGHT="47"
                          WIDTH="152"
                          VPOS="1399"
                          HPOS="2012"
                          CONTENT="probatio"/>
               </TextLine>
               <TextLine ID="r4l34"
                         BASELINE="1485"
                         HEIGHT="44"
                         WIDTH="841"
                         VPOS="1441"
                         HPOS="1320">
                  <String HEIGHT="44"
                          WIDTH="105"
                          VPOS="1441"
                          HPOS="1305"
                          CONTENT="nem"/>
                  <SP HEIGHT="44" WIDTH="15" VPOS="1441" HPOS="1410"/>
                  <String HEIGHT="44"
                          WIDTH="150"
                          VPOS="1441"
                          HPOS="1365"
                          CONTENT="illius"/>
                  <SP HEIGHT="44" WIDTH="15" VPOS="1441" HPOS="1515"/>
                  <String HEIGHT="44"
                          WIDTH="165"
                          VPOS="1441"
                          HPOS="1470"
                          CONTENT="maioris"/>
                  <SP HEIGHT="44" WIDTH="15" VPOS="1441" HPOS="1635"/>
                  <String HEIGHT="44"
                          WIDTH="195"
                          VPOS="1441"
                          HPOS="1590"
                          CONTENT="dicendum,"/>
                  <SP HEIGHT="44" WIDTH="15" VPOS="1441" HPOS="1786"/>
                  <String HEIGHT="44"
                          WIDTH="120"
                          VPOS="1441"
                          HPOS="1741"
                          CONTENT="quod"/>
                  <SP HEIGHT="44" WIDTH="15" VPOS="1441" HPOS="1861"/>
                  <String HEIGHT="44"
                          WIDTH="135"
                          VPOS="1441"
                          HPOS="1816"
                          CONTENT="illae"/>
                  <SP HEIGHT="44" WIDTH="15" VPOS="1441" HPOS="1951"/>
                  <String HEIGHT="44"
                          WIDTH="120"
                          VPOS="1441"
                          HPOS="1906"
                          CONTENT="duae"/>
                  <SP HEIGHT="44" WIDTH="15" VPOS="1441" HPOS="2026"/>
                  <String HEIGHT="44"
                          WIDTH="195"
                          VPOS="1441"
                          HPOS="1966"
                          CONTENT="superficies"/>
               </TextLine>
               <TextLine ID="r4l35"
                         BASELINE="1521"
                         HEIGHT="41"
                         WIDTH="840"
                         VPOS="1480"
                         HPOS="1324">
                  <String HEIGHT="41"
                          WIDTH="151"
                          VPOS="1480"
                          HPOS="1307"
                          CONTENT="erunt"/>
                  <SP HEIGHT="41" WIDTH="17" VPOS="1480" HPOS="1458"/>
                  <String HEIGHT="41"
                          WIDTH="218"
                          VPOS="1480"
                          HPOS="1408"
                          CONTENT="adaequate"/>
                  <SP HEIGHT="41" WIDTH="17" VPOS="1480" HPOS="1626"/>
                  <String HEIGHT="41"
                          WIDTH="185"
                          VPOS="1480"
                          HPOS="1576"
                          CONTENT="quantum"/>
                  <SP HEIGHT="41" WIDTH="17" VPOS="1480" HPOS="1761"/>
                  <String HEIGHT="41"
                          WIDTH="101"
                          VPOS="1480"
                          HPOS="1710"
                          CONTENT="ad"/>
                  <SP HEIGHT="41" WIDTH="17" VPOS="1480" HPOS="1811"/>
                  <String HEIGHT="41"
                          WIDTH="302"
                          VPOS="1480"
                          HPOS="1761"
                          CONTENT="comextensionem"/>
                  <SP HEIGHT="41" WIDTH="17" VPOS="1480" HPOS="2063"/>
                  <String HEIGHT="41"
                          WIDTH="101"
                          VPOS="1480"
                          HPOS="2013"
                          CONTENT="in"/>
                  <SP HEIGHT="41" WIDTH="17" VPOS="1480" HPOS="2114"/>
                  <String HEIGHT="41"
                          WIDTH="118"
                          VPOS="1480"
                          HPOS="2046"
                          CONTENT="eodem"/>
               </TextLine>
               <TextLine ID="r4l36"
                         BASELINE="1564"
                         HEIGHT="50"
                         WIDTH="832"
                         VPOS="1514"
                         HPOS="1332">
                  <String HEIGHT="50"
                          WIDTH="134"
                          VPOS="1514"
                          HPOS="1317"
                          CONTENT="situ:"/>
                  <SP HEIGHT="50" WIDTH="15" VPOS="1514" HPOS="1451"/>
                  <String HEIGHT="50"
                          WIDTH="134"
                          VPOS="1514"
                          HPOS="1406"
                          CONTENT="quia,"/>
                  <SP HEIGHT="50" WIDTH="15" VPOS="1514" HPOS="1540"/>
                  <String HEIGHT="50" WIDTH="89" VPOS="1514" HPOS="1495" CONTENT="vt"/>
                  <SP HEIGHT="50" WIDTH="15" VPOS="1514" HPOS="1585"/>
                  <String HEIGHT="50"
                          WIDTH="119"
                          VPOS="1514"
                          HPOS="1540"
                          CONTENT="sic,"/>
                  <SP HEIGHT="50" WIDTH="15" VPOS="1514" HPOS="1659"/>
                  <String HEIGHT="50"
                          WIDTH="104"
                          VPOS="1514"
                          HPOS="1614"
                          CONTENT="nec"/>
                  <SP HEIGHT="50" WIDTH="15" VPOS="1514" HPOS="1718"/>
                  <String HEIGHT="50"
                          WIDTH="104"
                          VPOS="1514"
                          HPOS="1674"
                          CONTENT="est"/>
                  <SP HEIGHT="50" WIDTH="15" VPOS="1514" HPOS="1778"/>
                  <String HEIGHT="50"
                          WIDTH="193"
                          VPOS="1514"
                          HPOS="1733"
                          CONTENT="excedens,"/>
                  <SP HEIGHT="50" WIDTH="15" VPOS="1514" HPOS="1926"/>
                  <String HEIGHT="50"
                          WIDTH="104"
                          VPOS="1514"
                          HPOS="1882"
                          CONTENT="nec"/>
                  <SP HEIGHT="50" WIDTH="15" VPOS="1514" HPOS="1986"/>
                  <String HEIGHT="50"
                          WIDTH="178"
                          VPOS="1514"
                          HPOS="1941"
                          CONTENT="excessum"/>
                  <SP HEIGHT="50" WIDTH="15" VPOS="1514" HPOS="2119"/>
                  <String HEIGHT="50"
                          WIDTH="104"
                          VPOS="1514"
                          HPOS="2060"
                          CONTENT="inter"/>
               </TextLine>
               <TextLine ID="r4l37"
                         BASELINE="1607"
                         HEIGHT="52"
                         WIDTH="837"
                         VPOS="1555"
                         HPOS="1325">
                  <String HEIGHT="52"
                          WIDTH="103"
                          VPOS="1555"
                          HPOS="1310"
                          CONTENT="eas"/>
                  <SP HEIGHT="52" WIDTH="15" VPOS="1555" HPOS="1413"/>
                  <String HEIGHT="52" WIDTH="88" VPOS="1555" HPOS="1369" CONTENT="in"/>
                  <SP HEIGHT="52" WIDTH="15" VPOS="1555" HPOS="1457"/>
                  <String HEIGHT="52"
                          WIDTH="117"
                          VPOS="1555"
                          HPOS="1413"
                          CONTENT="illo"/>
                  <SP HEIGHT="52" WIDTH="15" VPOS="1555" HPOS="1531"/>
                  <String HEIGHT="52"
                          WIDTH="132"
                          VPOS="1555"
                          HPOS="1487"
                          CONTENT="situ."/>
                  <SP HEIGHT="52" WIDTH="15" VPOS="1555" HPOS="1619"/>
                  <String HEIGHT="52" WIDTH="88" VPOS="1555" HPOS="1575" CONTENT="Et"/>
                  <SP HEIGHT="52" WIDTH="15" VPOS="1555" HPOS="1663"/>
                  <String HEIGHT="52"
                          WIDTH="162"
                          VPOS="1555"
                          HPOS="1619"
                          CONTENT="possunt"/>
                  <SP HEIGHT="52" WIDTH="15" VPOS="1555" HPOS="1780"/>
                  <String HEIGHT="52"
                          WIDTH="117"
                          VPOS="1555"
                          HPOS="1736"
                          CONTENT="dici"/>
                  <SP HEIGHT="52" WIDTH="15" VPOS="1555" HPOS="1854"/>
                  <String HEIGHT="52"
                          WIDTH="235"
                          VPOS="1555"
                          HPOS="1810"
                          CONTENT="inadaequatae"/>
                  <SP HEIGHT="52" WIDTH="15" VPOS="1555" HPOS="2045"/>
                  <String HEIGHT="52"
                          WIDTH="162"
                          VPOS="1555"
                          HPOS="2000"
                          CONTENT="quantum"/>
                  <SP HEIGHT="52" WIDTH="15" VPOS="1555" HPOS="2162"/>
                  <String HEIGHT="52" WIDTH="59" VPOS="1555" HPOS="2103" CONTENT="ad"/>
               </TextLine>
               <TextLine ID="r4l38"
                         BASELINE="1635"
                         HEIGHT="41"
                         WIDTH="836"
                         VPOS="1594"
                         HPOS="1326">
                  <String HEIGHT="41"
                          WIDTH="213"
                          VPOS="1594"
                          HPOS="1310"
                          CONTENT="virtutem,"/>
                  <SP HEIGHT="41" WIDTH="16" VPOS="1594" HPOS="1523"/>
                  <String HEIGHT="41"
                          WIDTH="115"
                          VPOS="1594"
                          HPOS="1474"
                          CONTENT="vel"/>
                  <SP HEIGHT="41" WIDTH="16" VPOS="1594" HPOS="1588"/>
                  <String HEIGHT="41"
                          WIDTH="295"
                          VPOS="1594"
                          HPOS="1539"
                          CONTENT="illimitationem"/>
                  <SP HEIGHT="41" WIDTH="16" VPOS="1594" HPOS="1834"/>
                  <String HEIGHT="41"
                          WIDTH="262"
                          VPOS="1594"
                          HPOS="1785"
                          CONTENT="communicatam"/>
                  <SP HEIGHT="41" WIDTH="16" VPOS="1594" HPOS="2047"/>
                  <String HEIGHT="41"
                          WIDTH="131"
                          VPOS="1594"
                          HPOS="1998"
                          CONTENT="vni,"/>
                  <SP HEIGHT="41" WIDTH="16" VPOS="1594" HPOS="2129"/>
                  <String HEIGHT="41"
                          WIDTH="98"
                          VPOS="1594"
                          HPOS="2064"
                          CONTENT="quae"/>
               </TextLine>
               <TextLine ID="r4l39"
                         BASELINE="1676"
                         HEIGHT="42"
                         WIDTH="854"
                         VPOS="1634"
                         HPOS="1317">
                  <String HEIGHT="42"
                          WIDTH="113"
                          VPOS="1634"
                          HPOS="1301"
                          CONTENT="non"/>
                  <SP HEIGHT="42" WIDTH="16" VPOS="1634" HPOS="1414"/>
                  <String HEIGHT="42"
                          WIDTH="113"
                          VPOS="1634"
                          HPOS="1365"
                          CONTENT="est"/>
                  <SP HEIGHT="42" WIDTH="16" VPOS="1634" HPOS="1478"/>
                  <String HEIGHT="42"
                          WIDTH="242"
                          VPOS="1634"
                          HPOS="1430"
                          CONTENT="communicata"/>
                  <SP HEIGHT="42" WIDTH="16" VPOS="1634" HPOS="1671"/>
                  <String HEIGHT="42"
                          WIDTH="177"
                          VPOS="1634"
                          HPOS="1623"
                          CONTENT="alteri:"/>
                  <SP HEIGHT="42" WIDTH="16" VPOS="1634" HPOS="1800"/>
                  <String HEIGHT="42" WIDTH="97" VPOS="1634" HPOS="1752" CONTENT="vt"/>
                  <SP HEIGHT="42" WIDTH="16" VPOS="1634" HPOS="1849"/>
                  <String HEIGHT="42"
                          WIDTH="113"
                          VPOS="1634"
                          HPOS="1800"
                          CONTENT="sic"/>
                  <SP HEIGHT="42" WIDTH="16" VPOS="1634" HPOS="1913"/>
                  <String HEIGHT="42"
                          WIDTH="161"
                          VPOS="1634"
                          HPOS="1865"
                          CONTENT="autem,"/>
                  <SP HEIGHT="42" WIDTH="16" VPOS="1634" HPOS="2026"/>
                  <String HEIGHT="42"
                          WIDTH="209"
                          VPOS="1634"
                          HPOS="1962"
                          CONTENT="adaequatum,"/>
               </TextLine>
               <TextLine ID="r4l40"
                         BASELINE="1715"
                         HEIGHT="41"
                         WIDTH="532"
                         VPOS="1674"
                         HPOS="1318">
                  <String HEIGHT="41" WIDTH="86" VPOS="1674" HPOS="1301" CONTENT="&amp;"/>
                  <SP HEIGHT="41" WIDTH="17" VPOS="1674" HPOS="1387"/>
                  <String HEIGHT="41"
                          WIDTH="275"
                          VPOS="1674"
                          HPOS="1335"
                          CONTENT="inadaequatum"/>
                  <SP HEIGHT="41" WIDTH="17" VPOS="1674" HPOS="1610"/>
                  <String HEIGHT="41"
                          WIDTH="120"
                          VPOS="1674"
                          HPOS="1558"
                          CONTENT="non"/>
                  <SP HEIGHT="41" WIDTH="17" VPOS="1674" HPOS="1678"/>
                  <String HEIGHT="41"
                          WIDTH="240"
                          VPOS="1674"
                          HPOS="1610"
                          CONTENT="contradicunt"/>
               </TextLine>
               <TextLine ID="r4l41"
                         BASELINE="1762"
                         HEIGHT="47"
                         WIDTH="819"
                         VPOS="1715"
                         HPOS="1347">
                  <String HEIGHT="47"
                          WIDTH="105"
                          VPOS="1715"
                          HPOS="1330"
                          CONTENT="Ad"/>
                  <SP HEIGHT="47" WIDTH="17" VPOS="1715" HPOS="1434"/>
                  <String HEIGHT="47"
                          WIDTH="314"
                          VPOS="1715"
                          HPOS="1382"
                          CONTENT="decimumoctauum"/>
                  <SP HEIGHT="47" WIDTH="17" VPOS="1715" HPOS="1696"/>
                  <String HEIGHT="47"
                          WIDTH="227"
                          VPOS="1715"
                          HPOS="1643"
                          CONTENT="dicendum,"/>
                  <SP HEIGHT="47" WIDTH="17" VPOS="1715" HPOS="1870"/>
                  <String HEIGHT="47"
                          WIDTH="139"
                          VPOS="1715"
                          HPOS="1817"
                          CONTENT="quod"/>
                  <SP HEIGHT="47" WIDTH="17" VPOS="1715" HPOS="1957"/>
                  <String HEIGHT="47"
                          WIDTH="139"
                          VPOS="1715"
                          HPOS="1905"
                          CONTENT="esse"/>
                  <SP HEIGHT="47" WIDTH="17" VPOS="1715" HPOS="2044"/>
                  <String HEIGHT="47"
                          WIDTH="105"
                          VPOS="1715"
                          HPOS="1992"
                          CONTENT="in"/>
                  <SP HEIGHT="47" WIDTH="17" VPOS="1715" HPOS="2096"/>
                  <String HEIGHT="47"
                          WIDTH="139"
                          VPOS="1715"
                          HPOS="2027"
                          CONTENT="pluri"
                          SUBS_TYPE="HypPart1"
                          SUBS_CONTENT="pluribus"/>
                  <HYP CONTENT="-"/>
               </TextLine>
               <TextLine ID="r4l42"
                         BASELINE="1795"
                         HEIGHT="47"
                         WIDTH="847"
                         VPOS="1748"
                         HPOS="1315">
                  <String HEIGHT="47"
                          WIDTH="108"
                          VPOS="1748"
                          HPOS="1300"
                          CONTENT="bus"
                          SUBS_TYPE="HypPart2"
                          SUBS_CONTENT="pluribus"/>
                  <SP HEIGHT="47" WIDTH="15" VPOS="1748" HPOS="1407"/>
                  <String HEIGHT="47"
                          WIDTH="139"
                          VPOS="1748"
                          HPOS="1361"
                          CONTENT="locis"/>
                  <SP HEIGHT="47" WIDTH="15" VPOS="1748" HPOS="1500"/>
                  <String HEIGHT="47"
                          WIDTH="139"
                          VPOS="1748"
                          HPOS="1454"
                          CONTENT="simul"/>
                  <SP HEIGHT="47" WIDTH="15" VPOS="1748" HPOS="1592"/>
                  <String HEIGHT="47"
                          WIDTH="185"
                          VPOS="1748"
                          HPOS="1546"
                          CONTENT="conuenit"/>
                  <SP HEIGHT="47" WIDTH="15" VPOS="1748" HPOS="1731"/>
                  <String HEIGHT="47"
                          WIDTH="169"
                          VPOS="1748"
                          HPOS="1685"
                          CONTENT="corpori"/>
                  <SP HEIGHT="47" WIDTH="15" VPOS="1748" HPOS="1854"/>
                  <String HEIGHT="47"
                          WIDTH="185"
                          VPOS="1748"
                          HPOS="1808"
                          CONTENT="Christi,"/>
                  <SP HEIGHT="47" WIDTH="15" VPOS="1748" HPOS="1993"/>
                  <String HEIGHT="47"
                          WIDTH="139"
                          VPOS="1748"
                          HPOS="1946"
                          CONTENT="prout"/>
                  <SP HEIGHT="47" WIDTH="15" VPOS="1748" HPOS="2085"/>
                  <String HEIGHT="47"
                          WIDTH="139"
                          VPOS="1748"
                          HPOS="2023"
                          CONTENT="obedien"/>
               </TextLine>
               <TextLine ID="r4l43"
                         BASELINE="1837"
                         HEIGHT="44"
                         WIDTH="850"
                         VPOS="1793"
                         HPOS="1320">
                  <String HEIGHT="44"
                          WIDTH="137"
                          VPOS="1793"
                          HPOS="1305"
                          CONTENT="tiali"/>
                  <SP HEIGHT="44" WIDTH="15" VPOS="1793" HPOS="1441"/>
                  <String HEIGHT="44"
                          WIDTH="182"
                          VPOS="1793"
                          HPOS="1396"
                          CONTENT="potentia"/>
                  <SP HEIGHT="44" WIDTH="15" VPOS="1793" HPOS="1578"/>
                  <String HEIGHT="44"
                          WIDTH="106"
                          VPOS="1793"
                          HPOS="1533"
                          CONTENT="est"/>
                  <SP HEIGHT="44" WIDTH="15" VPOS="1793" HPOS="1639"/>
                  <String HEIGHT="44"
                          WIDTH="167"
                          VPOS="1793"
                          HPOS="1593"
                          CONTENT="diuinae"/>
                  <SP HEIGHT="44" WIDTH="15" VPOS="1793" HPOS="1760"/>
                  <String HEIGHT="44"
                          WIDTH="197"
                          VPOS="1793"
                          HPOS="1715"
                          CONTENT="voluntati"/>
                  <SP HEIGHT="44" WIDTH="15" VPOS="1793" HPOS="1912"/>
                  <String HEIGHT="44"
                          WIDTH="197"
                          VPOS="1793"
                          HPOS="1866"
                          CONTENT="subiectum"/>
                  <SP HEIGHT="44" WIDTH="15" VPOS="1793" HPOS="2064"/>
                  <String HEIGHT="44"
                          WIDTH="167"
                          VPOS="1793"
                          HPOS="2003"
                          CONTENT="intantum,"/>
               </TextLine>
               <TextLine ID="r4l44"
                         BASELINE="1877"
                         HEIGHT="48"
                         WIDTH="837"
                         VPOS="1829"
                         HPOS="1331">
                  <String HEIGHT="48"
                          WIDTH="129"
                          VPOS="1829"
                          HPOS="1315"
                          CONTENT="quod"/>
                  <SP HEIGHT="48" WIDTH="16" VPOS="1829" HPOS="1444"/>
                  <String HEIGHT="48"
                          WIDTH="129"
                          VPOS="1829"
                          HPOS="1395"
                          CONTENT="omne"/>
                  <SP HEIGHT="48" WIDTH="16" VPOS="1829" HPOS="1524"/>
                  <String HEIGHT="48"
                          WIDTH="145"
                          VPOS="1829"
                          HPOS="1476"
                          CONTENT="illud"/>
                  <SP HEIGHT="48" WIDTH="16" VPOS="1829" HPOS="1621"/>
                  <String HEIGHT="48"
                          WIDTH="161"
                          VPOS="1829"
                          HPOS="1572"
                          CONTENT="potest"/>
                  <SP HEIGHT="48" WIDTH="16" VPOS="1829" HPOS="1733"/>
                  <String HEIGHT="48"
                          WIDTH="209"
                          VPOS="1829"
                          HPOS="1685"
                          CONTENT="immediate"/>
                  <SP HEIGHT="48" WIDTH="16" VPOS="1829" HPOS="1894"/>
                  <String HEIGHT="48" WIDTH="97" VPOS="1829" HPOS="1846" CONTENT="de"/>
                  <SP HEIGHT="48" WIDTH="16" VPOS="1829" HPOS="1943"/>
                  <String HEIGHT="48"
                          WIDTH="129"
                          VPOS="1829"
                          HPOS="1894"
                          CONTENT="ipso"/>
                  <SP HEIGHT="48" WIDTH="16" VPOS="1829" HPOS="2023"/>
                  <String HEIGHT="48"
                          WIDTH="161"
                          VPOS="1829"
                          HPOS="1975"
                          CONTENT="fieri,"/>
                  <SP HEIGHT="48" WIDTH="16" VPOS="1829" HPOS="2136"/>
                  <String HEIGHT="48"
                          WIDTH="97"
                          VPOS="1829"
                          HPOS="2071"
                          CONTENT="quod"/>
               </TextLine>
               <TextLine ID="r4l45"
                         BASELINE="1919"
                         HEIGHT="51"
                         WIDTH="371"
                         VPOS="1868"
                         HPOS="1323">
                  <String HEIGHT="51"
                          WIDTH="148"
                          VPOS="1868"
                          HPOS="1308"
                          CONTENT="placet"/>
                  <SP HEIGHT="51" WIDTH="15" VPOS="1868" HPOS="1457"/>
                  <String HEIGHT="51"
                          WIDTH="163"
                          VPOS="1868"
                          HPOS="1412"
                          CONTENT="diuinae"/>
                  <SP HEIGHT="51" WIDTH="15" VPOS="1868" HPOS="1575"/>
                  <String HEIGHT="51"
                          WIDTH="178"
                          VPOS="1868"
                          HPOS="1516"
                          CONTENT="voluntati."/>
               </TextLine>
               <TextLine ID="r4l46"
                         BASELINE="1953"
                         HEIGHT="47"
                         WIDTH="803"
                         VPOS="1906"
                         HPOS="1356">
                  <String HEIGHT="47"
                          WIDTH="100"
                          VPOS="1906"
                          HPOS="1339"
                          CONTENT="Ad"/>
                  <SP HEIGHT="47" WIDTH="17" VPOS="1906" HPOS="1440"/>
                  <String HEIGHT="47"
                          WIDTH="268"
                          VPOS="1906"
                          HPOS="1389"
                          CONTENT="decimumnonum"/>
                  <SP HEIGHT="47" WIDTH="17" VPOS="1906" HPOS="1657"/>
                  <String HEIGHT="47"
                          WIDTH="151"
                          VPOS="1906"
                          HPOS="1607"
                          CONTENT="patet"/>
                  <SP HEIGHT="47" WIDTH="17" VPOS="1906" HPOS="1757"/>
                  <String HEIGHT="47"
                          WIDTH="117"
                          VPOS="1906"
                          HPOS="1707"
                          CONTENT="per"/>
                  <SP HEIGHT="47" WIDTH="17" VPOS="1906" HPOS="1824"/>
                  <String HEIGHT="47"
                          WIDTH="117"
                          VPOS="1906"
                          HPOS="1774"
                          CONTENT="ea,"/>
                  <SP HEIGHT="47" WIDTH="17" VPOS="1906" HPOS="1891"/>
                  <String HEIGHT="47"
                          WIDTH="134"
                          VPOS="1906"
                          HPOS="1841"
                          CONTENT="quae"/>
                  <SP HEIGHT="47" WIDTH="17" VPOS="1906" HPOS="1975"/>
                  <String HEIGHT="47"
                          WIDTH="151"
                          VPOS="1906"
                          HPOS="1925"
                          CONTENT="dicta"/>
                  <SP HEIGHT="47" WIDTH="17" VPOS="1906" HPOS="2075"/>
                  <String HEIGHT="47"
                          WIDTH="134"
                          VPOS="1906"
                          HPOS="2025"
                          CONTENT="sunt"/>
                  <SP HEIGHT="47" WIDTH="17" VPOS="1906" HPOS="2159"/>
                  <String HEIGHT="47" WIDTH="67" VPOS="1906" HPOS="2092" CONTENT="ac"/>
               </TextLine>
               <TextLine ID="r4l47"
                         BASELINE="2000"
                         HEIGHT="64"
                         WIDTH="505"
                         VPOS="1936"
                         HPOS="1317">
                  <String HEIGHT="64"
                          WIDTH="272"
                          VPOS="1936"
                          HPOS="1298"
                          CONTENT="argumentum"/>
                  <SP HEIGHT="64" WIDTH="19" VPOS="1936" HPOS="1570"/>
                  <String HEIGHT="64"
                          WIDTH="330"
                          VPOS="1936"
                          HPOS="1492"
                          CONTENT="decimumquintum."/>
               </TextLine>
               <TextLine ID="r4l48"
                         BASELINE="2034"
                         HEIGHT="43"
                         WIDTH="831"
                         VPOS="1991"
                         HPOS="1346">
                  <String HEIGHT="43"
                          WIDTH="104"
                          VPOS="1991"
                          HPOS="1329"
                          CONTENT="Ad"/>
                  <SP HEIGHT="43" WIDTH="17" VPOS="1991" HPOS="1433"/>
                  <String HEIGHT="43"
                          WIDTH="225"
                          VPOS="1991"
                          HPOS="1381"
                          CONTENT="vigesimum"/>
                  <SP HEIGHT="43" WIDTH="17" VPOS="1991" HPOS="1606"/>
                  <String HEIGHT="43"
                          WIDTH="225"
                          VPOS="1991"
                          HPOS="1554"
                          CONTENT="dicendum,"/>
                  <SP HEIGHT="43" WIDTH="17" VPOS="1991" HPOS="1779"/>
                  <String HEIGHT="43"
                          WIDTH="139"
                          VPOS="1991"
                          HPOS="1727"
                          CONTENT="quod"/>
                  <SP HEIGHT="43" WIDTH="17" VPOS="1991" HPOS="1865"/>
                  <String HEIGHT="43"
                          WIDTH="208"
                          VPOS="1991"
                          HPOS="1813"
                          CONTENT="infinita"/>
                  <SP HEIGHT="43" WIDTH="17" VPOS="1991" HPOS="2021"/>
                  <String HEIGHT="43"
                          WIDTH="190"
                          VPOS="1991"
                          HPOS="1969"
                          CONTENT="virtute"/>
                  <SP HEIGHT="43" WIDTH="17" VPOS="1991" HPOS="2160"/>
                  <String HEIGHT="43"
                          WIDTH="87"
                          VPOS="1991"
                          HPOS="2090"
                          CONTENT="Dei"/>
               </TextLine>
               <TextLine ID="r4l49"
                         BASELINE="2071"
                         HEIGHT="47"
                         WIDTH="855"
                         VPOS="2024"
                         HPOS="1315">
                  <String HEIGHT="47"
                          WIDTH="112"
                          VPOS="2024"
                          HPOS="1301"
                          CONTENT="hoc,"/>
                  <SP HEIGHT="47" WIDTH="14" VPOS="2024" HPOS="1413"/>
                  <String HEIGHT="47"
                          WIDTH="112"
                          VPOS="2024"
                          HPOS="1371"
                          CONTENT="quod"/>
                  <SP HEIGHT="47" WIDTH="14" VPOS="2024" HPOS="1483"/>
                  <String HEIGHT="47"
                          WIDTH="98"
                          VPOS="2024"
                          HPOS="1441"
                          CONTENT="est"/>
                  <SP HEIGHT="47" WIDTH="14" VPOS="2024" HPOS="1539"/>
                  <String HEIGHT="47"
                          WIDTH="112"
                          VPOS="2024"
                          HPOS="1497"
                          CONTENT="hic,"/>
                  <SP HEIGHT="47" WIDTH="14" VPOS="2024" HPOS="1609"/>
                  <String HEIGHT="47"
                          WIDTH="140"
                          VPOS="2024"
                          HPOS="1567"
                          CONTENT="potest"/>
                  <SP HEIGHT="47" WIDTH="14" VPOS="2024" HPOS="1707"/>
                  <String HEIGHT="47"
                          WIDTH="112"
                          VPOS="2024"
                          HPOS="1665"
                          CONTENT="esse"/>
                  <SP HEIGHT="47" WIDTH="14" VPOS="2024" HPOS="1778"/>
                  <String HEIGHT="47"
                          WIDTH="140"
                          VPOS="2024"
                          HPOS="1735"
                          CONTENT="alibi,"/>
                  <SP HEIGHT="47" WIDTH="14" VPOS="2024" HPOS="1876"/>
                  <String HEIGHT="47" WIDTH="70" VPOS="2024" HPOS="1834" CONTENT="&amp;"/>
                  <SP HEIGHT="47" WIDTH="14" VPOS="2024" HPOS="1904"/>
                  <String HEIGHT="47"
                          WIDTH="112"
                          VPOS="2024"
                          HPOS="1862"
                          CONTENT="quod"/>
                  <SP HEIGHT="47" WIDTH="14" VPOS="2024" HPOS="1974"/>
                  <String HEIGHT="47"
                          WIDTH="98"
                          VPOS="2024"
                          HPOS="1932"
                          CONTENT="est"/>
                  <SP HEIGHT="47" WIDTH="14" VPOS="2024" HPOS="2030"/>
                  <String HEIGHT="47"
                          WIDTH="126"
                          VPOS="2024"
                          HPOS="1988"
                          CONTENT="alibi"/>
                  <SP HEIGHT="47" WIDTH="14" VPOS="2024" HPOS="2114"/>
                  <String HEIGHT="47"
                          WIDTH="112"
                          VPOS="2024"
                          HPOS="2058"
                          CONTENT="potest"/>
               </TextLine>
               <TextLine ID="r4l50"
                         BASELINE="2116"
                         HEIGHT="47"
                         WIDTH="841"
                         VPOS="2069"
                         HPOS="1317">
                  <String HEIGHT="47"
                          WIDTH="122"
                          VPOS="2069"
                          HPOS="1302"
                          CONTENT="esse"/>
                  <SP HEIGHT="47" WIDTH="15" VPOS="2069" HPOS="1424"/>
                  <String HEIGHT="47"
                          WIDTH="122"
                          VPOS="2069"
                          HPOS="1378"
                          CONTENT="hic:"/>
                  <SP HEIGHT="47" WIDTH="15" VPOS="2069" HPOS="1500"/>
                  <String HEIGHT="47"
                          WIDTH="168"
                          VPOS="2069"
                          HPOS="1455"
                          CONTENT="quamuis"/>
                  <SP HEIGHT="47" WIDTH="15" VPOS="2069" HPOS="1623"/>
                  <String HEIGHT="47"
                          WIDTH="107"
                          VPOS="2069"
                          HPOS="1577"
                          CONTENT="hoc"/>
                  <SP HEIGHT="47" WIDTH="15" VPOS="2069" HPOS="1684"/>
                  <String HEIGHT="47"
                          WIDTH="168"
                          VPOS="2069"
                          HPOS="1638"
                          CONTENT="virtute"/>
                  <SP HEIGHT="47" WIDTH="15" VPOS="2069" HPOS="1806"/>
                  <String HEIGHT="47"
                          WIDTH="183"
                          VPOS="2069"
                          HPOS="1760"
                          CONTENT="naturali"/>
                  <SP HEIGHT="47" WIDTH="15" VPOS="2069" HPOS="1944"/>
                  <String HEIGHT="47"
                          WIDTH="138"
                          VPOS="2069"
                          HPOS="1898"
                          CONTENT="ficri"/>
                  <SP HEIGHT="47" WIDTH="15" VPOS="2069" HPOS="2036"/>
                  <String HEIGHT="47"
                          WIDTH="107"
                          VPOS="2069"
                          HPOS="1990"
                          CONTENT="non"/>
                  <SP HEIGHT="47" WIDTH="15" VPOS="2069" HPOS="2097"/>
                  <String HEIGHT="47"
                          WIDTH="122"
                          VPOS="2069"
                          HPOS="2036"
                          CONTENT="possit"/>
               </TextLine>
               <TextLine ID="r4l51"
                         BASELINE="2147"
                         HEIGHT="43"
                         WIDTH="796"
                         VPOS="2104"
                         HPOS="1362">
                  <String HEIGHT="43"
                          WIDTH="109"
                          VPOS="2104"
                          HPOS="1344"
                          CONTENT="Ad"/>
                  <SP HEIGHT="43" WIDTH="18" VPOS="2104" HPOS="1452"/>
                  <String HEIGHT="43"
                          WIDTH="344"
                          VPOS="2104"
                          HPOS="1398"
                          CONTENT="vigesimumprimum"/>
                  <SP HEIGHT="43" WIDTH="18" VPOS="2104" HPOS="1742"/>
                  <String HEIGHT="43"
                          WIDTH="235"
                          VPOS="2104"
                          HPOS="1688"
                          CONTENT="dicendum,"/>
                  <SP HEIGHT="43" WIDTH="18" VPOS="2104" HPOS="1923"/>
                  <String HEIGHT="43"
                          WIDTH="145"
                          VPOS="2104"
                          HPOS="1869"
                          CONTENT="quod"/>
                  <SP HEIGHT="43" WIDTH="18" VPOS="2104" HPOS="2013"/>
                  <String HEIGHT="43"
                          WIDTH="217"
                          VPOS="2104"
                          HPOS="1941"
                          CONTENT="consequeni"/>
               </TextLine>
               <TextLine ID="r4l52"
                         BASELINE="2191"
                         HEIGHT="49"
                         WIDTH="848"
                         VPOS="2142"
                         HPOS="1314">
                  <String HEIGHT="49"
                          WIDTH="102"
                          VPOS="2142"
                          HPOS="1299"
                          CONTENT="non"/>
                  <SP HEIGHT="49" WIDTH="15" VPOS="2142" HPOS="1402"/>
                  <String HEIGHT="49"
                          WIDTH="102"
                          VPOS="2142"
                          HPOS="1358"
                          CONTENT="est"/>
                  <SP HEIGHT="49" WIDTH="15" VPOS="2142" HPOS="1460"/>
                  <String HEIGHT="49"
                          WIDTH="161"
                          VPOS="2142"
                          HPOS="1416"
                          CONTENT="falsum,"/>
                  <SP HEIGHT="49" WIDTH="15" VPOS="2142" HPOS="1577"/>
                  <String HEIGHT="49"
                          WIDTH="132"
                          VPOS="2142"
                          HPOS="1533"
                          CONTENT="sicut"/>
                  <SP HEIGHT="49" WIDTH="15" VPOS="2142" HPOS="1665"/>
                  <String HEIGHT="49"
                          WIDTH="132"
                          VPOS="2142"
                          HPOS="1621"
                          CONTENT="patet"/>
                  <SP HEIGHT="49" WIDTH="15" VPOS="2142" HPOS="1753"/>
                  <String HEIGHT="49" WIDTH="88" VPOS="2142" HPOS="1709" CONTENT="ex"/>
                  <SP HEIGHT="49" WIDTH="15" VPOS="2142" HPOS="1796"/>
                  <String HEIGHT="49"
                          WIDTH="117"
                          VPOS="2142"
                          HPOS="1753"
                          CONTENT="his,"/>
                  <SP HEIGHT="49" WIDTH="15" VPOS="2142" HPOS="1870"/>
                  <String HEIGHT="49"
                          WIDTH="117"
                          VPOS="2142"
                          HPOS="1826"
                          CONTENT="quae"/>
                  <SP HEIGHT="49" WIDTH="15" VPOS="2142" HPOS="1943"/>
                  <String HEIGHT="49"
                          WIDTH="117"
                          VPOS="2142"
                          HPOS="1899"
                          CONTENT="dixi"/>
                  <SP HEIGHT="49" WIDTH="15" VPOS="2142" HPOS="2016"/>
                  <String HEIGHT="49" WIDTH="88" VPOS="2142" HPOS="1972" CONTENT="in"/>
                  <SP HEIGHT="49" WIDTH="15" VPOS="2142" HPOS="2060"/>
                  <String HEIGHT="49"
                          WIDTH="161"
                          VPOS="2142"
                          HPOS="2001"
                          CONTENT="solutione"/>
               </TextLine>
               <TextLine ID="r4l53"
                         BASELINE="2234"
                         HEIGHT="50"
                         WIDTH="225"
                         VPOS="2184"
                         HPOS="1334">
                  <String HEIGHT="50"
                          WIDTH="146"
                          VPOS="2184"
                          HPOS="1321"
                          CONTENT="quartae"/>
                  <SP HEIGHT="50" WIDTH="13" VPOS="2184" HPOS="1466"/>
                  <String HEIGHT="50"
                          WIDTH="146"
                          VPOS="2184"
                          HPOS="1413"
                          CONTENT="rationis."/>
               </TextLine>
               <TextLine ID="r4l54"
                         BASELINE="2262"
                         HEIGHT="40"
                         WIDTH="804"
                         VPOS="2222"
                         HPOS="1361">
                  <String HEIGHT="40" WIDTH="91" VPOS="2222" HPOS="1346" CONTENT="Ad"/>
                  <SP HEIGHT="40" WIDTH="15" VPOS="2222" HPOS="1437"/>
                  <String HEIGHT="40"
                          WIDTH="334"
                          VPOS="2222"
                          HPOS="1391"
                          CONTENT="vigesimumsecundum,"/>
                  <SP HEIGHT="40" WIDTH="15" VPOS="2222" HPOS="1725"/>
                  <String HEIGHT="40"
                          WIDTH="273"
                          VPOS="2222"
                          HPOS="1680"
                          CONTENT="praesuppositis"/>
                  <SP HEIGHT="40" WIDTH="15" VPOS="2222" HPOS="1953"/>
                  <String HEIGHT="40"
                          WIDTH="121"
                          VPOS="2222"
                          HPOS="1907"
                          CONTENT="his,"/>
                  <SP HEIGHT="40" WIDTH="15" VPOS="2222" HPOS="2028"/>
                  <String HEIGHT="40"
                          WIDTH="121"
                          VPOS="2222"
                          HPOS="1983"
                          CONTENT="quae"/>
                  <SP HEIGHT="40" WIDTH="15" VPOS="2222" HPOS="2104"/>
                  <String HEIGHT="40" WIDTH="91" VPOS="2222" HPOS="2059" CONTENT="in"/>
                  <SP HEIGHT="40" WIDTH="15" VPOS="2222" HPOS="2150"/>
                  <String HEIGHT="40"
                          WIDTH="76"
                          VPOS="2222"
                          HPOS="2089"
                          CONTENT="so"
                          SUBS_TYPE="HypPart1"
                          SUBS_CONTENT="solutione"/>
                  <HYP CONTENT="-"/>
               </TextLine>
               <TextLine ID="r4l55"
                         BASELINE="2301"
                         HEIGHT="40"
                         WIDTH="835"
                         VPOS="2261"
                         HPOS="1330">
                  <String HEIGHT="40"
                          WIDTH="167"
                          VPOS="2261"
                          HPOS="1315"
                          CONTENT="lutione"
                          SUBS_TYPE="HypPart2"
                          SUBS_CONTENT="solutione"/>
                  <SP HEIGHT="40" WIDTH="15" VPOS="2261" HPOS="1482"/>
                  <String HEIGHT="40"
                          WIDTH="152"
                          VPOS="2261"
                          HPOS="1436"
                          CONTENT="primae"/>
                  <SP HEIGHT="40" WIDTH="15" VPOS="2261" HPOS="1588"/>
                  <String HEIGHT="40"
                          WIDTH="182"
                          VPOS="2261"
                          HPOS="1543"
                          CONTENT="rationis"/>
                  <SP HEIGHT="40" WIDTH="15" VPOS="2261" HPOS="1725"/>
                  <String HEIGHT="40"
                          WIDTH="121"
                          VPOS="2261"
                          HPOS="1679"
                          CONTENT="dixi"/>
                  <SP HEIGHT="40" WIDTH="15" VPOS="2261" HPOS="1801"/>
                  <String HEIGHT="40" WIDTH="91" VPOS="2261" HPOS="1755" CONTENT="de"/>
                  <SP HEIGHT="40" WIDTH="15" VPOS="2261" HPOS="1846"/>
                  <String HEIGHT="40"
                          WIDTH="167"
                          VPOS="2261"
                          HPOS="1801"
                          CONTENT="termino"/>
                  <SP HEIGHT="40" WIDTH="15" VPOS="2261" HPOS="1968"/>
                  <String HEIGHT="40" WIDTH="76" VPOS="2261" HPOS="1922" CONTENT="a"/>
                  <SP HEIGHT="40" WIDTH="15" VPOS="2261" HPOS="1998"/>
                  <String HEIGHT="40"
                          WIDTH="228"
                          VPOS="2261"
                          HPOS="1937"
                          CONTENT="quo:respondeo"/>
               </TextLine>
               <TextLine ID="r4l56"
                         BASELINE="2352"
                         HEIGHT="50"
                         WIDTH="841"
                         VPOS="2302"
                         HPOS="1314">
                  <String HEIGHT="50" WIDTH="89" VPOS="2302" HPOS="1299" CONTENT="ad"/>
                  <SP HEIGHT="50" WIDTH="15" VPOS="2302" HPOS="1388"/>
                  <String HEIGHT="50"
                          WIDTH="162"
                          VPOS="2302"
                          HPOS="1344"
                          CONTENT="minorem"/>
                  <SP HEIGHT="50" WIDTH="15" VPOS="2302" HPOS="1506"/>
                  <String HEIGHT="50"
                          WIDTH="148"
                          VPOS="2302"
                          HPOS="1462"
                          CONTENT="illius"/>
                  <SP HEIGHT="50" WIDTH="15" VPOS="2302" HPOS="1609"/>
                  <String HEIGHT="50"
                          WIDTH="192"
                          VPOS="2302"
                          HPOS="1565"
                          CONTENT="rationis,"/>
                  <SP HEIGHT="50" WIDTH="15" VPOS="2302" HPOS="1757"/>
                  <String HEIGHT="50" WIDTH="74" VPOS="2302" HPOS="1712" CONTENT="&amp;"/>
                  <SP HEIGHT="50" WIDTH="15" VPOS="2302" HPOS="1786"/>
                  <String HEIGHT="50"
                          WIDTH="118"
                          VPOS="2302"
                          HPOS="1742"
                          CONTENT="dico"/>
                  <SP HEIGHT="50" WIDTH="15" VPOS="2302" HPOS="1860"/>
                  <String HEIGHT="50" WIDTH="89" VPOS="2302" HPOS="1816" CONTENT="ad"/>
                  <SP HEIGHT="50" WIDTH="15" VPOS="2302" HPOS="1904"/>
                  <String HEIGHT="50"
                          WIDTH="192"
                          VPOS="2302"
                          HPOS="1860"
                          CONTENT="praesens,"/>
                  <SP HEIGHT="50" WIDTH="15" VPOS="2302" HPOS="2052"/>
                  <String HEIGHT="50"
                          WIDTH="118"
                          VPOS="2302"
                          HPOS="2007"
                          CONTENT="quod"/>
                  <SP HEIGHT="50" WIDTH="15" VPOS="2302" HPOS="2125"/>
                  <String HEIGHT="50"
                          WIDTH="89"
                          VPOS="2302"
                          HPOS="2066"
                          CONTENT="quam"/>
               </TextLine>
               <TextLine ID="r4l57"
                         BASELINE="2380"
                         HEIGHT="38"
                         WIDTH="831"
                         VPOS="2342"
                         HPOS="1324">
                  <String HEIGHT="38"
                          WIDTH="106"
                          VPOS="2342"
                          HPOS="1309"
                          CONTENT="uis"/>
                  <SP HEIGHT="38" WIDTH="15" VPOS="2342" HPOS="1415"/>
                  <String HEIGHT="38"
                          WIDTH="106"
                          VPOS="2342"
                          HPOS="1369"
                          CONTENT="duo"/>
                  <SP HEIGHT="38" WIDTH="15" VPOS="2342" HPOS="1475"/>
                  <String HEIGHT="38"
                          WIDTH="106"
                          VPOS="2342"
                          HPOS="1430"
                          CONTENT="vbi"/>
                  <SP HEIGHT="38" WIDTH="15" VPOS="2342" HPOS="1536"/>
                  <String HEIGHT="38"
                          WIDTH="121"
                          VPOS="2342"
                          HPOS="1490"
                          CONTENT="sint"/>
                  <SP HEIGHT="38" WIDTH="15" VPOS="2342" HPOS="1611"/>
                  <String HEIGHT="38"
                          WIDTH="287"
                          VPOS="2342"
                          HPOS="1566"
                          CONTENT="incompossibilia"/>
                  <SP HEIGHT="38" WIDTH="15" VPOS="2342" HPOS="1853"/>
                  <String HEIGHT="38"
                          WIDTH="106"
                          VPOS="2342"
                          HPOS="1807"
                          CONTENT="via"/>
                  <SP HEIGHT="38" WIDTH="15" VPOS="2342" HPOS="1913"/>
                  <String HEIGHT="38"
                          WIDTH="181"
                          VPOS="2342"
                          HPOS="1868"
                          CONTENT="naturae:"/>
                  <SP HEIGHT="38" WIDTH="15" VPOS="2342" HPOS="2049"/>
                  <String HEIGHT="38"
                          WIDTH="136"
                          VPOS="2342"
                          HPOS="2004"
                          CONTENT="tamen"/>
                  <SP HEIGHT="38" WIDTH="15" VPOS="2342" HPOS="2140"/>
                  <String HEIGHT="38"
                          WIDTH="76"
                          VPOS="2342"
                          HPOS="2079"
                          CONTENT="non"/>
               </TextLine>
               <TextLine ID="r4l58"
                         BASELINE="2428"
                         HEIGHT="49"
                         WIDTH="834"
                         VPOS="2379"
                         HPOS="1331">
                  <String HEIGHT="49"
                          WIDTH="102"
                          VPOS="2379"
                          HPOS="1316"
                          CONTENT="unt"/>
                  <SP HEIGHT="49" WIDTH="15" VPOS="2379" HPOS="1419"/>
                  <String HEIGHT="49"
                          WIDTH="278"
                          VPOS="2379"
                          HPOS="1375"
                          CONTENT="incompossibilia"/>
                  <SP HEIGHT="49" WIDTH="15" VPOS="2379" HPOS="1653"/>
                  <String HEIGHT="49"
                          WIDTH="102"
                          VPOS="2379"
                          HPOS="1609"
                          CONTENT="via"/>
                  <SP HEIGHT="49" WIDTH="15" VPOS="2379" HPOS="1711"/>
                  <String HEIGHT="49"
                          WIDTH="161"
                          VPOS="2379"
                          HPOS="1668"
                          CONTENT="diuinae"/>
                  <SP HEIGHT="49" WIDTH="15" VPOS="2379" HPOS="1828"/>
                  <String HEIGHT="49"
                          WIDTH="205"
                          VPOS="2379"
                          HPOS="1785"
                          CONTENT="potentiae."/>
                  <SP HEIGHT="49" WIDTH="15" VPOS="2379" HPOS="1989"/>
                  <String HEIGHT="49"
                          WIDTH="132"
                          VPOS="2379"
                          HPOS="1946"
                          CONTENT="Sicut"/>
                  <SP HEIGHT="49" WIDTH="15" VPOS="2379" HPOS="2077"/>
                  <String HEIGHT="49"
                          WIDTH="117"
                          VPOS="2379"
                          HPOS="2033"
                          CONTENT="enim"/>
                  <SP HEIGHT="49" WIDTH="15" VPOS="2379" HPOS="2150"/>
                  <String HEIGHT="49"
                          WIDTH="73"
                          VPOS="2379"
                          HPOS="2092"
                          CONTENT="fi"
                          SUBS_TYPE="HypPart1"
                          SUBS_CONTENT="fiium"/>
                  <HYP CONTENT="-"/>
               </TextLine>
               <TextLine ID="r4l59"
                         BASELINE="2464"
                         HEIGHT="44"
                         WIDTH="827"
                         VPOS="2420"
                         HPOS="1336">
                  <String HEIGHT="44"
                          WIDTH="114"
                          VPOS="2420"
                          HPOS="1320"
                          CONTENT="ium"
                          SUBS_TYPE="HypPart2"
                          SUBS_CONTENT="fiium"/>
                  <SP HEIGHT="44" WIDTH="16" VPOS="2420" HPOS="1433"/>
                  <String HEIGHT="44"
                          WIDTH="178"
                          VPOS="2420"
                          HPOS="1385"
                          CONTENT="parere,"/>
                  <SP HEIGHT="44" WIDTH="16" VPOS="2420" HPOS="1563"/>
                  <String HEIGHT="44" WIDTH="81" VPOS="2420" HPOS="1514" CONTENT="&amp;"/>
                  <SP HEIGHT="44" WIDTH="16" VPOS="2420" HPOS="1595"/>
                  <String HEIGHT="44"
                          WIDTH="195"
                          VPOS="2420"
                          HPOS="1547"
                          CONTENT="virginem"/>
                  <SP HEIGHT="44" WIDTH="16" VPOS="2420" HPOS="1741"/>
                  <String HEIGHT="44"
                          WIDTH="227"
                          VPOS="2420"
                          HPOS="1693"
                          CONTENT="purissimam"/>
                  <SP HEIGHT="44" WIDTH="16" VPOS="2420" HPOS="1920"/>
                  <String HEIGHT="44"
                          WIDTH="227"
                          VPOS="2420"
                          HPOS="1871"
                          CONTENT="permanere,"/>
                  <SP HEIGHT="44" WIDTH="16" VPOS="2420" HPOS="2098"/>
                  <String HEIGHT="44"
                          WIDTH="130"
                          VPOS="2420"
                          HPOS="2033"
                          CONTENT="incom"
                          SUBS_TYPE="HypPart1"
                          SUBS_CONTENT="incompossibilia"/>
                  <HYP CONTENT="-"/>
               </TextLine>
               <TextLine ID="r4l60"
                         BASELINE="2503"
                         HEIGHT="46"
                         WIDTH="829"
                         VPOS="2457"
                         HPOS="1331">
                  <String HEIGHT="46"
                          WIDTH="211"
                          VPOS="2457"
                          HPOS="1316"
                          CONTENT="possibilia"
                          SUBS_TYPE="HypPart2"
                          SUBS_CONTENT="incompossibilia"/>
                  <SP HEIGHT="46" WIDTH="15" VPOS="2457" HPOS="1527"/>
                  <String HEIGHT="46"
                          WIDTH="121"
                          VPOS="2457"
                          HPOS="1482"
                          CONTENT="sunt"/>
                  <SP HEIGHT="46" WIDTH="15" VPOS="2457" HPOS="1602"/>
                  <String HEIGHT="46"
                          WIDTH="106"
                          VPOS="2457"
                          HPOS="1557"
                          CONTENT="via"/>
                  <SP HEIGHT="46" WIDTH="15" VPOS="2457" HPOS="1663"/>
                  <String HEIGHT="46"
                          WIDTH="166"
                          VPOS="2457"
                          HPOS="1617"
                          CONTENT="naturae"/>
                  <SP HEIGHT="46" WIDTH="15" VPOS="2457" HPOS="1783"/>
                  <String HEIGHT="46" WIDTH="75" VPOS="2457" HPOS="1738" CONTENT=":"/>
                  <SP HEIGHT="46" WIDTH="15" VPOS="2457" HPOS="1813"/>
                  <String HEIGHT="46"
                          WIDTH="151"
                          VPOS="2457"
                          HPOS="1768"
                          CONTENT="&amp;tamen"/>
                  <SP HEIGHT="46" WIDTH="15" VPOS="2457" HPOS="1919"/>
                  <String HEIGHT="46"
                          WIDTH="106"
                          VPOS="2457"
                          HPOS="1874"
                          CONTENT="per"/>
                  <SP HEIGHT="46" WIDTH="15" VPOS="2457" HPOS="1979"/>
                  <String HEIGHT="46"
                          WIDTH="166"
                          VPOS="2457"
                          HPOS="1934"
                          CONTENT="diuinam"/>
                  <SP HEIGHT="46" WIDTH="15" VPOS="2457" HPOS="2100"/>
                  <String HEIGHT="46"
                          WIDTH="121"
                          VPOS="2457"
                          HPOS="2039"
                          CONTENT="poten"
                          SUBS_TYPE="HypPart1"
                          SUBS_CONTENT="potentiam"/>
                  <HYP CONTENT="-"/>
               </TextLine>
               <TextLine ID="r4l61"
                         BASELINE="2548"
                         HEIGHT="49"
                         WIDTH="856"
                         VPOS="2499"
                         HPOS="1315">
                  <String HEIGHT="49"
                          WIDTH="122"
                          VPOS="2499"
                          HPOS="1300"
                          CONTENT="tiam"
                          SUBS_TYPE="HypPart2"
                          SUBS_CONTENT="potentiam"/>
                  <SP HEIGHT="49" WIDTH="15" VPOS="2499" HPOS="1422"/>
                  <String HEIGHT="49"
                          WIDTH="260"
                          VPOS="2499"
                          HPOS="1376"
                          CONTENT="compossibilia"/>
                  <SP HEIGHT="49" WIDTH="15" VPOS="2499" HPOS="1636"/>
                  <String HEIGHT="49"
                          WIDTH="122"
                          VPOS="2499"
                          HPOS="1590"
                          CONTENT="sunt"/>
                  <SP HEIGHT="49" WIDTH="15" VPOS="2499" HPOS="1712"/>
                  <String HEIGHT="49" WIDTH="92" VPOS="2499" HPOS="1667" CONTENT="in"/>
                  <SP HEIGHT="49" WIDTH="15" VPOS="2499" HPOS="1758"/>
                  <String HEIGHT="49"
                          WIDTH="122"
                          VPOS="2499"
                          HPOS="1712"
                          CONTENT="ipsa"/>
                  <SP HEIGHT="49" WIDTH="15" VPOS="2499" HPOS="1835"/>
                  <String HEIGHT="49"
                          WIDTH="183"
                          VPOS="2499"
                          HPOS="1789"
                          CONTENT="gloriosa"/>
                  <SP HEIGHT="49" WIDTH="15" VPOS="2499" HPOS="1972"/>
                  <String HEIGHT="49"
                          WIDTH="183"
                          VPOS="2499"
                          HPOS="1926"
                          CONTENT="Virgine:"/>
                  <SP HEIGHT="49" WIDTH="15" VPOS="2499" HPOS="2110"/>
                  <String HEIGHT="49"
                          WIDTH="107"
                          VPOS="2499"
                          HPOS="2064"
                          CONTENT="sic"/>
                  <SP HEIGHT="49" WIDTH="15" VPOS="2499" HPOS="2171"/>
                  <String HEIGHT="49" WIDTH="61" VPOS="2499" HPOS="2110" CONTENT="in"/>
               </TextLine>
               <TextLine ID="r4l62"
                         BASELINE="2588"
                         HEIGHT="55"
                         WIDTH="202"
                         VPOS="2533"
                         HPOS="1320">
                  <String HEIGHT="55"
                          WIDTH="202"
                          VPOS="2533"
                          HPOS="1304"
                          CONTENT="proposito"/>
                  <SP HEIGHT="55" WIDTH="16" VPOS="2533" HPOS="1506"/>
                  <String HEIGHT="55"
                          WIDTH="78"
                          VPOS="2533"
                          HPOS="1444"
                          CONTENT="&amp;c."/>
               </TextLine>
               <TextLine ID="r4l63"
                         BASELINE="2627"
                         HEIGHT="48"
                         WIDTH="790"
                         VPOS="2579"
                         HPOS="1362">
                  <String HEIGHT="48"
                          WIDTH="101"
                          VPOS="2579"
                          HPOS="1345"
                          CONTENT="Ad"/>
                  <SP HEIGHT="48" WIDTH="17" VPOS="2579" HPOS="1446"/>
                  <String HEIGHT="48"
                          WIDTH="336"
                          VPOS="2579"
                          HPOS="1396"
                          CONTENT="vigesimumtertium"/>
                  <SP HEIGHT="48" WIDTH="17" VPOS="2579" HPOS="1732"/>
                  <String HEIGHT="48"
                          WIDTH="134"
                          VPOS="2579"
                          HPOS="1681"
                          CONTENT="nego"/>
                  <SP HEIGHT="48" WIDTH="17" VPOS="2579" HPOS="1816"/>
                  <String HEIGHT="48"
                          WIDTH="303"
                          VPOS="2579"
                          HPOS="1765"
                          CONTENT="consequentiam."/>
                  <SP HEIGHT="48" WIDTH="17" VPOS="2579" HPOS="2068"/>
                  <String HEIGHT="48"
                          WIDTH="101"
                          VPOS="2579"
                          HPOS="2018"
                          CONTENT="Ad"/>
                  <SP HEIGHT="48" WIDTH="17" VPOS="2579" HPOS="2118"/>
                  <String HEIGHT="48"
                          WIDTH="101"
                          VPOS="2579"
                          HPOS="2051"
                          CONTENT="pro"
                          SUBS_TYPE="HypPart1"
                          SUBS_CONTENT="probationem"/>
                  <HYP CONTENT="-"/>
               </TextLine>
               <TextLine ID="r4l64"
                         BASELINE="2652"
                         HEIGHT="44"
                         WIDTH="835"
                         VPOS="2608"
                         HPOS="1321">
                  <String HEIGHT="44"
                          WIDTH="200"
                          VPOS="2608"
                          HPOS="1304"
                          CONTENT="bationem"
                          SUBS_TYPE="HypPart2"
                          SUBS_CONTENT="probationem"/>
                  <SP HEIGHT="44" WIDTH="17" VPOS="2608" HPOS="1505"/>
                  <String HEIGHT="44"
                          WIDTH="134"
                          VPOS="2608"
                          HPOS="1455"
                          CONTENT="nego"/>
                  <SP HEIGHT="44" WIDTH="17" VPOS="2608" HPOS="1588"/>
                  <String HEIGHT="44"
                          WIDTH="200"
                          VPOS="2608"
                          HPOS="1538"
                          CONTENT="maiorem,"/>
                  <SP HEIGHT="44" WIDTH="17" VPOS="2608" HPOS="1739"/>
                  <String HEIGHT="44"
                          WIDTH="167"
                          VPOS="2608"
                          HPOS="1688"
                          CONTENT="maxime"/>
                  <SP HEIGHT="44" WIDTH="17" VPOS="2608" HPOS="1855"/>
                  <String HEIGHT="44"
                          WIDTH="167"
                          VPOS="2608"
                          HPOS="1805"
                          CONTENT="quando"/>
                  <SP HEIGHT="44" WIDTH="17" VPOS="2608" HPOS="1972"/>
                  <String HEIGHT="44"
                          WIDTH="150"
                          VPOS="2608"
                          HPOS="1922"
                          CONTENT="illud"/>
                  <SP HEIGHT="44" WIDTH="17" VPOS="2608" HPOS="2073"/>
                  <String HEIGHT="44"
                          WIDTH="150"
                          VPOS="2608"
                          HPOS="2006"
                          CONTENT="tertium"/>
               </TextLine>
               <TextLine ID="r4l65"
                         BASELINE="2701"
                         HEIGHT="44"
                         WIDTH="846"
                         VPOS="2657"
                         HPOS="1320">
                  <String HEIGHT="44"
                          WIDTH="100"
                          VPOS="2657"
                          HPOS="1306"
                          CONTENT="est"/>
                  <SP HEIGHT="44" WIDTH="14" VPOS="2657" HPOS="1406"/>
                  <String HEIGHT="44"
                          WIDTH="229"
                          VPOS="2657"
                          HPOS="1363"
                          CONTENT="illimitatius"/>
                  <SP HEIGHT="44" WIDTH="14" VPOS="2657" HPOS="1592"/>
                  <String HEIGHT="44"
                          WIDTH="115"
                          VPOS="2657"
                          HPOS="1549"
                          CONTENT="his,"/>
                  <SP HEIGHT="44" WIDTH="14" VPOS="2657" HPOS="1664"/>
                  <String HEIGHT="44"
                          WIDTH="115"
                          VPOS="2657"
                          HPOS="1621"
                          CONTENT="quae"/>
                  <SP HEIGHT="44" WIDTH="14" VPOS="2657" HPOS="1736"/>
                  <String HEIGHT="44"
                          WIDTH="100"
                          VPOS="2657"
                          HPOS="1693"
                          CONTENT="cum"/>
                  <SP HEIGHT="44" WIDTH="14" VPOS="2657" HPOS="1793"/>
                  <String HEIGHT="44" WIDTH="86" VPOS="2657" HPOS="1750" CONTENT="eo"/>
                  <SP HEIGHT="44" WIDTH="14" VPOS="2657" HPOS="1836"/>
                  <String HEIGHT="44"
                          WIDTH="129"
                          VPOS="2657"
                          HPOS="1793"
                          CONTENT="simul"/>
                  <SP HEIGHT="44" WIDTH="14" VPOS="2657" HPOS="1922"/>
                  <String HEIGHT="44"
                          WIDTH="115"
                          VPOS="2657"
                          HPOS="1879"
                          CONTENT="esse"/>
                  <SP HEIGHT="44" WIDTH="14" VPOS="2657" HPOS="1994"/>
                  <String HEIGHT="44"
                          WIDTH="186"
                          VPOS="2657"
                          HPOS="1951"
                          CONTENT="dicuntur:"/>
                  <SP HEIGHT="44" WIDTH="14" VPOS="2657" HPOS="2137"/>
                  <String HEIGHT="44"
                          WIDTH="86"
                          VPOS="2657"
                          HPOS="2080"
                          CONTENT="ani"
                          SUBS_TYPE="HypPart1"
                          SUBS_CONTENT="anima"/>
                  <HYP CONTENT="-"/>
               </TextLine>
               <TextLine ID="r4l66"
                         BASELINE="2742"
                         HEIGHT="46"
                         WIDTH="845"
                         VPOS="2696"
                         HPOS="1320">
                  <String HEIGHT="46"
                          WIDTH="87"
                          VPOS="2696"
                          HPOS="1305"
                          CONTENT="ma"
                          SUBS_TYPE="HypPart2"
                          SUBS_CONTENT="anima"/>
                  <SP HEIGHT="46" WIDTH="15" VPOS="2696" HPOS="1393"/>
                  <String HEIGHT="46"
                          WIDTH="117"
                          VPOS="2696"
                          HPOS="1349"
                          CONTENT="enim"/>
                  <SP HEIGHT="46" WIDTH="15" VPOS="2696" HPOS="1466"/>
                  <String HEIGHT="46"
                          WIDTH="204"
                          VPOS="2696"
                          HPOS="1422"
                          CONTENT="rationalis"/>
                  <SP HEIGHT="46" WIDTH="15" VPOS="2696" HPOS="1626"/>
                  <String HEIGHT="46"
                          WIDTH="102"
                          VPOS="2696"
                          HPOS="1582"
                          CONTENT="est"/>
                  <SP HEIGHT="46" WIDTH="15" VPOS="2696" HPOS="1684"/>
                  <String HEIGHT="46"
                          WIDTH="117"
                          VPOS="2696"
                          HPOS="1641"
                          CONTENT="tota"/>
                  <SP HEIGHT="46" WIDTH="15" VPOS="2696" HPOS="1757"/>
                  <String HEIGHT="46" WIDTH="87" VPOS="2696" HPOS="1713" CONTENT="in"/>
                  <SP HEIGHT="46" WIDTH="15" VPOS="2696" HPOS="1801"/>
                  <String HEIGHT="46"
                          WIDTH="175"
                          VPOS="2696"
                          HPOS="1757"
                          CONTENT="qualibet"/>
                  <SP HEIGHT="46" WIDTH="15" VPOS="2696" HPOS="1932"/>
                  <String HEIGHT="46"
                          WIDTH="131"
                          VPOS="2696"
                          HPOS="1888"
                          CONTENT="parte"/>
                  <SP HEIGHT="46" WIDTH="15" VPOS="2696" HPOS="2019"/>
                  <String HEIGHT="46"
                          WIDTH="189"
                          VPOS="2696"
                          HPOS="1976"
                          CONTENT="corporis,"/>
                  <SP HEIGHT="46" WIDTH="15" VPOS="2696" HPOS="2165"/>
                  <String HEIGHT="46" WIDTH="58" VPOS="2696" HPOS="2107" CONTENT="vt"/>
               </TextLine>
               <TextLine ID="r4l67"
                         BASELINE="2783"
                         HEIGHT="49"
                         WIDTH="833"
                         VPOS="2734"
                         HPOS="1326">
                  <String HEIGHT="49"
                          WIDTH="144"
                          VPOS="2734"
                          HPOS="1310"
                          CONTENT="patet"/>
                  <SP HEIGHT="49" WIDTH="16" VPOS="2734" HPOS="1454"/>
                  <String HEIGHT="49"
                          WIDTH="112"
                          VPOS="2734"
                          HPOS="1406"
                          CONTENT="per"/>
                  <SP HEIGHT="49" WIDTH="16" VPOS="2734" HPOS="1518"/>
                  <String HEIGHT="49"
                          WIDTH="224"
                          VPOS="2734"
                          HPOS="1470"
                          CONTENT="Augustinum"/>
                  <SP HEIGHT="49" WIDTH="16" VPOS="2734" HPOS="1694"/>
                  <String HEIGHT="49" WIDTH="96" VPOS="2734" HPOS="1646" CONTENT="in"/>
                  <SP HEIGHT="49" WIDTH="16" VPOS="2734" HPOS="1743"/>
                  <String HEIGHT="49"
                          WIDTH="176"
                          VPOS="2734"
                          HPOS="1694"
                          CONTENT="sermone"/>
                  <SP HEIGHT="49" WIDTH="16" VPOS="2734" HPOS="1871"/>
                  <String HEIGHT="49" WIDTH="96" VPOS="2734" HPOS="1823" CONTENT="de"/>
                  <SP HEIGHT="49" WIDTH="16" VPOS="2734" HPOS="1919"/>
                  <String HEIGHT="49"
                          WIDTH="192"
                          VPOS="2734"
                          HPOS="1871"
                          CONTENT="imagine,"/>
                  <SP HEIGHT="49" WIDTH="16" VPOS="2734" HPOS="2063"/>
                  <String HEIGHT="49"
                          WIDTH="112"
                          VPOS="2734"
                          HPOS="2015"
                          CONTENT="ita"/>
                  <SP HEIGHT="49" WIDTH="16" VPOS="2734" HPOS="2127"/>
                  <String HEIGHT="49"
                          WIDTH="96"
                          VPOS="2734"
                          HPOS="2063"
                          CONTENT="quod"/>
               </TextLine>
               <TextLine ID="r4l68"
                         BASELINE="2821"
                         HEIGHT="41"
                         WIDTH="822"
                         VPOS="2780"
                         HPOS="1332">
                  <String HEIGHT="41"
                          WIDTH="156"
                          VPOS="2780"
                          HPOS="1318"
                          CONTENT="espectu"/>
                  <SP HEIGHT="41" WIDTH="14" VPOS="2780" HPOS="1474"/>
                  <String HEIGHT="41"
                          WIDTH="198"
                          VPOS="2780"
                          HPOS="1431"
                          CONTENT="cuiuslibet"/>
                  <SP HEIGHT="41" WIDTH="14" VPOS="2780" HPOS="1630"/>
                  <String HEIGHT="41"
                          WIDTH="142"
                          VPOS="2780"
                          HPOS="1587"
                          CONTENT="partis"/>
                  <SP HEIGHT="41" WIDTH="14" VPOS="2780" HPOS="1729"/>
                  <String HEIGHT="41"
                          WIDTH="128"
                          VPOS="2780"
                          HPOS="1686"
                          CONTENT="habet"/>
                  <SP HEIGHT="41" WIDTH="14" VPOS="2780" HPOS="1814"/>
                  <String HEIGHT="41"
                          WIDTH="128"
                          VPOS="2780"
                          HPOS="1771"
                          CONTENT="talem"/>
                  <SP HEIGHT="41" WIDTH="14" VPOS="2780" HPOS="1899"/>
                  <String HEIGHT="41"
                          WIDTH="269"
                          VPOS="2780"
                          HPOS="1856"
                          CONTENT="illiminationem,"/>
                  <SP HEIGHT="41" WIDTH="14" VPOS="2780" HPOS="2126"/>
                  <String HEIGHT="41"
                          WIDTH="85"
                          VPOS="2780"
                          HPOS="2069"
                          CONTENT="quod"/>
               </TextLine>
               <TextLine ID="r4l70"
                         BASELINE="2859"
                         HEIGHT="43"
                         WIDTH="830"
                         VPOS="2816"
                         HPOS="1335">
                  <String HEIGHT="43"
                          WIDTH="148"
                          VPOS="2816"
                          HPOS="1320"
                          CONTENT="potest"/>
                  <SP HEIGHT="43" WIDTH="15" VPOS="2816" HPOS="1468"/>
                  <String HEIGHT="43"
                          WIDTH="119"
                          VPOS="2816"
                          HPOS="1424"
                          CONTENT="esse"/>
                  <SP HEIGHT="43" WIDTH="15" VPOS="2816" HPOS="1542"/>
                  <String HEIGHT="43"
                          WIDTH="104"
                          VPOS="2816"
                          HPOS="1498"
                          CONTENT="cum"/>
                  <SP HEIGHT="43" WIDTH="15" VPOS="2816" HPOS="1602"/>
                  <String HEIGHT="43"
                          WIDTH="119"
                          VPOS="2816"
                          HPOS="1557"
                          CONTENT="alia"/>
                  <SP HEIGHT="43" WIDTH="15" VPOS="2816" HPOS="1676"/>
                  <String HEIGHT="43"
                          WIDTH="148"
                          VPOS="2816"
                          HPOS="1631"
                          CONTENT="parte:"/>
                  <SP HEIGHT="43" WIDTH="15" VPOS="2816" HPOS="1780"/>
                  <String HEIGHT="43"
                          WIDTH="119"
                          VPOS="2816"
                          HPOS="1735"
                          CONTENT="ideo"/>
                  <SP HEIGHT="43" WIDTH="15" VPOS="2816" HPOS="1854"/>
                  <String HEIGHT="43"
                          WIDTH="104"
                          VPOS="2816"
                          HPOS="1809"
                          CONTENT="non"/>
                  <SP HEIGHT="43" WIDTH="15" VPOS="2816" HPOS="1913"/>
                  <String HEIGHT="43"
                          WIDTH="193"
                          VPOS="2816"
                          HPOS="1869"
                          CONTENT="sequitur,"/>
                  <SP HEIGHT="43" WIDTH="15" VPOS="2816" HPOS="2061"/>
                  <String HEIGHT="43"
                          WIDTH="133"
                          VPOS="2816"
                          HPOS="2017"
                          CONTENT="anima"/>
                  <SP HEIGHT="43" WIDTH="15" VPOS="2816" HPOS="2150"/>
                  <String HEIGHT="43"
                          WIDTH="74"
                          VPOS="2816"
                          HPOS="2091"
                          CONTENT="est"/>
               </TextLine>
               <TextLine ID="r4l71"
                         BASELINE="2899"
                         HEIGHT="52"
                         WIDTH="839"
                         VPOS="2847"
                         HPOS="1324">
                  <String HEIGHT="52"
                          WIDTH="135"
                          VPOS="2847"
                          HPOS="1309"
                          CONTENT="simul"/>
                  <SP HEIGHT="52" WIDTH="15" VPOS="2847" HPOS="1444"/>
                  <String HEIGHT="52"
                          WIDTH="105"
                          VPOS="2847"
                          HPOS="1399"
                          CONTENT="cum"/>
                  <SP HEIGHT="52" WIDTH="15" VPOS="2847" HPOS="1504"/>
                  <String HEIGHT="52"
                          WIDTH="135"
                          VPOS="2847"
                          HPOS="1459"
                          CONTENT="manu,"/>
                  <SP HEIGHT="52" WIDTH="15" VPOS="2847" HPOS="1594"/>
                  <String HEIGHT="52" WIDTH="75" VPOS="2847" HPOS="1549" CONTENT="&amp;"/>
                  <SP HEIGHT="52" WIDTH="15" VPOS="2847" HPOS="1624"/>
                  <String HEIGHT="52"
                          WIDTH="105"
                          VPOS="2847"
                          HPOS="1579"
                          CONTENT="est"/>
                  <SP HEIGHT="52" WIDTH="15" VPOS="2847" HPOS="1684"/>
                  <String HEIGHT="52"
                          WIDTH="135"
                          VPOS="2847"
                          HPOS="1639"
                          CONTENT="simul"/>
                  <SP HEIGHT="52" WIDTH="15" VPOS="2847" HPOS="1773"/>
                  <String HEIGHT="52"
                          WIDTH="105"
                          VPOS="2847"
                          HPOS="1729"
                          CONTENT="cum"/>
                  <SP HEIGHT="52" WIDTH="15" VPOS="2847" HPOS="1833"/>
                  <String HEIGHT="52"
                          WIDTH="135"
                          VPOS="2847"
                          HPOS="1788"
                          CONTENT="pede:"/>
                  <SP HEIGHT="52" WIDTH="15" VPOS="2847" HPOS="1923"/>
                  <String HEIGHT="52"
                          WIDTH="120"
                          VPOS="2847"
                          HPOS="1878"
                          CONTENT="ergo"/>
                  <SP HEIGHT="52" WIDTH="15" VPOS="2847" HPOS="1998"/>
                  <String HEIGHT="52"
                          WIDTH="105"
                          VPOS="2847"
                          HPOS="1953"
                          CONTENT="pes"/>
                  <SP HEIGHT="52" WIDTH="15" VPOS="2847" HPOS="2058"/>
                  <String HEIGHT="52"
                          WIDTH="105"
                          VPOS="2847"
                          HPOS="2013"
                          CONTENT="est"/>
                  <SP HEIGHT="52" WIDTH="15" VPOS="2847" HPOS="2118"/>
                  <String HEIGHT="52"
                          WIDTH="105"
                          VPOS="2847"
                          HPOS="2058"
                          CONTENT="simul"/>
               </TextLine>
               <TextLine ID="line_1603047363424_6585"
                         BASELINE="2936"
                         HEIGHT="43"
                         WIDTH="865"
                         VPOS="2893"
                         HPOS="1314">
                  <String HEIGHT="43"
                          WIDTH="112"
                          VPOS="2893"
                          HPOS="1298"
                          CONTENT="cum"/>
                  <SP HEIGHT="43" WIDTH="16" VPOS="2893" HPOS="1410"/>
                  <String HEIGHT="43"
                          WIDTH="144"
                          VPOS="2893"
                          HPOS="1362"
                          CONTENT="manu."/>
                  <SP HEIGHT="43" WIDTH="16" VPOS="2893" HPOS="1506"/>
                  <String HEIGHT="43" WIDTH="96" VPOS="2893" HPOS="1458" CONTENT="Et"/>
                  <SP HEIGHT="43" WIDTH="16" VPOS="2893" HPOS="1554"/>
                  <String HEIGHT="43"
                          WIDTH="128"
                          VPOS="2893"
                          HPOS="1506"
                          CONTENT="eade"/>
                  <SP HEIGHT="43" WIDTH="16" VPOS="2893" HPOS="1634"/>
                  <String HEIGHT="43"
                          WIDTH="176"
                          VPOS="2893"
                          HPOS="1586"
                          CONTENT="ratione"/>
                  <SP HEIGHT="43" WIDTH="16" VPOS="2893" HPOS="1763"/>
                  <String HEIGHT="43"
                          WIDTH="112"
                          VPOS="2893"
                          HPOS="1714"
                          CONTENT="non"/>
                  <SP HEIGHT="43" WIDTH="16" VPOS="2893" HPOS="1827"/>
                  <String HEIGHT="43"
                          WIDTH="208"
                          VPOS="2893"
                          HPOS="1779"
                          CONTENT="sequitur,"/>
                  <SP HEIGHT="43" WIDTH="16" VPOS="2893" HPOS="1987"/>
                  <String HEIGHT="43"
                          WIDTH="176"
                          VPOS="2893"
                          HPOS="1939"
                          CONTENT="Sortem,"/>
                  <SP HEIGHT="43" WIDTH="16" VPOS="2893" HPOS="2115"/>
                  <String HEIGHT="43" WIDTH="80" VPOS="2893" HPOS="2067" CONTENT="&amp;"/>
                  <SP HEIGHT="43" WIDTH="16" VPOS="2893" HPOS="2147"/>
                  <String HEIGHT="43"
                          WIDTH="96"
                          VPOS="2893"
                          HPOS="2083"
                          CONTENT="Pla"
                          SUBS_TYPE="HypPart1"
                          SUBS_CONTENT="Platonem"/>
                  <HYP CONTENT="-"/>
               </TextLine>
               <TextLine ID="r4l74"
                         BASELINE="2976"
                         HEIGHT="41"
                         WIDTH="846"
                         VPOS="2935"
                         HPOS="1320">
                  <String HEIGHT="41"
                          WIDTH="131"
                          VPOS="2935"
                          HPOS="1305"
                          CONTENT="tonem"
                          SUBS_TYPE="HypPart2"
                          SUBS_CONTENT="Platonem"/>
                  <SP HEIGHT="41" WIDTH="15" VPOS="2935" HPOS="1437"/>
                  <String HEIGHT="41"
                          WIDTH="117"
                          VPOS="2935"
                          HPOS="1393"
                          CONTENT="esse"/>
                  <SP HEIGHT="41" WIDTH="15" VPOS="2935" HPOS="1510"/>
                  <String HEIGHT="41"
                          WIDTH="146"
                          VPOS="2935"
                          HPOS="1466"
                          CONTENT="simul,"/>
                  <SP HEIGHT="41" WIDTH="15" VPOS="2935" HPOS="1612"/>
                  <String HEIGHT="41"
                          WIDTH="131"
                          VPOS="2935"
                          HPOS="1568"
                          CONTENT="dato,"/>
                  <SP HEIGHT="41" WIDTH="15" VPOS="2935" HPOS="1699"/>
                  <String HEIGHT="41"
                          WIDTH="117"
                          VPOS="2935"
                          HPOS="1655"
                          CONTENT="quod"/>
                  <SP HEIGHT="41" WIDTH="15" VPOS="2935" HPOS="1772"/>
                  <String HEIGHT="41"
                          WIDTH="117"
                          VPOS="2935"
                          HPOS="1728"
                          CONTENT="Deus"/>
                  <SP HEIGHT="41" WIDTH="15" VPOS="2935" HPOS="1845"/>
                  <String HEIGHT="41"
                          WIDTH="102"
                          VPOS="2935"
                          HPOS="1801"
                          CONTENT="sit"/>
                  <SP HEIGHT="41" WIDTH="15" VPOS="2935" HPOS="1903"/>
                  <String HEIGHT="41"
                          WIDTH="131"
                          VPOS="2935"
                          HPOS="1860"
                          CONTENT="Homae"/>
                  <SP HEIGHT="41" WIDTH="15" VPOS="2935" HPOS="1991"/>
                  <String HEIGHT="41"
                          WIDTH="131"
                          VPOS="2935"
                          HPOS="1947"
                          CONTENT="simul"/>
                  <SP HEIGHT="41" WIDTH="15" VPOS="2935" HPOS="2078"/>
                  <String HEIGHT="41"
                          WIDTH="102"
                          VPOS="2935"
                          HPOS="2035"
                          CONTENT="cum"/>
                  <SP HEIGHT="41" WIDTH="15" VPOS="2935" HPOS="2137"/>
                  <String HEIGHT="41"
                          WIDTH="88"
                          VPOS="2935"
                          HPOS="2078"
                          CONTENT="Pla"
                          SUBS_TYPE="HypPart1"
                          SUBS_CONTENT="Platone,"/>
                  <HYP CONTENT="-"/>
               </TextLine>
               <TextLine ID="r4l76"
                         BASELINE="3018"
                         HEIGHT="50"
                         WIDTH="847"
                         VPOS="2968"
                         HPOS="1321">
                  <String HEIGHT="50"
                          WIDTH="136"
                          VPOS="2968"
                          HPOS="1306"
                          CONTENT="tone,"
                          SUBS_TYPE="HypPart2"
                          SUBS_CONTENT="Platone,"/>
                  <SP HEIGHT="50" WIDTH="15" VPOS="2968" HPOS="1442"/>
                  <String HEIGHT="50" WIDTH="76" VPOS="2968" HPOS="1397" CONTENT="&amp;"/>
                  <SP HEIGHT="50" WIDTH="15" VPOS="2968" HPOS="1472"/>
                  <String HEIGHT="50"
                          WIDTH="182"
                          VPOS="2968"
                          HPOS="1427"
                          CONTENT="Parisiis"/>
                  <SP HEIGHT="50" WIDTH="15" VPOS="2968" HPOS="1608"/>
                  <String HEIGHT="50"
                          WIDTH="136"
                          VPOS="2968"
                          HPOS="1563"
                          CONTENT="simul"/>
                  <SP HEIGHT="50" WIDTH="15" VPOS="2968" HPOS="1699"/>
                  <String HEIGHT="50"
                          WIDTH="106"
                          VPOS="2968"
                          HPOS="1654"
                          CONTENT="cum"/>
                  <SP HEIGHT="50" WIDTH="15" VPOS="2968" HPOS="1760"/>
                  <String HEIGHT="50"
                          WIDTH="151"
                          VPOS="2968"
                          HPOS="1714"
                          CONTENT="Sorte."/>
                  <SP HEIGHT="50" WIDTH="15" VPOS="2968" HPOS="1866"/>
                  <String HEIGHT="50"
                          WIDTH="106"
                          VPOS="2968"
                          HPOS="1820"
                          CONTENT="Sic"/>
                  <SP HEIGHT="50" WIDTH="15" VPOS="2968" HPOS="1926"/>
                  <String HEIGHT="50" WIDTH="91" VPOS="2968" HPOS="1881" CONTENT="in"/>
                  <SP HEIGHT="50" WIDTH="15" VPOS="2968" HPOS="1971"/>
                  <String HEIGHT="50"
                          WIDTH="212"
                          VPOS="2968"
                          HPOS="1926"
                          CONTENT="proposito:"/>
                  <SP HEIGHT="50" WIDTH="15" VPOS="2968" HPOS="2138"/>
                  <String HEIGHT="50"
                          WIDTH="91"
                          VPOS="2968"
                          HPOS="2077"
                          CONTENT="quia"/>
               </TextLine>
               <TextLine ID="r4l77"
                         BASELINE="3061"
                         HEIGHT="55"
                         WIDTH="849"
                         VPOS="3006"
                         HPOS="1320">
                  <String HEIGHT="55"
                          WIDTH="161"
                          VPOS="3006"
                          HPOS="1305"
                          CONTENT="virtute"/>
                  <SP HEIGHT="55" WIDTH="15" VPOS="3006" HPOS="1466"/>
                  <String HEIGHT="55"
                          WIDTH="146"
                          VPOS="3006"
                          HPOS="1422"
                          CONTENT="diuina"/>
                  <SP HEIGHT="55" WIDTH="15" VPOS="3006" HPOS="1569"/>
                  <String HEIGHT="55"
                          WIDTH="132"
                          VPOS="3006"
                          HPOS="1525"
                          CONTENT="illud"/>
                  <SP HEIGHT="55" WIDTH="15" VPOS="3006" HPOS="1657"/>
                  <String HEIGHT="55"
                          WIDTH="146"
                          VPOS="3006"
                          HPOS="1613"
                          CONTENT="corpus"/>
                  <SP HEIGHT="55" WIDTH="15" VPOS="3006" HPOS="1759"/>
                  <String HEIGHT="55"
                          WIDTH="132"
                          VPOS="3006"
                          HPOS="1715"
                          CONTENT="esset"/>
                  <SP HEIGHT="55" WIDTH="15" VPOS="3006" HPOS="1847"/>
                  <String HEIGHT="55"
                          WIDTH="220"
                          VPOS="3006"
                          HPOS="1803"
                          CONTENT="illimitatum"/>
                  <SP HEIGHT="55" WIDTH="15" VPOS="3006" HPOS="2023"/>
                  <String HEIGHT="55"
                          WIDTH="176"
                          VPOS="3006"
                          HPOS="1979"
                          CONTENT="respectu"/>
                  <SP HEIGHT="55" WIDTH="15" VPOS="3006" HPOS="2154"/>
                  <String HEIGHT="55"
                          WIDTH="73"
                          VPOS="3006"
                          HPOS="2096"
                          CONTENT="cu"
                          SUBS_TYPE="HypPart1"
                          SUBS_CONTENT="cuiuslibet"/>
                  <HYP CONTENT="-"/>
               </TextLine>
               <TextLine ID="r4l78"
                         BASELINE="3104"
                         HEIGHT="57"
                         WIDTH="845"
                         VPOS="3047"
                         HPOS="1314">
                  <String HEIGHT="57"
                          WIDTH="184"
                          VPOS="3047"
                          HPOS="1299"
                          CONTENT="iuslibet"
                          SUBS_TYPE="HypPart2"
                          SUBS_CONTENT="cuiuslibet"/>
                  <SP HEIGHT="57" WIDTH="15" VPOS="3047" HPOS="1483"/>
                  <String HEIGHT="57"
                          WIDTH="138"
                          VPOS="3047"
                          HPOS="1437"
                          CONTENT="loci,"/>
                  <SP HEIGHT="57" WIDTH="15" VPOS="3047" HPOS="1575"/>
                  <String HEIGHT="57"
                          WIDTH="108"
                          VPOS="3047"
                          HPOS="1529"
                          CONTENT="qui"/>
                  <SP HEIGHT="57" WIDTH="15" VPOS="3047" HPOS="1637"/>
                  <String HEIGHT="57"
                          WIDTH="138"
                          VPOS="3047"
                          HPOS="1591"
                          CONTENT="simul"/>
                  <SP HEIGHT="57" WIDTH="15" VPOS="3047" HPOS="1729"/>
                  <String HEIGHT="57"
                          WIDTH="138"
                          VPOS="3047"
                          HPOS="1683"
                          CONTENT="esset"/>
                  <SP HEIGHT="57" WIDTH="15" VPOS="3047" HPOS="1821"/>
                  <String HEIGHT="57"
                          WIDTH="108"
                          VPOS="3047"
                          HPOS="1775"
                          CONTENT="cum"/>
                  <SP HEIGHT="57" WIDTH="15" VPOS="3047" HPOS="1882"/>
                  <String HEIGHT="57"
                          WIDTH="108"
                          VPOS="3047"
                          HPOS="1836"
                          CONTENT="eo:"/>
                  <SP HEIGHT="57" WIDTH="15" VPOS="3047" HPOS="1944"/>
                  <String HEIGHT="57"
                          WIDTH="123"
                          VPOS="3047"
                          HPOS="1898"
                          CONTENT="ideo"/>
                  <SP HEIGHT="57" WIDTH="15" VPOS="3047" HPOS="2021"/>
                  <String HEIGHT="57"
                          WIDTH="108"
                          VPOS="3047"
                          HPOS="1975"
                          CONTENT="non"/>
                  <SP HEIGHT="57" WIDTH="15" VPOS="3047" HPOS="2082"/>
                  <String HEIGHT="57"
                          WIDTH="138"
                          VPOS="3047"
                          HPOS="2021"
                          CONTENT="oporte"/>
               </TextLine>
            </TextBlock>
         </PrintSpace>
      </Page>
   </Layout>
</alto>
