2405 3510
441 251 101 57 tui
498 251 130 57 talis
585 251 144 57 natura
686 251 101 57 est
744 251 144 57 vnita:
845 251 130 57 tamen
931 251 87 57 in
975 251 115 57 isto
1047 251 173 57 termino,
1162 251 130 57 scilice

424 299 100 52 in
474 299 116 52 Dei
541 299 166 52 filio,
657 299 100 52 ex
707 299 133 52 hoc,
790 299 133 52 quod
873 299 100 52 in
923 299 183 52 tempore
1056 299 199 52 terminat
1189 299 116 52 istam

436 340 167 51 realem
553 340 250 51 relationem,
753 340 117 51 seu
820 340 200 51 vnionem,
970 340 133 51 quam
1054 340 217 51 quandoque
1204 340 100 51 vsi-

434 380 147 47 tato
525 380 183 47 nomine
654 380 202 47 vocamus
800 380 330 47 incarnationem,
1075 380 128 47 non
1130 380 165 47 conuin-

441 413 132 56 citur
529 413 146 56 aliqua
631 413 146 56 realis
734 413 161 56 relatio
851 413 117 56 esse
924 413 88 56 in
968 413 102 56 Dei
1026 413 146 56 filio:
1129 413 102 56 sed
1187 413 146 56 tantum

431 459 133 51 modo
514 459 182 51 relatio
647 459 199 51 secundum
796 459 216 51 rationem,
962 459 83 51 &
995 459 116 51 per
1062 459 232 51 consequens
1228 459 66 51 ex

441 496 243 49 terminatione
638 496 152 49 ipsius
745 496 274 49 incarnationis,
973 496 106 49 nec
1033 496 182 49 actualis
1155 496 152 49 mutatio,

446 534 103 50 nec
505 534 207 50 possibilis
668 534 221 50 conuincitur
845 534 192 50 competere
992 534 118 50 ipsi
1066 534 118 50 Deo,
1140 534 133 50 ficut
1213 534 89 50 con-

436 576 217 52 uinceretur,
609 576 87 52 si
653 576 130 52 esset
739 576 174 52 terminus
870 576 232 52 conuersionis
1058 576 188 52 creaturae
1203 576 87 52 in
1232 576 72 52 ip-

438 616 132 50 sum,
521 616 99 50 vt
571 616 149 50 patet
670 616 99 50 ex
703 616 198 50 praedictis

444 644 139 48 Forte
536 644 186 48 dicetur,
676 644 124 48 quod
753 644 93 48 ex
800 644 108 48 his
862 644 155 48 dictis
970 644 201 48 sequitur,
1109 644 186 48 relationem

436 690 134 48 esse
520 690 235 48 immediatum
705 690 201 48 terminum
856 690 218 48 actionis,
1024 690 134 48 quod
1107 690 117 48 est
1158 690 134 48 contri

428 739 151 42 Arist.
533 739 90 42 5.
579 739 75 42 &
609 739 90 42 7.
654 739 151 42 Physi.
759 739 181 42 Probatio
895 739 271 42 consequentiae:
1121 739 121 42 quia
1181 739 121 42 dictum

440 774 114 46 est,
511 774 114 46 quod
582 774 114 46 vnio
653 774 199 46 formaliter
810 774 156 46 accepta
923 774 100 46 est
980 774 156 46 relatio
1094 774 156 46 realis,
1208 774 71 46 &
1222 774 71 46 ea-

431 808 110 58 dem
494 808 126 58 vnio
573 808 110 58 est
635 808 188 58 terminus
777 808 173 58 vnionis
902 808 157 58 actiue
1012 808 204 58 acceptae,
1169 808 126 58 quae
1232 808 63 58 es

432 851 130 49 actio
518 851 174 49 vnientis
634 851 174 49 trinitatis

481 884 86 56 Ad
524 884 129 56 istud
610 884 144 56 potest
711 884 129 56 dici,
797 884 115 56 quod
869 884 72 56 &
898 884 86 56 si
941 884 158 56 relatio
1056 884 101 56 non
1113 884 144 56 possit
1214 884 115 56 esse

435 923 104 59 per
494 923 89 59 se
539 923 177 59 terminus
672 923 177 59 actionis
805 923 222 59 productiue:
982 923 133 59 tamen
1071 923 163 59 necesse
1189 923 104 59 est
1234 923 59 59 po

434 966 130 49 nere
515 966 228 49 relationem
694 966 212 49 quandoque
857 966 130 49 esse
939 966 195 49 terminum
1085 966 195 49 actionis
1216 966 81 49 non

442 1005 230 54 productiuae,
628 1005 129 54 sicut
715 1005 101 54 est
772 1005 129 54 actio
858 1005 216 54 ordinatiua,
1031 1005 172 54 vnitiua,
1160 1005 72 54 &
1175 1005 129 54 distin-

430 1050 159 46 ctiua:
542 1050 112 46 Nam
605 1050 191 46 actionis
749 1050 239 46 ordinatiuae
940 1050 191 46 terminus
1084 1050 112 46 est
1148 1050 128 46 ordo
1211 1050 96 46 vni-

443 1068 123 62 tiuae
525 1068 123 62 vnio,
607 1068 68 62 &
634 1068 218 62 distinctiuae
811 1068 204 62 distinctio,
974 1068 123 62 licet
1056 1068 123 62 ordo,
1138 1068 123 62 vnio,
1219 1068 68 62 &
1233 1068 68 62 di-

441 1128 182 42 stinctio
578 1128 122 42 sint
654 1128 137 42 verae
729 1128 198 42 relationes.

462 1155 201 54 Conclusio
616 1155 170 54 secunda
740 1155 124 54 est,
818 1155 124 54 quod
895 1155 201 54 quaelibet
1050 1155 186 54 creatura
1174 1155 124 54 realem

438 1205 158 47 habens
549 1205 206 47 entitatem
707 1205 111 47 est
770 1205 269 47 conuertibilis
992 1205 111 47 per
1055 1205 174 47 diuinam
1166 1205 126 47 poten-

429 1243 135 49 tiam
513 1243 101 49 in
564 1243 219 49 quamlibet
715 1243 185 49 creaturam

433 1273 83 49 1
467 1273 133 49 Quia
550 1273 149 49 agens
649 1273 166 49 pleuum
766 1273 166 49 habens
882 1273 149 49 posse
981 1273 149 49 super
1081 1273 133 49 esse
1148 1273 149 49 totales

431 1314 78 58 &
463 1314 109 58 non
525 1314 125 58 esse
603 1314 156 58 totale
712 1314 218 58 culuslibet
884 1314 203 58 creaturae
1040 1314 156 58 potest
1133 1314 156 58 quamlibe

439 1362 208 49 creaturam
599 1362 96 49 in
647 1362 208 49 quamlibet
807 1362 208 49 creaturam
968 1362 240 49 conuertere:
1160 1362 112 49 sed
1208 1362 96 49 Deus

440 1396 107 49 est
501 1396 122 49 ages
577 1396 214 49 huiusmodi:
745 1396 122 49 ergo
822 1396 107 49 &c.
883 1396 137 49 Maior
974 1396 137 49 patet
1066 1396 92 49 ex
1096 1396 199 49 plenitudine

439 1438 233 50 obedientiae,
629 1438 102 50 qua
687 1438 131 50 omnis
774 1438 175 50 creatura
905 1438 204 50 totaliter,
1065 1438 73 50 &
1094 1438 175 50 perfecte
1211 1438 87 50 sub-

440 1472 168 64 licitur
562 1472 199 64 potestati
715 1472 137 64 talis
806 1472 183 64 agentis.
944 1472 137 64 Minor
1035 1472 137 64 etiam
1127 1472 153 64 patet:
1219 1472 76 64 qui

432 1509 134 56 nulla
521 1509 179 56 creatura
656 1509 104 56 est
715 1509 104 56 ita
775 1509 223 56 determinata
953 1509 89 56 ad
998 1509 134 56 esse,
1087 1509 119 56 quin
1162 1509 119 56 Deus
1222 1509 74 56 po-

443 1557 101 47 sit
500 1557 130 47 ipsam
587 1557 217 47 annihilare,
760 1557 72 47 &
789 1557 173 47 redigere
919 1557 87 47 ad
963 1557 101 47 non
1020 1557 130 47 esse:
1107 1557 101 47 nec
1165 1557 101 47 est
1208 1557 87 47 ali-

440 1593 107 49 qua
501 1593 183 49 creatura
638 1593 107 49 ita
700 1593 183 49 debilis,
837 1593 76 49 &
868 1593 260 49 indeterminata
1082 1593 92 49 ad
1128 1593 138 49 esse,
1204 1593 92 49 quir

437 1641 148 52 Deus
530 1641 130 52 eam
604 1641 185 52 possit
734 1641 185 52 semper
864 1641 260 52 conseruare
1068 1641 111 52 in
1105 1641 130 52 esse.

450 1667 79 66 3
482 1667 220 66 Praeterea,
655 1667 110 66 non
717 1667 110 66 est
780 1667 173 66 minoris
906 1667 204 66 potentiae
1063 1667 204 66 quamlibet
1205 1667 94 66 crea

451 1708 130 51 turam
537 1708 87 51 de
581 1708 145 51 nihilo
682 1708 203 51 producere,
842 1708 116 51 quad
914 1708 174 51 qualibet
1044 1708 188 51 creaturam
1189 1708 87 51 in
1218 1708 87 51 quam

430 1749 140 50 libet
524 1749 202 50 creaturam
679 1749 233 50 conuertere:
866 1749 109 50 sed
928 1749 202 50 quamlibet
1083 1749 202 50 creaturam
1223 1749 78 50 vel

437 1790 120 51 Deus
512 1790 164 51 creauit
631 1790 90 51 de
676 1790 164 51 nihilo,
796 1790 105 51 vel
856 1790 149 51 saltem
960 1790 149 51 potest
1065 1790 149 51 creare
1169 1790 90 51 de
1199 1790 90 51 nihi

417 1829 265 52 lo:
569 1829 303 52 ergo
720 1829 190 52 &c.

468 1865 106 53 Sed
528 1865 136 53 forte
619 1865 167 53 dicetur
741 1865 136 53 istud
831 1865 121 53 esse
907 1865 152 53 contra
1013 1865 227 53 Augustinum.
1195 1865 91 53 7.
1225 1865 61 53 su

451 1908 104 48 per
511 1908 119 48 Oen.
585 1908 104 48 vbi
645 1908 119 48 ait,
719 1908 119 48 quod
794 1908 134 48 nullo
884 1908 119 48 modo
958 1908 149 48 potest
1062 1908 149 48 corpus
1152 1908 149 48 conuerti

437 1949 95 46 in
485 1949 205 46 spiritum,
642 1949 110 46 nec
705 1949 221 46 econuerso.
879 1949 95 46 Et
926 1949 142 46 quasi
1020 1949 142 46 eadem
1115 1949 142 46 verba
1194 1949 110 46 ponit

447 1983 163 52 Doetius
566 1983 89 52 in
610 1983 119 52 lib.
685 1983 89 52 de
729 1983 148 52 duabus
833 1983 178 52 naturis,
967 1983 74 52 &
996 1983 104 52 vna
1056 1983 163 52 persona
1159 1983 134 52 Christi

450 2031 73 41 2
480 2031 203 41 Praeterea,
639 2031 232 41 indiuisibile
828 2031 145 41 posset
929 2031 131 41 fieri
1016 2031 218 41 diuisibile.
1176 2031 116 41 Conse-

439 2063 167 57 quentia
560 2063 152 57 patet:
667 2063 121 57 quia
742 2063 152 57 multae
849 2063 197 57 creaturae
1001 2063 121 57 sunt
1076 2063 243 57 diuisibiles,

446 2103 153 54 multae
537 2103 229 54 indiuisibiles

451 2134 78 63 3
483 2134 218 63 Praeterea,
654 2134 202 63 sequitur,
809 2134 125 63 quod
887 2134 109 63 ens
950 2134 233 63 simpliciter
1121 2134 171 63 absolutun

443 2185 150 62 posset
548 2185 180 62 conuerti
683 2185 90 62 in
728 2185 105 62 ens
788 2185 225 62 simpliciter
952 2185 195 62 respectiuum

451 2221 77 46 4
481 2221 215 46 Praeterea,
650 2221 107 46 vel
711 2221 153 46 habere
819 2221 153 46 plenum
926 2221 138 46 posse
1018 2221 138 46 super
1110 2221 138 46 esse,
1202 2221 77 46 &
1217 2221 77 46 non

446 2268 123 43 esse
522 2268 154 43 rerum,
630 2268 108 43 est
692 2268 231 43 necessarium
876 2268 215 43 consequens
1045 2268 92 43 ad
1091 2268 154 43 habere
1183 2268 108 43 poten

439 2299 132 49 tiam
522 2299 248 49 conuertendi
720 2299 215 49 quamlibet
885 2299 182 49 ipsarum
1017 2299 149 49 rerum
1116 2299 99 49 in
1149 2299 149 49 quamli-

446 2336 119 56 bet,
520 2336 104 56 vel
580 2336 193 56 econuerso
728 2336 148 56 habere
832 2336 193 56 potentiam
980 2336 223 56 conuertendi
1158 2336 104 56 est
1203 2336 89 56 niom

441 2374 201 53 cessarium
595 2374 217 53 consequens
766 2374 93 53 ad
812 2374 155 53 habere
920 2374 139 53 posse
1013 2374 139 53 super
1106 2374 139 53 esse,
1199 2374 77 53 &
1215 2374 77 53 non

442 2420 133 50 esse
525 2420 216 50 huiusmodi
691 2420 149 50 rerum
791 2420 315 50 conuertibilium.
1057 2420 100 50 Si
1106 2420 149 50 primo
1189 2420 100 50 modo

437 2456 127 49 tunc
516 2456 95 49 in
564 2456 143 49 prima
659 2456 175 49 ratione
786 2456 175 49 adducta
913 2456 111 49 pro
977 2456 175 49 secunda
1088 2456 206 49 conclusione

440 2503 226 42 committitur
621 2503 181 42 fallacia
757 2503 257 42 consequentis:
968 2503 121 42 quia
1043 2503 211 42 proceditur
1209 2503 75 42 a
1225 2503 75 42 po-

446 2539 166 44 sitione
567 2539 241 44 consequentis
763 2539 91 44 ad
808 2539 211 44 positionem
974 2539 257 44 antecedentis.
1185 2539 91 44 Si
1216 2539 75 44 se-

440 2580 148 44 cundo
538 2580 148 44 modo,
637 2580 132 44 tunc
720 2580 99 44 in
769 2580 148 44 prima
868 2580 181 44 ratione
1000 2580 181 44 adducta
1132 2580 115 44 pro
1182 2580 115 44 prima

444 2621 229 39 conclusione
627 2621 229 39 committitur
809 2621 183 39 fallacia
947 2621 259 39 consequentis:
1160 2621 122 39 quia
1221 2621 76 39 pro

450 2649 160 50 ceditur
567 2649 73 50 a
596 2649 233 50 destructione
786 2649 233 50 antecedentis
975 2649 87 50 ad
1019 2649 248 50 destructionem
1209 2649 87 50 con-

445 2698 220 42 sequentis:
618 2698 94 42 Ex
665 2698 110 42 hoc
728 2698 141 42 enim,
822 2698 125 42 quod
900 2698 110 42 Deo
963 2698 220 42 intrinseca
1135 2698 110 42 non
1182 2698 110 42 subia

447 2727 117 56 cent
521 2727 190 56 potentiae
667 2727 161 56 diuinae
784 2727 161 56 quantum
901 2727 88 56 ad
945 2727 132 56 esse,
1032 2727 73 56 &
1062 2727 102 56 non
1120 2727 117 56 esse
1193 2727 73 56 :
1208 2727 73 56 con

449 2774 180 45 cluditur
584 2774 195 45 finaliter
734 2774 90 45 in
779 2774 120 45 illa
854 2774 180 45 ratione,
988 2774 120 45 quod
1063 2774 120 45 Deus
1138 2774 105 45 non
1183 2774 105 45 potes

441 2804 189 52 conuerti
583 2804 95 52 in
630 2804 221 52 creaturam,
804 2804 110 52 nec
867 2804 189 52 creatura
1008 2804 95 52 in
1056 2804 126 52 Deum
1134 2804 79 52 :
1166 2804 126 52 ergo
1229 2804 63 52 &c

482 2843 92 54 Ad
528 2843 169 54 primum,
651 2843 108 54 cum
712 2843 184 54 dicitur,
850 2843 123 54 quod
927 2843 123 54 ista
1004 2843 200 54 conclusio
1158 2843 108 54 est
1204 2843 92 54 con-

441 2882 115 55 tra
506 2882 246 55 Augustinum,
703 2882 148 55 nego:
801 2882 98 55 Ad
850 2882 246 55 probationem
1047 2882 213 55 dicendum,
1195 2882 98 55 quod

447 2924 236 48 Augustinus,
636 2924 79 48 &
668 2924 189 48 Doetius,
810 2924 110 48 cum
873 2924 158 48 dicunt
983 2924 189 48 spiritum
1125 2924 142 48 nullo
1203 2924 95 48 modo

450 2962 131 60 posse
538 2962 175 60 conuerti
669 2962 87 60 in
713 2962 160 60 corpus,
829 2962 102 60 non
888 2962 190 60 loquuntur
1034 2962 102 60 ibi
1092 2962 87 60 de
1136 2962 146 60 posse,
1223 2962 73 60 seu

460 3005 173 53 potentia
589 3005 115 53 Dei:
662 3005 101 53 sed
719 3005 87 53 de
763 3005 173 53 potentia
878 3005 159 53 creaturae

479 3041 126 56 Forte
563 3041 168 56 dicetur,
689 3041 112 56 quod
759 3041 84 56 si
801 3041 112 56 isti
871 3041 140 56 sancti
968 3041 182 56 loquuntur
1108 3041 98 56 ibi
1164 3041 84 56 de
1192 3041 112 56 poten-

454 3079 98 72 gia
510 3079 197 72 creaturae,
665 3079 98 72 tuc
721 3079 98 72 non
777 3079 126 72 solum
861 3079 169 72 debebant
988 3079 141 72 dicere
1086 3079 112 72 esse
1142 3079 155 72 impossibi

1332 236 87 63 le
1375 236 173 63 spiritum
1505 236 173 63 conuerti
1635 236 87 63 in
1679 236 159 63 corpus:
1794 236 116 63 quia
1866 236 101 63 etm
1924 236 159 63 virtute
2040 236 145 63 creata
2127 236 72 63 non

1327 282 161 68 potest
1439 282 193 68 conuerti
1584 282 161 68 corpus
1697 282 96 68 in
1745 282 177 68 corpus.
1873 282 145 68 Nulla
1970 282 129 68 enim
2034 282 161 68 potentia

1328 322 156 55 creata
1438 322 156 55 posset
1547 322 156 55 coelum
1656 322 219 55 conuertere
1828 322 94 55 in
1875 322 172 55 terram,
2000 322 109 55 nec
2047 322 156 55 econuer-

1327 360 110 54 so,
1390 360 126 54 immo
1469 360 141 54 forte
1563 360 110 54 nec
1626 360 173 54 aliquod
1751 360 157 54 eorpus
1861 360 157 54 potest
1971 360 157 54 virtus
2065 360 126 54 creata

1324 397 203 59 conuertere
1483 397 87 59 in
1526 397 130 59 aliud
1613 397 159 59 corpus:
1729 397 116 59 quia
1801 397 130 59 licet
1888 397 145 59 virtus
1989 397 145 59 creata
2076 397 116 59 possit

1322 441 130 51 vnum
1403 441 162 51 corpus
1517 441 97 51 de
1565 441 179 51 sphaera
1695 441 227 51 actiuorum,
1874 441 81 51 &
1907 441 227 51 passiuorum
2069 441 130 51 genera

1318 478 97 60 re
1366 478 97 60 ex
1415 478 178 60 altero:
1544 478 146 60 tamen
1642 478 113 60 non
1706 478 162 60 potest
1820 478 130 60 vnum
1901 478 227 60 conuertere
2079 478 97 60 in
2111 478 81 60 al-

1322 521 159 52 terum,
1433 521 143 52 sicut
1528 521 111 52 hic
1592 521 190 52 loquimur
1734 521 95 52 de
1782 521 254 52 conuersione,
1988 521 127 52 quae
2067 521 111 52 nec
2115 521 79 52 est

1329 562 242 63 generatio,
1519 562 121 63 nec
1588 562 242 63 corruptio.

1366 596 212 65 Respondeo,
1533 596 121 65 quod
1608 596 136 65 sicut
1699 596 91 65 in
1745 596 121 65 esse
1820 596 197 65 possibili
1972 596 106 65 est
2032 596 121 65 dare
2093 596 91 65 gra-

1320 632 113 56 dus,
1390 632 98 56 sic
1447 632 84 56 in
1489 632 113 56 esse
1559 632 225 56 impossibili:
1742 632 113 56 quia
1812 632 127 56 sicut
1897 632 127 56 illud
1981 632 155 56 dicimus
2080 632 98 56 possi

1325 672 163 55 bilius
1439 672 147 55 esse,
1537 672 130 55 quod
1618 672 163 55 plures
1732 672 147 55 modos
1830 672 261 55 congruentiae
2042 672 147 55 habet
2124 672 65 55 ad

1323 713 116 54 hoc,
1396 713 116 54 quod
1469 713 160 54 ponatur
1585 713 87 54 in
1628 713 131 54 esse,
1715 713 102 54 sic
1774 713 131 54 illud
1861 713 160 54 dicitur
1962 713 218 54 impossibilius

1327 765 129 51 quod
1407 765 145 51 habet
1504 765 161 51 plures
1616 765 145 51 modos
1713 765 257 51 repugnantiae
1922 765 96 51 ad
1970 765 129 51 hoc,
2050 765 129 51 quod
2115 765 80 51 po-

1323 792 131 55 natur
1411 792 87 55 in
1454 792 131 55 esse:
1541 792 189 55 supposito
1687 792 160 55 igitur,
1803 792 116 55 quod
1876 792 218 55 impossibile
2050 792 102 55 sit
2094 792 87 55 vir-

1323 845 125 41 tute
1401 845 156 41 creata
1510 845 125 41 vnum
1588 845 156 41 corpus
1697 845 234 41 generabile,
1884 845 78 41 &
1915 845 249 41 corruptibile
2102 845 78 41 con

1333 875 139 48 uerti
1425 875 93 48 in
1472 875 186 48 alterum,
1611 875 186 48 loquendo
1751 875 93 48 de
1797 875 248 48 conuersione,
1998 875 139 48 prout
2076 875 108 48 prae-

1322 906 179 66 scindit
1452 906 81 66 a
1485 906 261 66 generatione,
1696 906 81 66 &
1729 906 261 66 corruptione:
1940 906 147 66 tamen
2038 906 147 66 minus
2120 906 81 66 est

1333 949 185 63 possibile
1475 949 157 63 virtute
1589 949 143 63 creata
1689 949 143 63 coelum
1789 949 86 63 in
1832 949 157 63 aliquod
1946 949 128 63 aliud
2031 949 143 63 corpus
2117 949 71 63 con

1331 995 162 49 uerti:
1444 995 130 49 quia
1525 995 113 49 hoc
1590 995 146 49 magis
1687 995 243 49 subterfugit
1882 995 211 49 potentiam
2028 995 162 49 creatam:

1321 1025 124 65 quia
1399 1025 171 65 coelum,
1523 1025 109 65 vel
1585 1025 109 65 non
1647 1025 140 65 habet
1740 1025 186 65 materiam
1880 1025 155 65 partem
1989 1025 124 65 sui,
2066 1025 109 65 vel
2113 1025 62 65 da

1318 1072 121 48 to,
1387 1072 138 48 quod
1473 1072 173 48 habeat
1595 1072 225 48 materiam:
1768 1072 156 48 tamen
1871 1072 121 48 non
1941 1072 156 48 habet
2045 1072 121 48 eam
2096 1072 87 48 cum

1324 1104 225 64 priuatione
1501 1104 177 64 annexa,
1629 1104 80 64 &
1662 1104 113 64 per
1726 1104 225 64 consequens
1903 1104 161 64 coelum
2015 1104 113 64 nec
2063 1104 129 64 potest

1328 1143 208 56 corrumpi,
1488 1143 112 56 nec
1552 1143 192 56 generari
1695 1143 112 56 per
1759 1143 176 56 creatam
1887 1143 208 56 virtutem.
2046 1143 96 56 Et
2078 1143 112 56 super

1332 1186 117 49 haec
1406 1186 132 49 omnia
1494 1186 308 49 impossibilissimum
1758 1186 117 49 esse
1832 1186 162 49 videtur
1949 1186 162 49 virtute
2052 1186 132 49 crcanta

1324 1223 178 61 spiritum
1458 1223 89 61 in
1502 1223 148 61 corpus
1606 1223 193 61 conuerti:
1754 1223 119 61 quia
1828 1223 163 61 omnibus
1947 1223 208 61 praedictis
2095 1223 89 61 haec

1329 1272 139 43 maior
1421 1272 170 43 apparet
1544 1272 247 43 repugnantia:
1745 1272 123 43 quia
1822 1272 185 43 spiritus
1961 1272 139 43 caret
2053 1272 123 43 omni
2115 1272 77 43 ma-

1321 1302 136 53 teria
1412 1302 166 53 proprie
1533 1302 151 53 dicta,
1638 1302 121 53 siue
1714 1302 151 53 habeat
1820 1302 227 53 priuationem
2001 1302 181 53 annexam,
2122 1302 76 53 si-

1324 1344 105 52 cut
1384 1344 105 52 est
1444 1344 165 52 materia
1564 1344 180 52 corporum
1699 1344 225 52 inferiorum,
1879 1344 120 52 siue
1954 1344 180 52 separata
2089 1344 105 52 sit
2134 1344 60 52 ab

1320 1387 125 51 omni
1398 1387 234 51 priuatione,
1586 1387 141 51 sicut
1680 1387 109 51 est
1742 1387 172 51 materia
1867 1387 187 51 corporum
1992 1387 203 51 superiorum-

1325 1428 140 44 Caret
1419 1428 140 44 etiam
1512 1428 233 44 quantitate,
1698 1428 78 44 &
1729 1428 171 44 ceteris
1853 1428 248 44 accidentibus
2040 1428 155 44 corpora-

1331 1466 131 50 libus
1419 1466 73 50 :
1448 1466 160 50 propter
1565 1466 117 50 quod
1637 1466 131 50 minor
1725 1466 102 50 est
1783 1466 219 50 conformitas
1958 1466 175 50 spiritus
2089 1466 87 50 ad
2118 1466 73 50 con

1333 1511 122 42 pus,
1409 1511 122 42 quam
1485 1511 183 42 corporis
1622 1511 91 42 ad
1668 1511 168 42 eorpus,
1790 1511 76 42 &
1820 1511 107 42 per
1881 1511 213 42 consequens
2034 1511 152 42 impossi-

1334 1541 142 52 bilius
1433 1541 99 52 est
1490 1541 156 52 virtute
1604 1541 142 52 creata
1703 1541 170 52 spiritum
1831 1541 170 52 conuerti
1959 1541 85 52 in
2001 1541 156 52 eorpus,
2101 1541 85 52 quam

1326 1582 215 52 quodcumque
1495 1582 154 52 corpus
1602 1582 92 52 in
1649 1582 138 52 aliud
1741 1582 154 52 corpus
1849 1582 123 52 dato
1926 1582 138 52 bene,
2018 1582 123 52 quod
2079 1582 108 52 vtrum

1321 1622 107 54 que
1382 1622 107 54 sit
1443 1622 245 54 impossibile.
1642 1622 138 54 lstam
1734 1622 153 54 igitur
1842 1622 169 54 maiorem
1949 1622 245 54 impossibilita-

1326 1671 113 37 tem
1390 1671 194 37 pluribus
1536 1671 145 37 modis
1633 1671 258 37 contingentem
1843 1671 162 37 volunt
1956 1671 210 37 exprimere
2101 1671 97 37 isti

1327 1696 153 50 sancti,
1438 1696 97 50 cum
1494 1696 153 50 dicunt,
1605 1696 111 50 quod
1674 1696 125 50 nullo
1757 1696 111 50 modo
1826 1696 139 50 potest
1923 1696 139 50 corpus
2021 1696 166 50 conuerti
2132 1696 55 50 in

1332 1736 190 52 sbiritum
1474 1736 79 52 :
1506 1736 126 52 Vnde
1585 1736 142 52 iltud
1680 1736 158 52 signum
1790 1736 221 52 vniuersale
1964 1736 205 52 negatiuum
2106 1736 79 52 non

1320 1783 211 43 distribuit
1486 1783 256 43 vniuersaliter
1697 1783 211 43 potentiam:
1863 1783 121 43 quia
1939 1783 121 43 tunc
2014 1783 211 43 dixissent,

1323 1817 139 51 nulla
1415 1817 185 51 potentia
1554 1817 155 51 potest
1663 1817 155 51 corpus
1771 1817 185 51 conuerti
1910 1817 93 51 in
1956 1817 201 51 spiritum:
2111 1817 108 51 sed

1330 1856 198 49 distribuit
1486 1856 127 49 modos
1570 1856 283 49 impossibilitatis
1811 1856 170 49 respectu
1938 1856 184 49 potentiae
2066 1856 113 49 creats

1330 1899 135 48 sicut
1420 1899 135 48 etiam
1509 1899 135 48 patet
1599 1899 90 48 ex
1644 1899 135 48 forma
1734 1899 194 48 verborum:
1883 1899 120 48 quia
1958 1899 179 48 dicitur,
2077 1899 120 48 nullo-

1333 1931 124 47 modo
1410 1931 108 47 &c.
1472 1931 108 47 Qui
1534 1931 139 47 autem
1627 1931 170 47 vellent
1750 1931 186 47 breuiter
1890 1931 93 47 se
1936 1931 201 47 expedire,
2091 1931 139 47 dice

1328 1971 131 49 rent,
1416 1971 131 49 sicut
1503 1971 131 49 etiam
1591 1971 146 49 aliqui
1693 1971 160 49 dicunt,
1810 1971 117 49 quod
1883 1971 117 49 isti
1956 1971 146 49 sancti
2058 1971 102 49 non
2101 1971 88 49 pro-

1330 2015 150 45 ferunt
1435 2015 120 45 illa
1510 2015 135 45 verba
1600 2015 255 45 determinatiue
1810 2015 105 45 sed
1870 2015 225 45 recitatiue,
2050 2015 120 45 puta
2110 2015 75 45 re-

1328 2055 176 53 citando
1456 2055 176 53 aliorum
1569 2055 192 53 opiniones.

1358 2086 97 49 Ad
1406 2086 194 49 secundum
1552 2086 178 49 concedo
1681 2086 291 49 consequentiam,
1923 2086 81 49 &
1956 2086 129 49 nego
2020 2086 162 49 falsita-

1327 2135 113 43 tem
1392 2135 275 43 consequentis:
1618 2135 130 43 quia
1699 2135 162 43 virtus
1813 2135 162 43 diuina
1926 2135 113 43 non
1991 2135 146 43 minus
2072 2135 113 43 habet

1321 2170 130 56 posse
1407 2170 130 56 super
1493 2170 144 56 totale
1594 2170 130 56 esse,
1680 2170 72 56 &
1709 2170 101 56 non
1767 2170 115 56 esse
1839 2170 101 56 rei
1896 2170 259 56 indiuisibilis,
2098 2170 86 56 qunm

1329 2211 104 46 rei
1388 2211 237 46 diuisibilis,
1581 2211 74 46 &
1611 2211 118 46 ideo
1685 2211 104 46 non
1744 2211 133 46 minus
1833 2211 148 46 potest
1936 2211 237 46 indiuisibile
2114 2211 74 46 con

1333 2251 158 47 uertere
1447 2251 86 47 in
1490 2251 215 47 diuisibile,
1663 2251 115 47 quam
1734 2251 115 47 vnum
1806 2251 201 47 diuisibile
1964 2251 86 47 in
2007 2251 129 47 aliud
2079 2251 100 47 diui-

1324 2287 169 50 sibile.
1447 2287 92 50 Et
1493 2287 108 50 iam
1555 2287 169 50 quantum
1678 2287 92 50 ad
1724 2287 246 50 proprietatem
1924 2287 231 50 locutionis,
2094 2287 92 50 tunc

1329 2326 244 50 consequentia
1527 2326 153 50 potest
1634 2326 168 50 negari:
1756 2326 122 50 quia
1832 2326 107 50 non
1893 2326 198 50 sequitur,
2046 2326 107 50 hoc
2091 2326 92 50 con-

1322 2376 172 41 uertitur
1451 2376 86 41 in
1493 2376 115 41 hoc:
1565 2376 115 41 ergo
1637 2376 100 41 hoc
1694 2376 100 41 fit
1751 2376 115 41 hoc,
1823 2376 129 41 sicut
1909 2376 157 41 patebit
2009 2376 143 41 inferius

1368 2407 96 54 Ad
1416 2407 177 54 tertium
1545 2407 177 54 concedo
1673 2407 289 54 consequentiam,
1914 2407 112 54 nec
1978 2407 177 54 apparet
2091 2407 96 54 ali-

1328 2454 107 49 qua
1389 2454 183 49 falsitas
1526 2454 259 49 consequentis:
1739 2454 122 49 quia
1815 2454 107 49 cum
1876 2454 167 49 entitas
1982 2454 198 49 simpliciter

1320 2486 183 54 absoluta
1457 2486 107 54 per
1518 2486 198 54 potentiam
1671 2486 168 54 diuinam
1793 2486 153 54 possit
1899 2486 229 54 simpliciter
2067 2486 107 54 anni-

1326 2525 176 66 hilari,
1454 2525 112 66 non
1518 2525 144 66 video
1614 2525 144 66 quare
1710 2525 112 66 per
1774 2525 160 66 eandem
1886 2525 208 66 potentiam
2046 2525 112 66 non
2094 2525 96 66 pos-

1320 2568 105 50 sit
1380 2568 90 50 in
1425 2568 224 50 respectiuum
1589 2568 165 50 conuerti.

1347 2576 90 81 Ad
1392 2576 166 81 quartum
1513 2576 196 81 dicendum,
1663 2576 106 81 qud
1724 2576 136 81 illae
1814 2576 121 81 duae
1890 2576 256 81 propositiones
2086 2576 90 81 sun-

1320 2656 279 40 conuertibiles:
1552 2656 77 40 &
1583 2656 124 40 ideo
1660 2656 217 40 vnaquaeque
1830 2656 155 40 potest
1939 2656 124 40 esse
2001 2656 170 40 consequen

1320 2685 91 47 ad
1365 2685 152 47 aliam,
1472 2685 76 47 &
1502 2685 197 47 econuerso
1654 2685 76 47 :
1684 2685 167 47 Propter
1806 2685 121 47 quod
1881 2685 197 47 quaelibet
2033 2685 137 47 earum
2109 2685 76 47 in-

1319 2725 119 48 fert
1394 2725 134 48 aliam
1483 2725 104 48 tam
1543 2725 238 48 affirmatiue,
1736 2725 119 48 quam
1811 2725 194 48 negatiue.
1960 2725 89 48 Ex
2004 2725 104 48 quo
2064 2725 149 48 patet,

1333 2772 103 58 que
1392 2772 88 58 in
1436 2772 162 58 vtraque
1554 2772 235 58 praedictarum
1745 2772 176 58 rationum
1877 2772 117 58 bene
1950 2772 220 58 proceditur,

1449 2847 485 70 ARTICVLV
1812 2847 243 70 S.
1893 2847 162 70 II

1429 2899 151 66 Vtrum
1530 2899 234 66 substantia
1714 2899 151 66 panis
1814 2899 251 66 conuertatur
1998 2899 67 66 in

1620 2951 161 61 corpus
1716 2951 161 61 Christi.

1386 3036 183 57 VANTVM
1514 3036 110 57 ad
1568 3036 219 57 secundum
1733 3036 237 57 articulum
1915 3036 237 57 dicendum,
2079 3036 110 57 quod

1389 3076 138 73 eicet
1481 3076 92 73 ex
1527 3076 153 73 dictis
1634 3076 92 73 in
1680 3076 230 73 praecedenti
1864 3076 184 73 articulo
2003 3076 138 73 satis
2079 3076 123 73 pateat
