2394 3532
198 256 92 74 Si
244 256 122 74 vnum
320 256 153 74 corpus
427 256 137 74 esset
518 256 137 74 simul
610 256 198 74 localiter
763 256 92 74 in
808 256 183 74 pluribus
946 256 153 74 locis,

205 328 125 45 tunc
284 328 125 45 vnum
362 328 157 45 corpus
472 328 141 45 esset
566 328 141 45 plura
660 328 188 45 corpora,
801 328 251 45 Consequentia
989 328 78 45 pa-

208 363 120 43 tet:
283 363 120 43 quia
358 363 135 43 sicut
449 363 165 43 locatum
569 363 256 43 commensuratur
779 363 135 43 loco,
870 363 105 43 fic
930 363 135 43 etiam
1005 363 60 43 es

180 401 266 49 connumeratur

255 443 80 41 s
287 443 225 41 Praeterea,
463 443 192 41 sequitur
608 443 128 41 quod
688 443 144 41 vnum,
784 443 80 41 &
816 443 128 41 idem
897 443 160 41 corpus
993 443 64 41 es

204 475 114 57 set
269 475 147 57 simul
367 475 163 57 maxime
481 475 195 57 calidum,
627 475 81 57 &
660 475 163 57 maxime
774 475 212 57 frigidum:
937 475 130 57 quia
1002 475 65 57 in

210 526 103 41 vno
269 526 117 41 loco
342 526 147 41 potest
445 526 117 41 poni
518 526 88 41 in
562 526 132 41 igne,
650 526 73 41 &
679 526 88 41 in
723 526 117 41 alio
797 526 117 41 loco
870 526 88 41 in
899 526 103 41 niue-

237 561 80 43 3
269 561 223 43 Praeterea,
444 561 127 43 idem
523 561 159 43 corpus
635 561 159 43 posset
746 561 143 43 simul
841 561 127 43 esse
921 561 159 43 sanum,
1016 561 48 43 &

206 597 171 44 aegrum:
331 597 124 44 quia
408 597 93 44 in
455 597 109 44 vno
517 597 124 44 loco
594 597 155 44 posset
703 597 155 44 habere
812 597 217 44 sanissimam
967 597 93 44 aeri

209 639 221 46 remperiem,
383 639 95 46 in
431 639 126 46 alio
510 639 126 46 loco
589 639 221 46 pestiferam
747 639 221 46 intemperiem.

214 678 84 51 S
248 678 219 51 Preterea,
416 678 135 51 idem
500 678 168 51 corpus
618 678 152 51 simul
719 678 236 51 moueretur,
905 678 84 51 &
921 678 152 51 quiesce

195 717 112 50 ret
259 717 192 50 secundum
403 717 176 50 diuersa
531 717 112 50 sua
579 717 112 50 loca.

237 755 78 42 S
269 755 217 42 Praeterea,
439 755 140 42 vnum,
533 755 78 42 &
564 755 124 42 idem
641 755 155 42 corpus
750 755 155 42 posset
859 755 124 42 esse
921 755 155 42 saturatu

210 793 146 54 cibo,
307 793 114 54 quo
372 793 211 54 abundaret
534 793 97 54 in
583 793 114 54 vno
648 793 146 54 loco,
745 793 81 54 &
778 793 211 54 famelicum
924 793 146 54 propter

214 831 176 45 defectum
346 831 132 45 cibi,
434 831 117 45 quem
507 831 205 45 sustineret
668 831 88 45 in
712 831 117 45 alio
771 831 102 45 loco.

227 870 84 48 ro
269 870 195 48 Praeterea,
422 870 111 48 idem
492 870 139 48 lignum
589 870 84 48 in
631 870 167 48 diuersis
756 870 125 48 locis
839 870 153 48 faceret
937 870 139 48 diuersos

202 905 137 61 ignes
293 905 137 61 aeque
384 905 167 61 magnos,
506 905 137 61 sicut
597 905 91 61 si
643 905 167 61 arderet
765 905 91 61 in
810 905 107 61 vno
871 905 122 61 loco
932 905 137 61 tantum,

205 950 80 42 &
237 950 96 42 in
285 950 112 42 vno
349 950 128 42 loco
429 950 160 42 posset
541 950 192 42 comburi,
686 950 80 42 &
718 950 96 42 in
766 950 128 42 alio
846 950 128 42 loco
910 950 160 42 incombu-

193 987 179 49 stum
282 987 269 49 permanere.

214 1036 101 38 I1
265 1036 237 38 Praeterea,
451 1036 135 38 idem
535 1036 152 38 ponum
637 1036 169 38 posset
755 1036 169 38 comedi
873 1036 169 38 Homae,
992 1036 85 38 &
1008 1036 68 38 Pa

206 1070 171 40 risiis,
331 1070 78 40 &
362 1070 109 40 per
424 1070 217 40 consequens
595 1070 140 40 homae
688 1070 155 40 posset
797 1070 186 40 conuerti
936 1070 93 40 in
967 1070 109 40 car-

211 1105 107 44 nem
272 1105 168 44 Homani,
394 1105 76 44 &
425 1105 183 44 Parisuis
562 1105 92 44 in
608 1105 153 44 carnem
715 1105 244 44 Parisiensis,
913 1105 76 44 &
944 1105 107 44 sic
990 1105 76 44 ea-

209 1147 112 42 dem
273 1147 176 42 materia
401 1147 144 42 esset
497 1147 208 42 informata
657 1147 192 42 diuersis
801 1147 160 42 formis
897 1147 176 42 localiter

190 1181 172 52 distinctis

228 1225 91 48 12
273 1225 211 48 Praeterea,
439 1225 121 48 idem
515 1225 151 48 animal
620 1225 151 48 posset
726 1225 91 48 in
771 1225 106 48 vno
832 1225 121 48 loco
907 1225 166 48 occidi,
1028 1225 75 48 &

208 1258 85 59 in
250 1258 113 59 alio
321 1258 113 59 loco
391 1258 155 59 benigne
504 1258 183 59 tractari,
645 1258 71 59 &
673 1258 99 59 sic
730 1258 113 59 idem
800 1258 141 59 animal
899 1258 127 59 simul
969 1258 99 59 esset

203 1303 186 48 viuum,
334 1303 93 48 &
352 1303 186 48 mortuum.

234 1350 215 40 Praeterea,
402 1350 138 40 sicut
494 1350 107 40 res
556 1350 107 40 per
617 1350 169 40 naturam
740 1350 123 40 suam
817 1350 92 40 se
863 1350 138 40 habet
955 1350 92 40 ad
985 1350 77 40 spe

212 1377 142 50 ciem,
307 1377 110 50 sic
370 1377 110 50 per
433 1377 237 50 quantitatem
622 1377 126 50 suam
701 1377 95 50 se
749 1377 142 50 habet
843 1377 95 50 ad
890 1377 158 50 locum,
985 1377 79 50 sco

212 1422 115 51 per
277 1422 131 51 vnam
359 1422 180 51 naturam
490 1422 115 51 non
556 1422 164 51 potest
671 1422 131 51 esse
753 1422 131 51 nisi
835 1422 98 51 in
884 1422 115 51 vna
933 1422 131 51 specie

212 1460 128 52 ergo
292 1460 112 52 per
356 1460 128 52 vnam
435 1460 239 52 quantitatem
627 1460 112 52 non
690 1460 159 52 potest
802 1460 128 52 esse
882 1460 128 52 nisi
961 1460 96 52 in
993 1460 80 52 vno

186 1500 123 50 loco.

209 1545 97 43 I4
257 1545 226 43 Praeterea,
434 1545 113 43 qua
499 1545 177 43 ratione
628 1545 129 43 vnum
708 1545 161 43 corpus
821 1545 161 43 posset
934 1545 129 43 esse
998 1545 81 43 in-

207 1577 190 47 diuersis
350 1577 159 47 locis,
461 1577 143 47 eadem
556 1577 175 47 ratione
683 1577 127 47 vnus
763 1577 175 47 punctus
890 1577 159 47 posset
985 1577 95 47 poni

206 1616 95 41 in
254 1616 206 41 principio
412 1616 221 41 diuersarum
586 1616 190 41 linearum
728 1616 142 41 aeque
823 1616 237 41 distantium.
997 1616 79 41 Con

208 1655 210 48 sequentia
369 1655 162 48 patet:
482 1655 113 48 Sed
547 1655 226 48 consequens
725 1655 113 48 est
789 1655 178 48 falsum:
919 1655 129 48 quia
983 1655 81 48 ho-

215 1695 171 54 posito,
340 1695 124 54 tunc
417 1695 218 54 paralellae
588 1695 264 54 concurrerent,
806 1695 109 54 nam
868 1695 140 54 omnes
946 1695 124 54 lincae

200 1736 81 49 m
232 1736 114 49 rei
297 1736 195 49 veritate
443 1736 244 49 concurrunt,
638 1736 130 49 quae
720 1736 97 49 ad
768 1736 130 49 vnum
850 1736 179 49 punctum
963 1736 114 49 ter

193 1772 193 52 minantur.

244 1782 83 78 1
278 1782 232 78 Praeterea,
460 1782 133 78 vnum
543 1782 83 78 &
576 1782 133 78 idem
659 1782 199 78 refertur
808 1782 149 78 simul
891 1782 182 78 oppositis

217 1849 254 55 relationibus:
427 1849 105 55 nam
486 1849 120 55 idem
561 1849 135 55 esset
651 1849 180 55 distans,
786 1849 75 55 &
816 1849 195 55 indistans
950 1849 120 55 respe-

216 1890 105 46 ctu
276 1890 181 46 eiusdem,
412 1890 120 46 puta
487 1890 181 46 respectu
622 1890 135 46 loci,
712 1890 90 46 in
758 1890 105 46 quo
803 1890 105 46 esset

237 1932 87 48 1e
281 1932 204 48 Praeterea,
441 1932 131 48 sicut
528 1932 87 48 se
572 1932 131 48 habet
659 1932 160 48 angelus
775 1932 87 48 ad
819 1932 131 48 locum
892 1932 174 48 diffiniti-

212 1970 106 48 ue,
272 1970 106 48 sic
333 1970 151 48 corpus
439 1970 303 48 circumscriptiue:
696 1970 106 48 sed
757 1970 121 48 idem
833 1970 167 48 angelus
954 1970 106 48 non
999 1970 76 48 po-

217 2009 112 46 test
287 2009 126 46 simul
371 2009 112 46 esse
441 2009 84 46 in
484 2009 168 46 diuersis
610 2009 126 46 locis
694 2009 225 46 diffinitiue:
877 2009 112 46 ergo
947 2009 98 46 nec
989 2009 84 46 idem

199 2048 212 51 corpus
326 2048 382 51 circumscriptiue.

227 2083 83 50 1
260 2083 231 50 Praeterea,
441 2083 264 50 quandocumque
656 2083 165 50 aliqua
771 2083 116 50 duo
837 2083 116 50 sic
903 2083 99 50 se
936 2083 132 50 habent

211 2125 125 52 quod
290 2125 157 52 vltima
400 2125 157 52 eorum,
509 2125 125 52 siue
588 2125 173 52 termini
713 2125 157 52 eorum,
823 2125 94 52 ad
870 2125 173 52 inuicem
980 2125 94 52 ade-

208 2173 150 44 quate
308 2173 317 44 commensurantur,
575 2173 133 44 tunc
658 2173 200 44 quicquid
808 2173 217 44 reperitur
958 2173 117 44 extra

209 2211 135 47 vnum,
299 2211 105 47 hoc
359 2211 90 47 de
404 2211 225 47 necessitate
584 2211 195 47 reperitur
735 2211 135 47 extra
825 2211 180 47 alterum:
960 2211 105 47 sed
1005 2211 75 47 su-

224 2253 192 43 perficies
372 2253 162 43 connexa
490 2253 177 43 corporis
623 2253 162 43 locati,
741 2253 74 43 &
771 2253 222 43 superficies
933 2253 133 43 concau;

216 2288 182 41 corporis
352 2288 182 41 locantis
488 2288 197 41 adaequate
640 2288 288 41 commensurantur:
882 2288 121 41 ergo
958 2288 91 41 si
988 2288 91 41 ali-

209 2327 126 45 quod
288 2327 158 45 corpus
399 2327 158 45 posset
509 2327 126 45 esse
588 2327 95 45 in
636 2327 126 45 alio
715 2327 126 45 loco
794 2327 142 45 extra
873 2327 205 45 superficiem

220 2366 173 38 corporis
349 2366 188 38 locantis,
494 2366 87 38 in
537 2366 101 38 qua
595 2366 115 38 nunc
667 2366 115 38 est,
739 2366 115 38 tunc
811 2366 144 38 posset
912 2366 115 38 esse
970 2366 101 38 extra

206 2405 124 48 suam
284 2405 187 48 propriam
424 2405 249 48 superficiem.
626 2405 140 48 Maior
719 2405 155 48 patet,
828 2405 124 48 quia
906 2405 93 48 da
937 2405 140 48 opposi-

219 2442 124 39 tum,
297 2442 124 39 tunc
375 2442 140 39 simul
468 2442 140 39 erunt
561 2442 218 39 adaequata,
732 2442 78 39 &
763 2442 109 39 non
825 2442 218 39 adaequata,
981 2442 93 39 com-

210 2472 229 56 mensurata,
390 2472 82 56 &
422 2472 115 56 non
488 2472 262 56 commesurata.
701 2472 147 56 Minor
799 2472 180 56 habetur
930 2472 82 56 a
946 2472 131 56 philo.

134 2520 318 50 phy.

235 2524 86 82 ro
278 2524 200 82 Praeterea,
435 2524 86 82 si
478 2524 143 82 corpus
578 2524 157 82 Christi
693 2524 143 82 posset
793 2524 129 82 simul
879 2524 114 82 esse
950 2524 86 82 in
979 2524 100 82 diuer

212 2599 104 43 sis
272 2599 149 43 locis,
376 2599 104 43 vel
435 2599 104 43 hoc
494 2599 208 43 competeret
658 2599 119 43 sibi
732 2599 89 43 in
777 2599 163 43 quantum
896 2599 163 43 corpus,
1000 2599 74 43 vel

218 2639 90 44 in
263 2639 165 44 quantum
383 2639 105 44 est
444 2639 256 44 glorificatum,
654 2639 105 44 vel
714 2639 90 44 in
759 2639 165 44 quantum
880 2639 105 44 est
925 2639 150 44 personae

208 2680 181 43 diuinae
339 2680 181 43 vnitum.
471 2680 115 43 Non
537 2680 148 43 primo
636 2680 148 43 modo:
735 2680 132 43 quia
817 2680 132 43 tunc
883 2680 198 43 competeret

220 2713 117 49 omni
294 2713 176 49 eorqori.
426 2713 103 49 Nec
485 2713 176 49 secundo:
617 2713 117 49 quia
690 2713 176 49 spiritus
822 2713 235 49 glorificatus
999 2713 73 49 non

224 2760 146 45 potest
326 2760 116 45 esse
399 2760 131 45 simul
487 2760 87 45 in
530 2760 175 45 diuersis
661 2760 131 45 locis
749 2760 73 45 :
778 2760 116 45 ergo
851 2760 131 45 multo
938 2760 131 45 minus
1011 2760 58 45 co

219 2798 110 46 pus
282 2798 267 46 glorificatum.
502 2798 110 46 Nec
564 2798 157 46 tertio
674 2798 141 46 modo:
768 2798 125 46 quia
847 2798 125 46 illa
925 2798 125 46 vnio
1004 2798 110 46 non

222 2831 144 55 ponit
318 2831 144 55 ipsum
414 2831 144 55 extra
510 2831 240 55 condicionem
686 2831 160 55 corporis

249 2874 89 44 to
294 2874 207 44 Praeterea,
457 2874 119 44 idem
531 2874 148 44 corpus
634 2874 178 44 respectu
768 2874 163 44 eiusdem
886 2874 133 44 loci,
975 2874 89 44 in
1005 2874 74 44 quo

215 2906 177 49 haberet
344 2906 145 49 esse,
441 2906 145 49 esset
538 2906 242 49 propinquum,
731 2906 81 49 &
763 2906 194 49 remotum,
909 2906 81 49 &
941 2906 113 49 per
989 2906 97 49 con-

213 2953 192 42 sequens
352 2953 261 42 propinquum,
561 2953 87 42 &
596 2953 122 42 non
666 2953 244 42 propinquum
857 2953 87 42 :
892 2953 209 42 remotum,
1032 2953 52 42 &

218 2984 110 63 non
281 2984 188 63 remotum,
422 2984 188 63 distans,
563 2984 78 63 &
594 2984 110 63 non
657 2984 188 63 distans,
798 2984 125 63 quae
876 2984 141 63 omnia
955 2984 125 63 impli-

226 3030 125 44 cant
304 3030 311 44 contradictionem:
569 3030 125 44 ergo
631 3030 78 44 &c.

234 3048 85 76 2o
276 3048 199 76 Praeterea,
433 3048 114 76 quod
504 3048 100 76 est
561 3048 114 76 hic,
632 3048 100 76 non
689 3048 100 76 est
746 3048 142 76 alibi,
845 3048 71 76 &
874 3048 114 76 quod
945 3048 100 76 est
987 3048 100 76 alibi

1105 262 100 70 non
1162 262 100 70 est
1219 262 114 70 hic:
1290 262 85 70 Si
1333 262 114 70 ergo
1404 262 114 70 vnum
1475 262 142 70 corpus
1574 262 128 70 simul
1660 262 128 70 esset
1745 262 114 70 hic,
1816 262 71 70 &
1831 262 142 70 alibbtue

1108 327 129 47 esset
1194 327 100 47 hic
1251 327 72 47 &
1280 327 100 47 non
1337 327 129 47 esset
1423 327 115 47 hic,
1495 327 72 47 &
1523 327 129 47 esset
1610 327 143 47 alibi,
1710 327 72 47 &
1739 327 100 47 non
1796 327 129 47 esset
1868 327 100 47 alibn

1122 368 91 46 2I
1167 368 212 46 Praeterea,
1333 368 106 46 qua
1394 368 166 46 ratione
1515 368 121 46 idem
1590 368 151 46 corpus
1696 368 151 46 posset
1802 368 121 46 esse
1862 368 106 46 Simul

1105 400 150 56 Romae,
1210 400 75 56 &
1240 400 195 56 Parisijs,
1390 400 135 56 eadem
1480 400 165 56 ratione
1599 400 150 56 posset
1704 400 120 56 esse
1779 400 135 56 simul
1869 400 90 56 in
1899 400 75 56 om-

1098 444 139 45 nibus
1190 444 139 45 locis
1283 444 247 45 intermediis,
1483 444 77 45 &
1514 444 108 45 Sic
1576 444 123 45 vnum
1653 444 170 45 corpus,
1776 444 108 45 vel
1838 444 123 45 vnus
1900 444 77 45 ho-

1108 490 90 51 mo
1153 490 90 51 de
1198 490 150 51 seipso
1303 490 120 51 solo
1379 490 150 51 posset
1484 490 150 51 facere
1589 490 120 51 vnam
1664 490 180 51 choream,
1800 490 120 51 quae
1860 490 105 51 exten

1097 517 174 47 deretur
1223 517 79 47 a
1255 517 189 47 Parisiis
1397 517 142 47 vsque
1492 517 158 47 Homam,
1602 517 79 47 &
1634 517 221 47 econuerso.

1118 559 90 52 22
1163 559 196 52 Preterea,
1314 559 151 52 nullum
1419 559 135 52 agens
1509 559 181 52 naturale
1645 559 181 52 intendit
1780 559 105 52 per
1841 559 90 52 se
1871 559 90 52 conn

1101 603 208 44 ruptionem
1261 603 176 44 termini
1388 603 80 44 a
1420 603 128 44 quo,
1500 603 112 44 sed
1564 603 144 44 solum
1660 603 112 44 per
1724 603 208 44 accidens,
1867 603 96 44 puta

1104 641 106 44 pro
1164 641 151 44 tanto,
1270 641 121 44 quia
1346 641 287 44 incompossibilis
1588 641 106 44 est
1648 641 106 44 cum
1709 641 166 44 termino
1830 641 91 44 ad
1860 641 106 44 quem:

1105 674 94 56 Si
1152 674 125 56 enim
1231 674 141 56 esset
1324 674 266 56 compossibilis
1544 674 110 56 cum
1606 674 110 56 eo,
1669 674 125 56 tunt
1747 674 110 56 non
1794 674 172 56 corrumpe-

1109 721 108 43 tet
1170 721 123 43 eum:
1247 721 123 43 ergo
1325 721 93 43 Si
1371 721 123 43 vnum
1448 721 108 43 vbi
1510 721 108 43 non
1572 721 139 43 esset
1664 721 278 43 incompossibile
1880 721 93 43 alte

1100 762 89 44 ri
1145 762 119 44 vbi,
1219 762 119 44 tunc
1293 762 149 44 quando
1397 762 163 44 actione
1516 762 193 44 naturalis
1665 762 163 44 agentis
1784 762 163 44 aliquod
1888 762 74 44 con

1119 796 91 46 us
1164 796 211 46 acquireret
1330 796 121 46 vnum
1406 796 121 46 vbi,
1481 796 121 46 tunc
1557 796 106 46 non
1617 796 181 46 perderet
1753 796 166 46 alterum
1858 796 106 46 vbis

1126 837 226 42 naturaliter
1307 837 135 42 simul
1397 837 135 42 esset
1487 837 90 42 in
1532 837 151 42 duobus
1638 837 151 42 locis;
1743 837 120 42 ergo
1818 837 75 42 a
1834 837 135 42 destru-

1103 873 145 47 ctione
1205 873 145 47 istius
1307 873 189 47 sequentis
1452 873 233 47 consequitur,
1641 873 116 47 quod
1714 873 102 47 duo
1772 873 102 47 vbi
1830 873 116 47 sint
1888 873 73 47 sim

1105 911 180 55 pliciter
1240 911 300 55 imcompossibilia,
1495 911 180 55 respectu
1631 911 165 55 eiusdem
1751 911 165 55 locati,
1871 911 75 55 &
1886 911 75 55 per

1104 954 216 42 consequens
1273 954 139 42 nulla
1365 954 169 42 virtute
1489 954 123 42 idem
1566 954 154 42 corpus
1673 954 169 42 poterit
1797 954 139 42 simul
1874 954 92 42 esse

1102 984 83 53 in
1144 984 167 53 diuersis
1255 984 97 53 locis

1142 1033 92 52 23
1188 1033 215 52 Praeterea,
1357 1033 92 52 si
1403 1033 123 52 vnum
1480 1033 154 52 corpus
1587 1033 138 52 esset
1679 1033 138 52 vimul
1771 1033 200 52 localiter
1910 1033 61 52 in

1107 1067 145 46 duobus
1208 1067 145 46 locis,
1309 1067 116 46 tunc
1381 1067 116 46 illa
1454 1067 116 46 loca
1526 1067 145 46 essent
1627 1067 130 46 simul
1714 1067 130 46 inter
1801 1067 101 46 se.
1844 1067 116 46 Conse-

1106 1112 168 44 quentia
1228 1112 152 44 patet:
1334 1112 122 44 quia
1410 1112 213 44 quaecumque
1578 1112 122 44 vni,
1654 1112 76 44 &
1685 1112 137 44 eidem
1776 1112 122 44 sunt
1837 1112 122 44 simul,

1108 1153 120 53 illa
1183 1153 120 53 sunt
1258 1153 135 53 simul
1348 1153 135 53 inter
1438 1153 105 53 se,
1498 1153 105 53 sed
1557 1153 90 53 Si
1602 1153 120 53 vnum
1677 1153 150 53 corpus
1782 1153 135 53 esset
1857 1153 105 53 simul

1094 1183 205 47 Parisiis,
1252 1183 79 47 &
1284 1183 142 47 Homae
1378 1183 221 47 localiter,
1552 1183 126 47 tunc
1631 1183 189 47 quilibet
1773 1183 174 47 illorum
1883 1183 79 47 lo-

1096 1225 152 47 corum
1198 1225 152 47 esset
1299 1225 152 47 simul
1401 1225 220 47 localiter
1570 1225 119 47 cum
1638 1225 136 47 illo
1723 1225 203 47 corpore;
1858 1225 102 47 ergo

1102 1259 115 50 illa
1173 1259 100 50 duo
1231 1259 115 50 loca
1302 1259 143 50 essent
1402 1259 129 50 simul
1488 1259 186 50 localiter
1632 1259 129 50 inter
1718 1259 100 50 se.
1775 1259 129 50 Minor
1846 1259 115 50 patet.

1101 1301 185 48 Probatur
1239 1301 154 48 maior,
1347 1301 123 48 quia
1424 1301 139 48 sicut
1517 1301 139 48 illa,
1609 1301 123 48 quae
1686 1301 123 48 vni,
1764 1301 77 48 &
1794 1301 139 48 eidem
1871 1301 93 48 sunt

1105 1346 128 45 eadem
1190 1346 128 45 inter
1276 1346 86 45 se
1319 1346 114 45 sunt
1390 1346 143 45 eadem,
1490 1346 86 45 vt
1533 1346 171 45 dicitur.
1661 1346 86 45 1.
1704 1346 171 45 Elencho.
1832 1346 100 45 Sic
1889 1346 128 45 illa,

1101 1385 116 45 quae
1173 1385 116 45 vni,
1245 1385 72 45 &
1274 1385 130 45 eidem
1361 1385 116 45 sunt
1433 1385 145 45 simul,
1534 1385 130 45 inter
1621 1385 87 45 se
1664 1385 116 45 sunt
1737 1385 145 45 simul.
1823 1385 145 45 Falsitas

1113 1426 126 45 tiam
1192 1426 253 45 consequentis
1398 1426 142 45 patet
1493 1426 95 45 de
1540 1426 111 45 se.
1603 1426 174 45 Quamuis
1730 1426 126 45 ista
1809 1426 126 45 sint
1872 1426 95 45 mul-

1101 1462 118 50 tum
1169 1462 236 50 difficilia
1354 1462 219 50 multorum,
1523 1462 84 50 &
1557 1462 203 50 magnorum
1709 1462 203 50 doctorum
1844 1462 135 50 dicta-

1099 1499 127 52 spem
1178 1499 143 52 tamen
1273 1499 174 52 pouendo
1400 1499 95 52 in
1448 1499 174 52 diuinae
1574 1499 222 52 maiestatis
1748 1499 222 52 praesidio,
1907 1499 63 52 ad

1099 1545 132 45 eius
1182 1545 281 45 omnipotentiam
1414 1545 248 45 extollendam
1612 1545 99 45 ad
1661 1545 198 45 praesens
1794 1545 165 45 sustineo

1104 1576 267 56 conclusionem
1321 1576 251 56 praemissam,
1522 1576 84 56 &
1555 1576 150 56 prout
1655 1576 167 56 potero
1772 1576 100 56 ad
1806 1576 150 56 singul

1094 1612 206 53 espondebo.

1136 1629 99 73 Ad
1185 1629 164 73 primum
1300 1629 132 73 ergo
1382 1629 214 73 dicendum,
1547 1629 132 73 quod
1629 1629 148 73 licet
1727 1629 148 73 maior
1826 1629 115 73 sit
1875 1629 99 73 vera

1106 1691 91 55 in
1151 1691 151 55 ordine
1257 1691 91 55 ad
1303 1691 182 55 virtutem
1439 1691 166 55 agentae
1560 1691 166 55 creati:
1681 1691 136 55 tamen
1771 1691 91 55 in
1817 1691 151 55 ordine
1908 1691 61 55 ad

1113 1741 279 50 omnipotentiam
1343 1741 115 50 Dei
1408 1741 115 50 non
1474 1741 115 50 est
1540 1741 148 50 vera:
1638 1741 131 50 quia
1721 1741 181 50 virture
1836 1741 131 50 diuina

1104 1775 147 54 corpus
1207 1775 162 54 Christi
1325 1775 177 54 realiter
1458 1775 147 54 manens
1561 1775 88 54 in
1605 1775 147 54 coelo,
1708 1775 147 54 dictis
1811 1775 147 54 verbis
1899 1775 74 54 con

1102 1814 218 52 secrationis,
1280 1814 164 52 realiter
1402 1814 164 52 praesens
1525 1814 95 52 est
1579 1814 95 52 sub
1634 1814 177 52 speciebus
1770 1814 164 52 hostiae,
1893 1814 68 52 &
1906 1814 55 52 ta

1103 1853 107 48 men
1164 1853 107 48 nec
1225 1853 153 48 corpus
1332 1853 168 48 Christi
1454 1853 198 48 mouebatur
1607 1853 92 48 ad
1652 1853 183 48 species,
1790 1853 107 48 nec
1836 1853 137 48 species

1104 1886 256 57 mouebantur
1305 1886 110 57 ad
1341 1886 128 57 ipsum

1149 1924 85 58 Et
1191 1924 85 58 si
1234 1924 169 58 dicitur,
1361 1924 113 58 quod
1431 1924 99 58 hoc
1488 1924 99 58 fit
1544 1924 169 58 mediante
1671 1924 212 58 conuersione
1827 1924 141 58 substan-

1105 1964 114 55 tiae
1176 1964 128 55 panis
1262 1964 86 55 in
1290 1964 114 55 ipsum.

1147 2006 148 58 Dico,
1245 2006 131 58 quod
1327 2006 148 58 sicut
1426 2006 131 58 Deus
1508 2006 115 58 hoc
1574 2006 115 58 pro
1639 2006 131 58 nunc
1722 2006 148 58 facit
1804 2006 164 58 mediante

1112 2047 226 49 conuersione,
1295 2047 113 49 sic,
1366 2047 85 49 si
1408 2047 155 49 vellet,
1521 2047 141 49 posset
1620 2047 141 49 facere
1718 2047 113 49 sine
1789 2047 113 49 illa
1845 2047 127 49 conuer-

1108 2080 153 62 sione,
1215 2080 122 62 llla
1291 2080 137 62 enini
1382 2080 198 62 conuersio
1535 2080 107 62 non
1596 2080 107 62 est
1657 2080 137 62 causa
1748 2080 214 62 intrinseca
1901 2080 76 62 il-

1117 2122 96 50 ius
1172 2122 137 50 realis
1268 2122 205 50 praesentiae
1432 2122 164 50 corporis
1554 2122 150 50 Christi
1664 2122 82 50 in
1691 2122 123 50 altari.

1158 2159 116 51 Quod
1231 2159 145 51 patet:
1333 2159 116 51 quia
1405 2159 174 51 cessante
1536 2159 131 51 causa
1623 2159 218 51 intrinseca,
1798 2159 116 51 tunc
1856 2159 116 51 cessat

1119 2206 193 49 tausatum,
1268 2206 134 49 cuius
1357 2206 104 49 est
1416 2206 149 49 causa:
1520 2206 104 49 sed
1580 2206 119 49 illa
1654 2206 193 49 conuersio
1803 2206 178 49 transit,
1921 2206 45 49 &

1107 2245 150 48 cessat
1212 2245 135 48 esse,
1302 2245 165 48 manente
1422 2245 135 48 reali
1512 2245 210 48 praesentia
1677 2245 180 48 corporis
1812 2245 165 48 Christi
1917 2245 60 48 in

1119 2276 149 60 ltari.
1223 2276 104 60 Sed
1283 2276 134 60 licet
1372 2276 119 60 Deus
1446 2276 104 60 non
1506 2276 149 60 possit
1610 2276 149 60 ponere
1714 2276 179 60 effectum
1848 2276 89 60 in
1878 2276 89 60 esse

1110 2328 116 43 sine
1183 2328 116 43 suis
1256 2328 145 43 causis
1357 2328 232 43 intrinsecis:
1546 2328 116 43 quia
1619 2328 102 43 hoc
1677 2328 203 43 implicaret
1822 2328 145 43 contradi

1115 2358 194 52 ctionem,
1261 2358 146 52 puta,
1358 2358 178 52 hominem
1487 2358 130 52 esse
1568 2358 130 52 sine
1649 2358 146 52 forma
1746 2358 178 52 humana,
1876 2358 81 52 &
1892 2358 81 52 ma-

1120 2401 135 43 eria
1205 2401 186 43 humana,
1340 2401 152 43 tamen
1441 2401 219 43 quemlibet
1610 2401 203 43 effectum
1761 2401 169 43 potest
1863 2401 101 43 Deus

1115 2442 152 51 ponere
1221 2442 91 51 in
1266 2442 121 51 esse
1342 2442 197 51 immediate
1494 2442 106 51 per
1555 2442 167 51 seipsum
1676 2442 121 51 sine
1752 2442 136 51 causa
1828 2442 136 51 simpli-

1116 2478 131 46 citer
1203 2478 218 46 extrinseca:
1377 2478 116 46 Ergo
1449 2478 116 46 Sine
1522 2478 116 46 tali
1594 2478 218 46 conuersione
1768 2478 145 46 posset
1870 2478 131 46 Deus,

1110 2521 90 41 Si
1155 2521 165 41 vellet,
1275 2521 150 41 corpus
1379 2521 180 41 Christi,
1514 2521 75 41 &
1544 2521 195 41 quodlibet
1694 2521 135 41 aliud
1783 2521 150 41 corpus
1873 2521 105 41 pone-

1120 2557 87 58 te
1163 2557 87 58 in
1206 2557 145 58 multis
1308 2557 145 58 locis,
1409 2557 72 58 &
1438 2557 101 58 hoc
1496 2557 116 58 sine
1568 2557 116 58 motu
1640 2557 159 58 proprie
1756 2557 145 58 dicto,
1857 2557 145 58 Sicut,

1110 2592 121 56 nunc
1186 2592 137 56 facit
1277 2592 91 56 de
1322 2592 167 56 corpore
1428 2592 137 56 Christi

1126 2631 89 49 Et
1171 2631 119 49 ista
1245 2631 163 49 videtur
1364 2631 119 49 esse
1438 2631 178 49 intentio
1572 2631 163 49 Hugonis
1691 2631 89 49 de
1735 2631 149 49 sancto
1824 2631 149 49 victore,

1105 2655 115 76 lib.
1177 2655 87 76 3.
1220 2655 87 76 de
1263 2655 231 76 sacramentis,
1451 2655 101 76 vbi
1508 2655 115 76 ait,
1581 2655 115 76 quod
1653 2655 130 76 Deus,
1739 2655 101 76 qui
1797 2655 144 76 fecit;
1883 2655 87 76 quod

1121 2714 145 49 torpus
1223 2714 116 49 vnum
1296 2714 87 49 in
1339 2714 102 49 vno
1397 2714 116 49 loco
1470 2714 145 49 esset,
1571 2714 145 49 fecit,
1673 2714 87 49 vt
1716 2714 160 49 voluit,
1832 2714 73 49 &
1861 2714 87 49 Si
1890 2714 73 49 vo-

1115 2744 165 56 luisset,
1239 2744 137 56 aliter
1335 2744 137 56 facere
1417 2744 151 56 potuisset

1154 2785 143 58 Etiam
1249 2785 143 58 minor
1345 2785 111 58 non
1408 2785 111 58 est
1472 2785 238 58 vsquequaque
1662 2785 143 58 vera.
1758 2785 95 58 Et
1805 2785 111 58 cum
1853 2785 111 58 proba

1117 2832 129 43 tur,
1197 2832 129 43 quod
1278 2832 193 43 terminus
1423 2832 80 43 a
1455 2832 129 43 quo,
1535 2832 80 43 &
1568 2832 97 43 ad
1616 2832 129 43 quem
1696 2832 113 43 non
1761 2832 177 43 possunt
1873 2832 97 43 esse

1115 2874 155 42 simul,
1223 2874 264 42 distinguendum
1440 2874 109 42 est
1502 2874 93 42 de
1549 2874 171 42 termino
1673 2874 78 42 a
1704 2874 124 42 quo:
1781 2874 124 42 quia
1859 2874 109 42 vno
1905 2874 62 42 mo

1115 2906 91 52 do
1160 2906 213 52 appellatur
1328 2906 183 52 terminus
1465 2906 76 52 a
1495 2906 107 52 quo
1556 2906 152 52 ipsius
1663 2906 137 52 motus
1754 2906 198 52 sequentis
1891 2906 76 52 il-

1115 2947 123 44 lud,
1191 2947 123 44 quod
1268 2947 215 44 acquisitum
1437 2947 107 44 est
1498 2947 107 44 per
1559 2947 138 44 motum
1651 2947 261 44 praecedentem,
1866 2947 77 44 &
1881 2947 92 44 hoc-

1118 2986 217 52 improprie:
1288 2986 124 52 quia
1365 2986 108 52 non
1427 2986 139 52 habet
1520 2986 186 52 rationem
1659 2986 170 52 termini
1783 2986 77 52 a
1814 2986 124 52 quo,
1876 2986 93 52 nisi

1110 3030 136 48 quia
1195 3030 221 48 praecedit
1365 3030 153 48 ipsum
1467 3030 170 48 motum,
1586 3030 85 48 &
1620 3030 238 48 perficitur
1790 3030 187 48 quandoque

1121 3071 111 53 per
1185 3071 159 53 ipsum,
1296 3071 143 53 Sicut
1391 3071 175 53 apparet
1518 3071 95 53 in
1566 3071 127 53 motu
1645 3071 207 53 augmenti,
1804 3071 79 53 &
1836 3071 143 53 alter
1915 3071 64 53 a4
