2373 3563
207 287 108 64 tis
268 287 92 64 ex
314 287 215 64 precedenti
483 287 215 64 quaestione
653 287 92 64 ad
699 287 138 64 istam
791 287 185 64 materiam
914 287 154 64 spectan-

210 342 149 49 tibus,
314 342 89 49 ad
359 342 179 49 praesens
493 342 164 49 quatuor
612 342 119 49 sunt
686 342 179 49 videnda.
820 342 134 49 Primo
909 342 134 49 vtrum
984 342 89 49 cor-

218 382 102 43 pus
277 382 161 43 Christi
394 382 176 43 realiter
526 382 219 43 contineatur
701 382 102 43 sub
760 382 205 43 praedictis
906 382 161 43 speciebus

216 411 172 51 Secundo
341 411 141 51 vtrum
435 411 109 51 sub
498 411 172 51 propria
623 411 109 51 sua
685 411 219 51 quantitate
857 411 109 51 ibi
904 411 172 51 continea-

213 462 120 48 tur.
288 462 151 48 Tertio
394 462 135 48 vtrum
484 462 105 48 sub
544 462 181 48 qualibet
680 462 196 48 particula
830 462 166 48 hostiae
951 462 120 48 vere
1011 462 60 48 ha

211 492 133 64 beat
294 492 133 64 esse
377 492 149 64 totum
477 492 166 64 corpus
593 492 199 64 Christi.
742 492 166 64 Quarto
858 492 149 64 vtrum
958 492 100 64 ad
991 492 83 64 mo-

213 536 109 55 tum
276 536 172 55 hostiae
401 536 125 55 vere
479 536 187 55 moueatur
619 536 156 55 corpus
713 536 156 55 Christi.

360 617 549 50 RESOLVTI
726 617 183 50 O.

209 701 79 54 Et
248 701 79 54 si
288 701 145 54 christi
393 701 132 54 corpus
486 701 145 54 peracta
591 701 224 54 consecratione
776 701 92 54 sub
828 701 171 54 speclebus
960 701 119 54 panis
1026 701 53 54 ac

258 752 102 51 vini
322 752 128 51 locali
411 752 191 51 continentia
565 752 102 51 haud
628 752 153 51 realiter
743 752 102 51 esse
807 752 191 51 veperiatur:
960 752 89 51 sub
998 752 77 51 usdi

254 792 117 48 tamen
332 792 78 48 sp
371 792 143 48 eciebut
475 792 208 48 praesentiali
644 792 182 48 cotinentia
786 792 156 48 vealiter
903 792 169 48 contineri
1020 792 65 48 fi-

243 819 93 59 de
273 819 217 59 comprabatur.

267 898 644 79 ARTICVLVSI

196 976 155 89 Vtrum
299 976 172 89 corpus
419 976 189 89 christi
557 976 206 89 vealiter
711 976 258 89 contineatur
917 976 120 89 sub
969 976 103 89 spe-

466 1044 165 64 ciebus
582 1044 165 64 panis,
698 1044 83 64 &
714 1044 116 64 vini-

247 1128 168 52 VANTVM
365 1128 101 52 ad
415 1128 168 52 primum
533 1128 118 52 est
600 1128 269 52 aduertendum,
818 1128 134 52 quod
902 1128 168 52 duplex
1003 1128 67 52 es

266 1173 236 44 continentia,
458 1173 177 44 scilicet
591 1173 177 44 localis:
724 1173 74 44 &
739 1173 236 44 praesentialis.

250 1209 101 44 Et
301 1209 201 44 secundum
451 1209 117 44 hoc
519 1209 134 44 pono
602 1209 134 44 duas
669 1209 252 44 conclusiones.

248 1248 136 53 Prima
338 1248 120 53 est,
414 1248 120 53 quod
489 1248 151 53 corpus
594 1248 166 53 Christi
715 1248 105 53 sub
775 1248 196 53 speciebus
925 1248 136 53 panis
1001 1248 75 53 non

213 1291 214 52 continetur
381 1291 183 52 realiter
518 1291 229 52 continentia
686 1291 122 52 locali

244 1327 80 52 1
276 1327 127 52 Quia
355 1327 143 52 omne,
451 1327 127 52 quod
530 1327 111 52 sic
594 1327 239 52 continetur,
785 1327 111 52 hoc
848 1327 143 52 habet
944 1327 127 52 esse
1007 1327 80 52 lo-

216 1368 164 42 caliter
336 1368 90 42 in
380 1368 105 42 suo
440 1368 224 42 continente:
620 1368 105 42 sed
679 1368 149 42 corpus
784 1368 164 42 Christi
904 1368 105 42 non
963 1368 105 42 est
1008 1368 75 42 lo-

214 1409 160 48 caliter
331 1409 102 48 sub
389 1409 131 48 illis
477 1409 204 48 speciebus:
637 1409 117 48 ergo
710 1409 102 48 &c.
769 1409 131 48 Maior
856 1409 146 48 patet.
944 1409 131 48 Minorem

223 1446 162 43 probo:
336 1446 129 43 quia
417 1446 162 43 illud,
530 1446 129 43 quod
611 1446 113 43 non
675 1446 275 43 commensuratur
885 1446 194 43 aequaliter

210 1489 102 47 ei,
269 1489 73 47 a
298 1489 102 47 quo
356 1489 218 47 continetur,
530 1489 102 47 hoc
588 1489 102 47 non
646 1489 102 47 est
704 1489 189 47 localiter
850 1489 87 47 in
893 1489 102 47 eo:
951 1489 102 47 sed
995 1489 87 47 cor-

227 1531 97 46 us
275 1531 177 46 Christi
404 1531 113 46 non
469 1531 274 46 commensuratur
694 1531 226 46 aequaliter
872 1531 210 46 speciebus
1017 1531 64 46 pa

217 1567 121 43 nis:
293 1567 121 43 quia
369 1567 152 43 maius,
475 1567 76 43 &
505 1567 137 43 minus
596 1567 106 43 non
657 1567 121 43 sunt
733 1567 213 43 aequaliter
900 1567 91 43 ad
945 1567 167 43 inuicem

219 1603 257 51 commensurata:
430 1603 106 51 sed
491 1603 151 51 corpus
596 1603 166 51 Christi
717 1603 106 51 est
777 1603 136 51 maius
868 1603 136 51 illis
943 1603 136 51 specie-

220 1644 122 50 bus:
296 1644 122 50 ergo
357 1644 61 50 &c

228 1681 78 48 2
260 1681 218 48 Praeterea,
431 1681 124 48 quod
508 1681 155 48 locali
617 1681 233 48 continentia
804 1681 93 48 ab
850 1681 155 48 aliquo
944 1681 124 48 conti-

218 1719 150 47 netur,
323 1719 105 47 hoc
383 1719 105 47 suo
444 1719 211 47 continenti
609 1719 256 47 configuratur,
819 1719 105 47 vel
880 1719 150 47 saltem
970 1719 105 47 confi

228 1759 132 55 gurat
317 1759 118 55 sibi
390 1759 206 55 continens:
552 1759 103 55 sed
611 1759 147 55 corpus
714 1759 162 55 Christi
832 1759 103 55 nec
876 1759 191 55 configuratu

220 1804 194 51 speciebus
369 1804 224 51 sacramenti,
548 1804 104 51 nec
608 1804 209 51 configurat
772 1804 119 51 sibi
846 1804 194 51 huiusmodi
981 1804 89 51 spe-

224 1838 124 52 cies:
307 1838 110 52 ergo
376 1838 97 52 &c.
431 1838 124 52 Maior
514 1838 138 52 patet:
611 1838 110 52 quia
680 1838 83 52 si
721 1838 138 52 corpus
818 1838 179 52 contentum
956 1838 97 52 est
997 1838 83 52 mol-

223 1879 120 46 lius
298 1879 224 46 continente,
477 1879 120 46 tunc
552 1879 239 46 configuratur
747 1879 105 46 suo
807 1879 224 46 continenti:
971 1879 105 46 sicut

222 1918 151 47 apparet
332 1918 151 47 liquore
441 1918 137 47 infuso
537 1918 137 47 alicui
633 1918 123 47 vasi:
715 1918 82 47 si
756 1918 123 47 autem
838 1918 96 47 est
893 1918 151 47 durius,
989 1918 82 47 tun-

218 1955 217 52 configurat
389 1955 124 52 sibi
467 1955 217 52 continens:
637 1955 140 52 sicut
730 1955 171 52 apparet
854 1955 93 52 de
901 1955 171 52 homine,
1009 1955 78 52 qui

221 1998 219 48 continetur
394 1998 94 48 in
440 1998 141 48 aere.
534 1998 141 48 Minor
628 1998 141 48 etiam
722 1998 141 48 patet
816 1998 94 48 de
847 1998 63 48 se

252 2034 167 43 Secunda
373 2034 197 43 conclusio
525 2034 122 43 est,
601 2034 122 43 quod
677 2034 152 43 corpus
783 2034 167 43 Christi
905 2034 106 43 sub
950 2034 122 43 specis

225 2076 107 52 bus
286 2076 138 52 panis
378 2076 214 52 continetur
546 2076 184 52 realiter
684 2076 229 52 continentia
852 2076 214 52 praesentiali

217 2117 122 42 quia
293 2117 183 42 quicquid
430 2117 137 42 infra
521 2117 168 42 ambitum
643 2117 183 42 alicuius
781 2117 107 42 est
841 2117 183 42 realiter
963 2117 107 42 prae-

226 2148 122 51 ens,
302 2148 106 51 hoc
363 2148 213 51 continetur
530 2148 91 51 ab
575 2148 91 51 eo
621 2148 228 51 continentia
803 2148 258 51 praesentiali:
1001 2148 76 51 sed

225 2191 151 50 verbis
330 2191 271 50 consecrationis
557 2191 166 50 dictis,
677 2191 121 50 tunc
752 2191 136 50 infra
843 2191 166 50 ambitum
948 2191 121 50 quanti

222 2230 135 54 tatis
312 2230 150 54 ipsius
417 2230 135 54 panis
507 2230 180 54 conuersi
642 2230 90 54 in
687 2230 150 54 corpus
792 2230 165 54 Christi
912 2230 135 54 ipsum
987 2230 90 54 cor-

225 2275 99 49 pus
281 2275 155 49 Christi
394 2275 99 49 est
450 2275 169 49 realiter
577 2275 183 49 praesens:
718 2275 113 49 ergo
788 2275 99 49 &c.
845 2275 127 49 Maior
929 2275 141 49 patet.
1014 2275 70 49 Mi-

224 2308 134 51 norem
313 2308 164 51 tenemus
433 2308 194 51 catholica
582 2308 134 51 fide,
671 2308 104 51 cui
731 2308 134 51 nefas
820 2308 104 51 est
865 2308 223 51 contradicere.

220 2352 101 47 Ad
271 2352 151 47 istam
371 2352 268 47 conclusionem
589 2352 218 47 probandam
757 2352 117 47 non
824 2352 201 47 attingit
959 2352 117 47 ratio

216 2390 117 49 nisi
290 2390 191 49 supposita
436 2390 132 49 fide:
524 2390 117 49 ideo
598 2390 103 49 non
656 2390 147 49 adduco
759 2390 147 49 plures
847 2390 161 49 rationes.

269 2426 109 48 OED
332 2426 140 48 Forte
425 2426 187 48 dicetur,
566 2426 125 48 quod
644 2426 125 48 ista
721 2426 171 48 secunda
846 2426 203 48 conclusio
986 2426 94 48 con-

227 2470 179 52 tradicit
362 2470 164 52 primae:
481 2470 120 52 quia
556 2470 194 52 cuicumque
705 2470 194 52 corporali
855 2470 209 52 quantitati
1004 2470 75 52 con

235 2505 83 47 us
277 2505 152 47 aliquod
387 2505 97 47 est
442 2505 166 47 realiter
566 2505 179 47 praesens,
705 2505 83 47 in
746 2505 110 47 illa
815 2505 152 47 videtur
925 2505 110 47 esse
981 2505 110 47 locali

223 2554 114 40 ter:
294 2554 99 40 sed
351 2554 185 40 speciebus
493 2554 142 40 panis,
592 2554 114 40 quae
663 2554 114 40 sunt
734 2554 142 40 realis
834 2554 185 40 quantitas
961 2554 114 40 corpo.

226 2585 98 46 ris
282 2585 168 46 Christi,
408 2585 98 46 est
464 2585 168 46 realiter
590 2585 182 46 praesens,
729 2585 84 46 vt
771 2585 126 46 dicit
855 2585 154 46 secunda
953 2585 126 46 conclu-

222 2622 117 49 sio:
295 2622 117 49 ergo
368 2622 204 49 continetur
529 2622 88 49 in
572 2622 102 49 eis
631 2622 204 49 localiter,
791 2622 131 49 cuius
879 2622 190 49 oppositum
1010 2622 73 49 di-

228 2664 118 48 cit,
302 2664 133 48 prima
391 2664 207 48 contlusio.
554 2664 133 48 Maior
642 2664 148 48 patet:
746 2664 118 48 quia
820 2664 192 48 vbicumque
968 2664 104 48 est
1012 2664 74 48 ali

228 2713 114 42 quod
299 2713 142 42 corpus
399 2713 171 42 realiter
527 2713 185 42 praesens,
669 2713 100 42 ibi
726 2713 100 42 est
783 2713 100 42 sua
840 2713 142 42 realis
925 2713 157 42 quantitas

221 2742 109 51 qua
284 2742 202 51 huiusmodi
439 2742 155 51 corpus
548 2742 264 51 commensuratur
765 2742 109 51 ei,
827 2742 109 51 cui
889 2742 186 51 praesens
1013 2742 78 51 est

226 2782 76 52 &
256 2782 106 52 per
317 2782 212 52 consequens
483 2782 121 52 erit
559 2782 197 52 localiter
710 2782 91 52 in
755 2782 106 52 eo.
816 2782 136 52 Minor
907 2782 136 52 etiam
982 2782 106 52 patet

228 2823 95 51 ex
276 2823 175 51 secunda
387 2823 222 51 conclusione.

269 2855 74 53 2
299 2855 206 53 Praeterea,
461 2855 88 53 si
505 2855 147 53 corpus
608 2855 162 53 Christi
726 2855 236 53 praesentiali
903 2855 192 53 continentia

229 2899 107 54 sub
290 2899 138 54 illis
382 2899 199 54 speciebus
536 2899 230 54 continetur,
720 2899 123 54 tunc
796 2899 138 54 maius
889 2899 215 54 continetur
1042 2899 46 54 a

228 2942 168 54 minori:
350 2942 107 54 nam
411 2942 153 54 corpus
518 2942 168 54 Christi
640 2942 107 54 est
701 2942 137 54 maius
793 2942 168 54 talibus
900 2942 183 54 speciebus.

226 2984 134 51 ergo
293 2984 84 51 &c.

265 3010 72 62 3
293 3010 201 62 Praeterea,
451 3010 115 62 idem
523 3010 172 62 distaret
652 3010 72 62 a
681 3010 143 62 seipso
781 3010 186 62 realiter,
910 3010 172 62 Consequens

238 3058 106 47 est
298 3058 166 47 falsum:
419 3058 121 47 quia
495 3058 121 47 idem
571 3058 106 47 non
631 3058 182 47 refertur
767 3058 197 47 oppositis
903 3058 182 47 relationi-

229 3095 110 47 bus:
298 3095 96 47 sed
353 3095 152 47 distans
463 3095 152 47 dicitur
574 3095 69 47 a
601 3095 165 47 distante
725 3095 165 47 distans:
849 3095 124 47 sicut
932 3095 138 47 simile
1014 3095 83 47 simi

228 3134 80 58 li
268 3134 147 58 fimile:
374 3134 80 58 si
414 3134 107 58 ergo
481 3134 107 58 idem
548 3134 133 58 distat
641 3134 67 58 a
668 3134 147 58 seipso:
775 3134 173 58 sequitur,
908 3134 107 58 quod
975 3134 107 58 idem
1028 3134 67 58 re

1107 301 160 61 fertur
1219 301 144 61 simul
1315 301 208 61 oppositis
1476 301 257 61 relationibus
1684 301 257 61 Consequentia
1877 301 96 61 etia

1121 353 126 46 atet:
1205 353 112 46 quia
1275 353 84 46 si
1317 353 140 46 corpus
1416 353 154 46 Christi
1528 353 98 46 est
1584 353 168 46 realiter
1710 353 168 46 praesens
1823 353 154 46 speciebus

1109 391 211 49 sacramenti,
1278 391 112 49 tunc
1348 391 169 49 realiter
1474 391 169 49 distabit
1601 391 70 49 a
1629 391 155 49 seipso,
1741 391 84 49 vt
1783 391 126 49 habet
1868 391 112 49 esse
1924 391 56 49 in

1117 428 129 58 coelo,
1207 428 64 58 &
1233 428 77 58 vt
1272 428 90 58 est
1323 428 77 58 in
1362 428 90 58 vno
1414 428 142 58 altari,
1517 428 155 58 distabit
1633 428 64 58 a
1659 428 142 58 seipso,
1762 428 77 58 vt
1800 428 90 58 est
1852 428 77 58 in
1891 428 116 58 alio.

1101 460 113 53 altari.

1171 497 215 58 Praeterea,
1340 497 92 58 in
1386 497 215 58 sacramento
1555 497 184 58 pietatis
1693 497 138 58 nihil
1770 497 215 58 crudelitatis

1108 536 154 64 debet
1210 536 222 64 apparere:
1381 536 120 64 sed
1450 536 256 64 sacramentum
1654 536 171 64 sacrae
1757 536 222 64 communionis

1110 587 106 42 est
1170 587 227 42 sacramentum
1352 587 196 42 pietatis:
1503 587 121 42 ergo
1578 587 196 42 sumptione
1729 587 151 42 illius
1820 587 151 42 sacramen

1104 623 89 52 ti
1149 623 104 52 non
1208 623 134 52 debet
1298 623 208 52 masticari,
1461 623 74 52 &
1491 623 179 52 realiter
1625 623 164 52 laniari
1744 623 149 52 corpus
1833 623 149 52 Christi:

1107 667 121 45 quia
1182 667 151 45 carnes
1288 667 121 45 viui
1363 667 166 45 hominis
1484 667 166 45 laniare
1605 667 136 45 valde
1695 667 166 45 videtur
1816 667 121 45 esse
1876 667 91 45 cru-

1116 701 133 53 dele:
1205 701 104 53 hoc
1264 701 133 53 autem
1353 701 163 53 fieret,
1471 701 89 53 si
1516 701 237 53 contineretur
1708 701 104 53 sub
1767 701 118 53 illo
1826 701 163 53 sacramen-

1108 740 89 47 to
1153 740 222 47 continentia
1315 740 207 47 praesentiali

1136 782 77 45 s
1166 782 215 45 Praeterea,
1336 782 123 45 hoc,
1413 782 123 45 quod
1490 782 108 45 non
1551 782 169 45 prodest
1674 782 169 45 nostrae
1797 782 169 45 saluti,
1905 782 77 45 hoc

1109 821 115 43 non
1174 821 115 43 est
1240 821 198 43 ponendum
1388 821 148 43 circa
1487 821 263 43 sacramentum:
1701 821 115 43 sed
1767 821 165 43 corpus
1866 821 115 43 Chri-

1111 855 119 60 sti,
1186 855 104 60 seu
1245 855 149 60 carnis
1350 855 209 60 praesentia
1514 855 89 60 in
1558 855 119 60 isto
1633 855 209 60 sacramento
1797 855 104 60 non
1842 855 134 60 prodest

1110 901 153 40 nostrae
1221 901 153 40 saluti,
1333 901 125 40 teste
1416 901 195 40 saluatore,
1569 901 97 40 qui
1625 901 153 40 loquens
1736 901 84 40 de
1778 901 111 40 isto
1834 901 139 40 sactamen

1111 941 100 51 to,
1168 941 114 51 ait.
1239 941 171 51 Spiritus
1367 941 114 51 est,
1439 941 100 51 qui
1496 941 200 51 viuificat:
1652 941 114 51 caro
1724 941 128 51 autem
1809 941 100 51 non
1852 941 128 51 prodest

1086 974 209 47 quicquam.

1152 1012 76 52 S
1182 1012 213 52 Praeterea,
1349 1012 106 52 iam
1410 1012 137 52 dicta
1501 1012 137 52 verba
1593 1012 213 52 Saluatoris
1760 1012 182 52 tractans
1882 1012 106 52 Augu-

1115 1042 141 68 stinus
1213 1042 84 68 de
1256 1042 155 68 consec.
1368 1042 155 68 distin.
1481 1042 84 68 2,
1523 1042 127 68 prima
1608 1042 183 68 haeresis,
1749 1042 99 68 sic
1805 1042 113 68 ait.
1875 1042 99 68 Non
1918 1042 70 68 hoc

1106 1096 157 37 corpus
1216 1096 189 37 videtis,
1358 1096 236 37 manducaturi
1547 1096 157 37 estis.
1657 1096 252 37 sacramentum,
1862 1096 126 37 quod
1925 1096 63 37 vo

1111 1129 103 54 bis
1170 1129 221 54 commendaui,
1347 1129 251 54 spiritualiter
1554 1129 221 54 intellectum
1731 1129 221 54 viuificabit
1893 1129 74 54 vos

1114 1173 128 47 caro
1194 1173 144 47 autem
1290 1173 112 47 non
1354 1173 176 47 prodest
1483 1173 208 47 quicquam:
1643 1173 128 47 ergo
1707 1173 80 47 &c.

1147 1208 148 61 lstis
1245 1208 181 61 motiuis
1377 1208 198 61 poterant
1525 1208 148 61 forte
1624 1208 165 61 moueri
1739 1208 165 61 quidam
1838 1208 132 61 ponen-

1116 1252 113 51 tes,
1186 1252 113 51 quod
1257 1252 141 51 corpus
1356 1252 155 51 Christi
1469 1252 99 51 non
1525 1252 99 51 est
1582 1252 169 51 realiter
1709 1252 169 51 praesens
1822 1252 155 51 speciebus

1110 1289 249 47 eucharistiae:
1315 1289 102 47 sed
1374 1289 132 47 solum
1461 1289 263 47 significatiuc.
1681 1289 117 47 Vnde
1754 1289 175 47 secundum
1871 1289 102 47 istos

1107 1326 121 56 haec
1183 1326 212 56 proposito,
1349 1326 106 56 qua
1410 1326 182 56 Christus
1547 1326 152 56 dixit,
1653 1326 106 56 hoc
1713 1326 106 56 est
1774 1326 152 56 corpus
1865 1326 106 56 meum,

1110 1367 133 61 solum
1199 1367 118 61 fuit
1273 1367 118 61 vera
1347 1367 222 61 figuratiue:
1524 1367 133 61 sicut
1613 1367 133 61 haec,
1701 1367 103 61 qua
1760 1367 148 61 dixit,
1864 1367 103 61 ego
1908 1367 74 61 sum

1114 1408 122 50 vitis
1196 1408 122 50 vera,
1277 1408 95 50 vel
1331 1408 244 50 significatiue:
1535 1408 122 50 sicut
1616 1408 122 50 haec,
1697 1408 95 50 qua
1752 1408 136 50 dixit,
1846 1408 122 50 petra
1914 1408 68 50 au-

1109 1442 109 52 tem
1172 1442 125 52 erat
1234 1442 172 52 Christus.

1138 1481 110 55 Sed
1201 1481 142 55 istud
1296 1481 110 55 est
1359 1481 205 55 erroneum,
1516 1481 79 55 &
1547 1481 220 55 haereticum
1720 1481 173 55 dicere,
1846 1481 126 55 quod
1909 1481 79 55 pa-

1108 1523 108 57 tet
1169 1523 93 57 ex
1216 1523 278 57 determinatione
1448 1523 170 57 sanctae
1571 1523 155 57 matris
1680 1523 217 57 ecclesiae,
1850 1523 139 57 extra
1927 1523 62 57 de

1113 1562 100 59 sum
1170 1562 114 59 tri.
1241 1562 72 59 &
1270 1562 114 59 fide
1342 1562 172 59 catholi.
1470 1562 86 59 c.
1513 1562 172 59 Firmiter
1642 1562 186 59 credimus:
1785 1562 100 59 vbi
1828 1562 143 59 expresse

1113 1603 180 56 dicitur,
1248 1603 120 56 quod
1323 1603 150 56 corpus
1428 1603 165 56 Christi
1548 1603 135 56 verum
1638 1603 180 56 realiter
1773 1603 180 56 praesens
1893 1603 75 56 ess

1117 1649 72 50 n
1145 1649 116 50 ipsa
1218 1649 231 50 eucharistia.
1405 1649 130 50 Patet
1492 1649 130 50 etiam
1579 1649 87 50 de
1622 1649 144 50 conse.
1723 1649 130 50 dist.
1810 1649 87 50 2.
1853 1649 101 50 ego
1896 1649 87 50 Dere

1115 1685 177 49 garius,
1244 1685 113 49 vbi
1308 1685 242 49 berengarius
1502 1685 97 49 de
1551 1685 129 49 ista
1631 1685 177 49 opinone
1760 1685 177 49 errorem
1873 1685 97 49 suum

1114 1727 165 47 publice
1234 1727 211 47 confitetur
1400 1727 135 47 coram
1490 1727 120 47 Papa
1565 1727 180 47 Nicolao,
1700 1727 75 47 &
1730 1727 150 47 alijs.
1836 1727 120 47 115.
1896 1727 75 47 Epi

1110 1761 155 52 scopis.
1223 1761 127 52 Etiam
1307 1761 141 52 contra
1406 1761 141 52 istius
1505 1761 155 52 etroris
1618 1761 240 52 palliationem,
1815 1761 99 52 qua
1871 1761 127 52 dici

1120 1803 107 46 ur,
1181 1803 183 46 Christum
1318 1803 168 46 locutum
1440 1803 153 46 fuisse
1547 1803 244 46 figuraliter,
1746 1803 107 46 cum
1807 1803 153 46 dixit,
1899 1803 76 46 hoc

1106 1841 110 46 est
1169 1841 157 46 corpus
1279 1841 141 46 meum,
1373 1841 78 46 &
1404 1841 157 46 beatus
1514 1841 235 46 Augustinus.
1702 1841 110 46 83.
1764 1841 110 46 q4.
1827 1841 110 46 vbi
1874 1841 94 46 ait,

1117 1877 258 55 Vniuersaliter
1330 1877 228 55 intellectus
1512 1877 182 55 verborum
1649 1877 182 55 Christi,
1786 1877 91 55 an
1816 1877 152 55 loquatur

1105 1911 216 55 figuratiue,
1278 1911 87 55 an
1321 1911 115 55 non,
1393 1911 159 55 colligi
1508 1911 144 55 potest
1609 1911 87 55 ex
1653 1911 274 55 praecedentibus,
1883 1911 72 55 &
1898 1911 72 55 con

1115 1965 214 44 sequentibus
1286 1965 157 44 ibidem,
1400 1965 100 44 vel
1457 1965 86 44 ex
1500 1965 128 44 alijs
1586 1965 128 44 locis
1671 1965 214 44 scripturae.
1843 1965 114 44 Vnde
1900 1965 71 44 cum

1119 1992 175 52 Christus
1251 1992 117 52 ait:
1324 1992 102 52 ego
1382 1992 102 52 sum
1441 1992 131 52 vitis
1528 1992 131 52 vera,
1616 1992 204 52 subiunxit,
1776 1992 73 52 &
1805 1992 102 52 vos
1849 1992 117 52 palmi-

1116 2038 126 50 tes,
1195 2038 173 50 Constat
1321 2038 158 50 autem,
1431 2038 126 50 quod
1510 2038 205 50 discipuli
1668 2038 110 50 non
1731 2038 142 50 erant
1809 2038 158 50 palmites

1108 2079 208 53 naturales,
1272 2079 104 53 sed
1331 2079 149 53 tantum
1435 2079 238 53 figuraliter.
1628 2079 104 53 Sed
1688 2079 104 53 cum
1747 2079 149 53 dicit,
1851 2079 104 53 hoc
1896 2079 74 53 est

1104 2117 154 49 corpus
1211 2117 138 49 meum,
1304 2117 169 49 subdit,
1427 2117 123 49 quod
1504 2117 108 49 pro
1565 2117 138 49 vobis
1657 2117 200 49 tradetur,
1811 2117 108 49 cum
1857 2117 108 49 etiam

1118 2150 165 56 dixisset
1242 2150 96 56 hic
1297 2150 96 56 est
1352 2150 124 56 calix
1435 2150 179 56 sanguinis
1572 2150 110 56 mei,
1641 2150 151 56 subdit,
1751 2150 96 56 qui
1806 2150 96 56 pro
1861 2150 138 56 vobis,

1107 2187 79 53 &
1139 2187 111 53 pro
1202 2187 159 53 multis
1314 2187 238 53 effundetur,
1504 2187 111 53 sed
1568 2187 159 53 planum
1679 2187 127 53 est,
1759 2187 127 53 quod
1822 2187 159 53 Christus

1116 2237 108 42 uum
1177 2237 155 42 verum,
1286 2237 77 42 &
1317 2237 186 42 naturale
1456 2237 155 42 corpus
1564 2237 186 42 tradidit
1704 2237 108 42 pro
1766 2237 155 42 nobis,
1874 2237 77 42 &
1890 2237 77 42 suu

1111 2272 198 48 naturalem
1263 2272 198 48 sanguinem
1416 2272 168 48 effudit
1538 2272 107 48 pro
1599 2272 153 48 nobis:
1706 2272 122 48 ergo
1782 2272 137 48 licet
1858 2272 122 48 figura

1108 2306 135 56 liter
1198 2306 210 56 loqueretur
1362 2306 105 56 cum
1422 2306 150 56 dixit,
1527 2306 105 56 ego
1587 2306 105 56 sum
1647 2306 135 56 vitis
1737 2306 135 56 vera:
1826 2306 135 56 tamen
1901 2306 75 56 non

1118 2346 191 61 loquebatur
1268 2346 218 61 figuraliter,
1446 2346 95 61 sed
1500 2346 177 61 realiter,
1637 2346 95 61 cum
1691 2346 136 61 dixit:
1787 2346 95 61 hoc
1841 2346 95 61 est
1882 2346 82 61 conn

1120 2387 136 47 pus
1178 2387 116 47 meum

1153 2421 98 59 Ad
1202 2421 164 59 primum
1317 2421 131 59 ergo
1399 2421 213 59 dicendum,
1563 2421 131 59 quod
1645 2421 148 59 maior
1743 2421 115 59 non
1809 2421 115 59 est
1858 2421 115 59 vera-

1113 2464 99 47 Ad
1162 2464 246 47 probationem
1359 2464 214 47 dicendum,
1523 2464 131 47 quod
1606 2464 148 47 licet
1704 2464 164 47 corpus
1819 2464 115 47 per
1868 2464 99 47 suam

1129 2508 226 54 uantitatem
1306 2508 274 54 quantitatiue,
1532 2508 113 54 seu
1597 2508 129 54 modo
1678 2508 258 54 quantitatiuo
1871 2508 97 54 exi-

1115 2549 126 48 stens
1199 2549 168 48 praesens
1325 2549 154 48 alicui,
1438 2549 239 48 commensuretur
1634 2549 98 48 ei,
1690 2549 98 48 cui
1746 2549 98 48 est
1803 2549 168 48 presens:
1915 2549 56 48 ta

1111 2590 113 51 men
1175 2590 113 51 hoc
1240 2590 113 51 non
1305 2590 226 51 contingit,
1482 2590 97 51 si
1531 2590 210 51 quantitas
1692 2590 113 51 est
1757 2590 113 51 ibi
1822 2590 113 51 non
1870 2590 97 51 modo

1123 2622 246 50 quantitatiuo:
1325 2622 101 50 Sic
1383 2622 130 50 autem
1470 2622 101 50 est
1528 2622 87 50 in
1556 2622 174 50 proposito.

1140 2664 127 48 Quia
1220 2664 143 48 sicut
1315 2664 143 48 dicit
1410 2664 159 48 frater
1522 2664 191 48 Aegidius
1665 2664 95 48 in
1713 2664 143 48 primo
1808 2664 111 48 suo
1856 2664 127 48 quoli-

1120 2700 89 53 be
1165 2700 74 53 t
1194 2700 208 53 quaestione
1357 2700 163 53 quarta,
1476 2700 193 53 quantitas
1624 2700 178 53 corporis
1758 2700 163 53 Christi
1876 2700 89 53 in
1906 2700 74 53 sa-

1120 2745 191 54 cramento
1263 2745 127 54 isto
1343 2745 111 54 non
1406 2745 111 54 est
1470 2745 127 54 modo
1550 2745 270 54 quantitatiuo:
1772 2745 127 54 quia
1852 2745 111 54 est
1899 2745 80 54 ibi

1120 2781 180 53 mediante
1255 2781 224 53 substantia:
1434 2781 75 53 &
1464 2781 120 53 ideo
1539 2781 135 53 sicut
1629 2781 105 53 cum
1689 2781 210 53 substantia
1853 2781 105 53 est
1898 2781 75 53 ali

1116 2820 126 52 cubi
1195 2820 189 52 mediante
1337 2820 236 52 quantitate,
1526 2820 126 52 tunc
1605 2820 221 52 substantia
1778 2820 110 52 est
1841 2820 110 52 ibi
1888 2820 95 52 modo

1121 2854 211 52 diuisibili,
1290 2854 98 52 non
1346 2854 183 52 obstante,
1486 2854 112 52 quod
1557 2854 112 52 ipsa
1627 2854 84 52 de
1669 2854 84 52 se
1711 2854 98 52 sit
1753 2854 225 52 indiuisibilis:

1120 2906 106 46 sic
1180 2906 197 46 quantitas
1332 2906 182 46 corporis
1468 2906 166 46 Christi
1589 2906 91 46 in
1634 2906 212 46 sacramento
1801 2906 106 46 est
1861 2906 121 46 modo
1922 2906 61 46 in

1118 2933 198 55 diuisibili,
1276 2933 145 55 quamuis
1382 2933 106 55 ipsa
1448 2933 79 55 de
1487 2933 79 55 se
1527 2933 92 55 sit
1580 2933 238 55 Fadiuisibilis.

1154 2973 110 54 Sed
1217 2973 156 54 contra
1326 2973 141 54 istud
1420 2973 156 54 dictum
1530 2973 188 54 doctoris
1671 2973 172 54 arguunt
1796 2973 156 54 quidam
1890 2973 78 54 sic

1159 3019 77 47 1
1189 3019 232 47 Impossibile
1375 3019 108 47 est
1437 3019 216 47 quantitati
1606 3019 201 47 conuenire
1761 3019 201 47 oppositum
1900 3019 77 47 il-

1120 3053 129 52 lius,
1206 3053 115 52 quod
1277 3053 100 52 est
1335 3053 86 52 de
1377 3053 100 52 sua
1435 3053 158 52 formali
1549 3053 172 52 ratione:
1678 3053 115 52 ergo
1750 3053 215 52 impossibile
1907 3053 72 52 est

1141 3096 220 48 uantitatem
1314 3096 205 48 continuam
1472 3096 126 48 esse
1550 3096 173 48 alicubi
1676 3096 126 48 modo
1739 3096 236 48 indiuisibili-

1121 3134 220 66 Antecedens
1294 3134 157 66 patet,
1405 3134 189 66 Probatur
1546 3134 268 66 consequentia:
1766 3134 126 66 quia
1845 3134 94 66 de
1877 3134 94 66 for
