2964 4255
315 369 1366 493 pro nobis quid inquit augustinus est ipse
325 458 1363 574 spiritus intepellat pro sanctis nisi ipsa
334 528 1362 662 caritas quae in te per spiritum sanctum sancta est
318 599 1363 702 igitur illa caritas non est spiritus aliter
317 662 1348 787 dicetur sanctus ¶ Contra 3m corollarium quia
317 734 1354 864 subiecta horum habituum sunt distincta
308 807 1338 937 igitur et ipsi sunt distincti consequentia patet et
325 876 1339 1014 antecedens probatur quia subiectum inmediatum
316 975 1336 1069 gratiae est essentia animae subiectum caritatis
316 1029 1326 1117 ipsa voluntas igitur ¶ Ad ista respondeo et primo
326 1105 1359 1230 ad primum quando dicitur quod hoc sic in forma
319 1179 1344 1295 positio magistri dico quod 2m expositionem
315 1258 1347 1386 secundum quam magistri positio communiter exponitur
310 1343 1315 1468 quod hoc est falsum primo quia ego non
312 1404 1330 1535 pono spiritum sanctum esse caritate inter
307 1480 1307 1590 informative licet intrinsece ¶ 2o
323 1542 1315 1663 quia ego non nego habitum creatum
325 1618 1339 1719 caritatis sed eum pono utrum autem mater
308 1691 1344 1808 omnem habitum huius negaverit dicit
310 1767 1335 1874 doctor subtilis et thomas de argentinis
306 1827 1344 1953 quod non sicut potest haberi ex multis dictis
310 1901 1349 2020 ipsius distinctione 37 primi et 26 distinctione 2i bene
317 1974 1341 2097 dicit doctor subtilis quod modicum
311 2039 1325 2161 vel nichil differt ab aliis ¶ 2o dico quod
301 2113 1357 2237 ista inconvenientia non secutur ex verbis
325 2193 1306 2311 magistri prima 3a non sicut ostendit egi-
304 2262 1300 2372 dius ubi est dictum / alia 3a
314 2340 1311 2454 non sit ostendit thomas de argentis
290 2389 1311 2522 distinctione ista 17 quaestione 1 articulo 1 ¶ ad rationem
314 2471 1326 2599 contra primum corollarium cum dicitur quod argumentum
305 2550 1340 2663 2m principale sic contra istud quia
322 2624 1353 2743 forma non est remissius forma
313 2693 1299 2809 verum est forte de forma constitui
317 2759 1306 2878 tiva vel informativa sed taliter non
311 2837 1359 2941 est spiritus sanctus menti forma intrinseca
307 2906 1326 3023 ut patet quia spiritus sanctus non inhaeret
311 2972 1333 3092 menti ¶ 2o quod mens non est infini
311 3036 1303 3165 te iusta / 3m quod ibi infertur ad
305 3094 1343 3222 bonum intellectum satis convenienter
290 3175 1300 3306 potest concedi scilicet quod non sit alia sa
305 3253 1325 3349 lus hominis et alia dei licet aliter homo
303 3312 1328 3454 sit salus aliter deus ¶ Ad rationem
1535 353 2490 482 contra 2m corollarium dico cum dicitur quod
1515 441 2481 551 apus conformiter etc dico quod non semper
1517 511 2493 622 sicut patet ex dictis augustini super in 2a
1520 579 2488 694 conclusione / Ad 2m cum dicitur quid est
1510 647 2506 774 ipse spiritus sanctus nisi ipsa caritas
1523 719 2553 812 quae in te facta est ¶ dico primo quod auctori
1527 789 2462 896 tas est informa contra gregorius pro
1516 842 2523 967 magistro quia augustini dicit quod spiritus vel
1522 923 2515 1038 est nisi ipsa caritas in te / 2o di
1516 990 2493 1104 co quod si intelligeretur adhuc de
1505 1064 2497 1182 caritate creata esset contra eum quia
1520 1129 2571 1232 tunc virtute illius dictionis exceptitiae
1528 1201 2529 1294 solum caritas facta esset in mente
1517 1279 2534 1381 / 3o dico quod spiritus sanctus non dicitur
1515 1323 2531 1459 factus vel facta caritas sed facta caritas
1503 1412 2503 1494 vel factus in mente quia incipit
1505 1496 2480 1585 esse caritas mentis et incipit
1500 1551 2487 1665 esse in mente et sic patet quod nichil est
1495 1607 2530 1711 contra magistrum unde multum refert dicere
1498 1702 2476 1812 spiritus sanctus est facta caritas in te
1495 1750 2509 1864 prima enim est falsa et 2a vera sicut faciliter
1496 1821 2461 1931 patet advetere voluntati ¶ ad rationem contra
1501 1898 2461 2011 3m corollarium dico primo quod antecedens est falsum
1498 1950 2466 2082 quia voluntas non est distincta ab
1496 2029 2508 2157 essentia animae saltem realiter / 2o dico
1494 2107 2531 2245 quod consequentia aput eos non valet unde habent
1501 2178 2499 2295 ipsi concedere quod accidens aliquod potest
1480 2267 2490 2376 habere plura substantia et tamen quod idem
1493 2320 2518 2444 numero sic nam secundum eos subiectum immediatum
1493 2406 2522 2523 accdentium est ipsa quantitas et subiectum
1492 2479 2520 2585 principale est substantia et illa distinguunt
1493 2553 2547 2652 inter se et tamen unum et idem subiectum
1478 2616 2514 2729 fundatur in utroque sic similiter super
1498 2685 2542 2803 posito adhuc quod voluntas distingueretur
1478 2757 2531 2884 ab anima posset voluntas esse imme-
1481 2836 2513 2958 diatum esse subiectum gratiae et anima
1487 2907 2537 3031 principale et sic posset utroque nomine
1475 2982 2527 3095 appellari igitur etc ¶ 3a conclusio Caritas crea
1490 3060 2487 3177 tra est habitus super principaliter infusus
1468 3136 2467 3230 a deo actuantem specialiter mentem
1478 3195 2509 3297 eam deo actualiter et deum menti ac
1475 3277 2477 3381 tualiter vel habitualiter ex acceptatione
1481 3337 2484 3463 divina carismans quodlibet melioratum
