2964 4288
493 369 1448 549 operari partialiter concausans Ista conclusio probatur
492 437 1450 641 primo quod sit habitus supernaturaliter infu
487 536 1489 683 sus patet extra de haereticis in clementinis
484 613 1454 763 quod sit a deo actuante mentem
470 677 1459 862 patet quia deus est vita animae
483 742 1470 898 igitur actuat eam consequentia nota antecedens est
496 810 1502 987 beati gregorii super ezech parte 2a omelia 5a
492 892 1470 1056 quod haec caritas actualiter carisirmat
491 979 1458 1128 deo et semper continue satis patet de
513 1047 1473 1183 se et sic videtur salvator di
492 1125 1466 1303 xisse Ego cognosco meas Et
469 1206 1489 1362 Iohannes 13 In finem dilexit eos quod
493 1264 1463 1436 autem deum nolis patet per beatum augustinum
501 1381 1488 1492 in de moribus ecclesiae capitulo 14 per cari
498 1440 1495 1568 tatem fit ut formentur deo et
502 1509 1464 1650 4 de doctrina christiana caritatem
502 1562 1469 1690 vocat motum animi et in libro confessionum
508 1631 1508 1784 pondus meum amor meus mul
502 1719 1465 1857 tae sunt ad hoc auctoritates igitur etc
434 1783 1496 1917 ¶ primum corollarium contra magistrum hugolinus
510 1875 1509 1993 circa distinctione 14 et 4or sequentes Ca
514 1943 1495 2084 ritas creata mentem rationabilem
507 2020 1541 2116 quam informat non semper actualiter
513 2078 1495 2206 inclinat patet ex conclusione Et confirmatur
520 2153 1514 2292 quia caritas creata non inclinat
522 2236 1494 2378 nisi a spiritu sancto mota Etiam 2m
512 2311 1531 2446 eum quia caritas inceata tripliciter
508 2382 1506 2509 caritas creata dupliciter et mens
510 2457 1502 2596 rationalis simpliciter in tali operatione con
501 2536 1499 2665 currit nam caritas in creata uni
500 2614 1489 2760 ficat inclinat et operatur gratia in
498 2693 1480 2816 clinat et operatur potentia solum operatur
497 2754 1498 2914 sed spiritus sanctus non movet actualiter
510 2827 1498 2964 nisi quando vult mente operari secundum quod
505 2894 1507 3061 potest haberi ex illo ezech primo ubi e-
495 2975 1493 3108 rat impetus spiritus illuc gradie-
501 3053 1488 3192 bantur igitur sequitur corollarium ¶ secundum corollarium
484 3109 1508 3259 est domini aegidii et ponit ipsum thomas
482 3194 1445 3338 de argentis quaestione 1 istius distinctione articulo 3o
475 3288 1502 3425 habens caritatem habentis non potest exire
486 3370 1503 3498 eius actum proprium nisi moveat eum
1647 349 2708 549 specialiter spiritus sanctus probatur corollarium per beatum
1643 448 2689 588 augustinum libro primo de verbis deum c sermone
1642 520 2687 682 5 bonum quod facis hominem bonum deus
1634 595 2662 713 est non enim reddit hominem bonum nisi
1643 669 2683 783 iste qui semper bonus est et 2o de libro
1652 723 2701 866 arbitrio nulla res formae se ipsam
1641 799 2666 931 potest ¶ 3m corollarium contra 3m modum quem re-
1664 854 2708 999 citat doctor subtilis in ista distinctione
1660 948 2717 1098 prima et 2a quaestionibus habitus caritatis
1651 1000 2676 1172 creatatae non solum efficit operationem
1654 1087 2658 1206 meliorativam merentis quantum ad in
1665 1153 2671 1290 tensione et gradum sed etiam quantum
1662 1226 2718 1368 ad substantiam et actum patet ex conclusione et dua
1660 1296 2667 1426 bus ultimis particulis specialiter conclusionis pro
1660 1387 2704 1525 quibus et corollario est autoritas adducta
1667 1453 2690 1611 in 3a ratione principali ¶ Contra primum
1668 1536 2700 1693 corollarium Caritas est pondus animae sed pon
1655 1628 2689 1777 dus actualiter praemit et generat igitur
1658 1702 2694 1827 caritas actualiter movet et inclinat
1667 1777 2721 1918 ¶ Contra 2m corollarium arguitur ex dictis got
1666 1860 2719 2021 fridi oppositum tenentis sic habens spiritum
1667 1917 2707 2046 sanctum non indiget speciali motione
1675 1990 2703 2161 spiritus sancti sed habens caritatem habet spiritum
1669 2071 2688 2206 sanctum igitur corollarium falsum maior videtur nota
1661 2133 2673 2271 e minor patet per totum ad Romanos 5 caritas
1654 2221 2736 2357 dei differi ¶ Contra 3m corollarium si caritas
1672 2291 2737 2465 efficit oportet illam meliorativam
1666 2362 2694 2503 cum voluntate vel igitur posterius et hoc non
1678 2448 2728 2604 sicut patet monologion 15 ubi comparat anselmum
1663 2522 2691 2661 gratiam sessori voluntate In mente vel
1675 2614 2679 2729 prius et hoc etiam non quia tunc
1669 2676 2675 2818 habitus uteretur potentia et non potentia habitu
1682 2749 2681 2888 quod est contra rationem habitus vel aeque
1658 2819 2685 2944 et hoc etiam non Cum sint causae parti
1663 2896 2713 3067 ales et aequivoce differentes specie
1678 2971 2670 3102 igitur etc ¶ ad ista respondeo ad primum cum
1654 3049 2697 3178 dicitur caritas est pondus etc sicut
1689 3120 2722 3258 pondus etc dico quod sempe inclinat
1682 3196 2682 3303 actu vel habitu et hoc sufficit
1691 3275 2704 3392 sic videtur augustinus intellixisse unde
1672 3322 2747 3479 ibidem ea feror quaecumque feror
