2964 4300
296 370 1351 492 non dixit semper feror ¶ Ad rationem
312 448 1320 592 contra 2m cum dicitur habens spiritum dico quod
309 529 1353 656 spiritus sanctus potest haberi quasi habitualiter
299 604 1300 732 non tamen dico per modum habitus et potest
277 675 1353 770 haberi motive actualiter si primo modo
299 757 1360 873 intelligitur nego maiorem si 2o modo concedo
299 829 1329 947 totam rationem quia illa est motio
287 899 1338 1028 et habitio de qua ego tum istis doc
298 973 1351 1080 toribus loquor ¶ Ad 2m potest responderi
302 1047 1333 1158 ex dictis doctoris subtilis in ista distinctione
292 1111 1350 1240 quaestione 2a Et dictis hugolinis libro 2o circa distinctionem
286 1210 1343 1319 27 quia si talis operatio meliora
298 1269 1299 1380 tiva consideratur ut actus sic est
298 1340 1312 1459 principaliter a deo et quasi aeque primo
290 1406 1339 1535 agram et voluntate si ut actus liber
288 1481 1318 1616 sit primo a deo 2o a voluntatem 3o a
297 1536 1309 1696 gratia si inquantum iustitia principaliter a deo
265 1639 1349 1749 ¶ 2o a gratia 3o a voluntate si ut me
292 1708 1323 1839 ritoria tunc diversificantur isti doc
293 1784 1287 1921 tores qui cum magister hugolinus dicit quod
303 1841 1282 1990 nullum habet latitudinem efficiendi ut sit
292 1913 1336 2054 nec gratia nec voluntas doctor subtilis
289 2013 1274 2135 dicit quod sic est principaliter 2o a gratia 3o
283 2058 1303 2203 a voluntate Sed contra haec sunt dicta
274 2155 1311 2285 in prima conclusione / Ex hiis igitur patet quid
277 2225 1315 2328 dicendum ad 3am rationem principalem
279 2309 1315 2424 et contra rationem contra 3m corollarium sanctam
279 2375 1293 2502 igitur etc Sequitur distinctionis istius 2a pars
284 2455 750 2586 principalis etc
493 2511 1315 2639 ic quaeretur si caritas ista secunda
505 2596 1300 2724 pars principalis continuatur
485 2679 1294 2791 ad praecedentis postquam magister
266 2729 1317 2869 de dilectione dei et proximum posuit
286 2805 1269 2922 suam intuitionem hic movet
289 2884 1297 3007 et determinat qualiter dilectio in nobis
281 2957 1315 3065 recipiat augmentum et intensionem
272 3027 1291 3162 et dividitur haec particula in 3s alias
280 3106 1287 3228 quia primo magister movet quaestionem
273 3169 1327 3310 dubiam / 2o ponit responsionem sua 3o auc
269 3244 1283 3403 tortatibus ostendit responsionem esse veram et
283 3319 1251 3481 solidam tunc 2a pars incipit ibi
1504 356 2509 498 hiis itaque respondemus 3a ibi ut autem
1510 458 2184 569 tertius et haec est etc
1689 490 2483 611 Trum per caritatem gradualem
1684 583 2490 697 intensionem viator iustus
1700 647 2496 763 capere possit sui iusti esse
1496 730 2493 838 sine termino meliorationem arguitur primo quod
1506 782 2527 903 non Caritas non est gradualiter remi
1512 855 2531 976 ssibilis igitur nec gradualiter intensibilis
1493 933 2486 1049 consequentia nota quia sicut per gradus vel
1487 996 2502 1117 gradum replicationem sit intensio ita
1485 1072 2490 1179 per eius vel earum recisionem abscisi
1491 1132 2548 1249 onem vel decisionem fit remissio
1497 1199 2511 1318 alias arguitur quia talis remissio fieret
1502 1270 2523 1382 vel per mortale et hoc non quia totum
1483 1338 2525 1459 tollit vel perveniale et hoc etiam
1490 1407 2548 1533 non quia tunc aliquod veniale praevietur
1504 1487 2488 1595 pena aeterna ratione propria contra magistrum
1486 1549 2495 1649 libro 2o distinctione 42 ubi dicit quod peccato ve
1488 1617 2506 1729 niali solum temporalis pena debentur hanc
1477 1690 2511 1798 materiam tractat doctor sollempnis in quolibet
1477 1780 2503 1863 quaestione 24 informa / 2o arguitur sic quodlibet
1486 1822 2482 1911 iustum gratuitum agere iusti viatoris
1474 1881 2471 2002 est formaliter quo ad speciem virtutis
1462 1956 2488 2059 et bonitatis inmense agere igitur nullum
1461 2029 2471 2142 tale est intensibile patet consequentia cum in
1479 2108 2505 2219 menso non possit maius dari antecedens
1467 2163 2475 2275 arguitur quia quodlibet agere procedens
1469 2243 2531 2376 ex formali posse spiritus sancti ut habitus
1461 2319 2455 2421 et caritatis est inmense agere quo
1461 2386 2487 2514 ad speciem virtutis et bonitantis Ista est
1456 2461 2474 2595 est 6 conclusio iohannes de marchi distinctione ista quaestione
1469 2530 2473 2645 prima articulo 3 Sed quodlibet iustum gratui
1470 2594 2457 2730 cum agere est huius igitur etc / 3o sic si
1467 2661 2472 2816 esset sicut quaestio quaerit vel igitur talis
1462 2738 2521 2876 intensio fiet in tempore vel in instanti sed nullum
1448 2819 2494 2960 istorum igitur quaestio falsa / quod non in tempore probatur
1444 2897 2477 3016 quia cum talis intensio partialiter fiat
1445 2973 2481 3090 ex iuste operari et voluntatis iuste
1448 3047 2506 3162 tonari et haec non meritoria sunt per aliquod
1451 3144 2515 3238 tempus totum igitur nec intendunt per ali-
1442 3193 2532 3320 quod totum tempus / Item tunc caritas ac-
1445 3274 2461 3405 quisita vel foret eadem cum prima
1456 3351 2543 3469 vel non sed quodcumque istorum dici inconveniens
