2964 4300
303 417 1328 550 oppositus operibus bonis generatur ex
294 485 1328 623 frequetis venialibus pecctis igitur corollarium falsum
304 577 1340 681 Ad ista respondeo negando consequentiam et
302 637 1364 771 ad probationem cum dicitur si idem fervor
311 737 1333 848 remanet etc igitur aeque faciliter etc nego
304 795 1321 916 consequentiam quia licet idem sit fervor qui
298 865 1327 996 ante tamen propter inclinationem ad oppositum
307 945 1336 1069 non potest in tam intensos actus patet
304 1010 1342 1140 exemplum naturale de multis sicut impondere
295 1093 1316 1208 maiori super minus maiori non in ten
310 1181 1318 1286 so et minori intenso non sufficit
301 1237 1337 1355 aeque velociter movere sic in proposito
311 1308 1312 1425 / 2m corollarium contra 3am conclusionem cliento-
289 1365 1321 1509 nis ubi supra quod caritas infusa non
288 1457 1318 1577 remittitur per solam desidiam probatur
290 1521 1270 1641 sic talis caritas non remittitur per
290 1594 1308 1719 culpam compossibilem igitur nec per
301 1673 1324 1803 solam desidiam Confirmo sic aut
297 1747 1319 1887 talis desidea esset culpa mortalis
281 1824 1329 1921 aut venalis autem nulla si cul
286 1909 1296 2021 pa mortalis vel venialis non remit
292 1983 1296 2094 tit ex conclusione si nulla remittere non
284 2052 1306 2185 potest igitur corollarium verum / sed contra illud
292 2141 1286 2260 corollarium arguitur per illud ecclesiae 19 Qui
289 2218 1302 2350 modica spernit paulatim deci-
289 2289 1327 2408 det / Item Christomus omelia 3a super matthaeum
280 2366 1302 2477 in opere inperfectio sicut omne ar-
287 2434 1284 2563 tificium corporali visitatione co
280 2517 1318 2630 servatur sic et in animo virtus per exer
286 2581 1308 2697 citationem augetur et per desidi
282 2656 1288 2772 am minoratur / Item nunc 28 ref-
288 2725 1290 2845 rigescit caritas multorum / Item
283 2802 1302 2926 ratione quia sequetur quod homo non
283 2869 1302 3003 plus haberet fugere facere opus meri-
287 2959 1330 3076 torium cum desidia quam sive desidi-
288 3044 1308 3152 a quod est falsum et consequentia patet quia non
285 3094 1314 3233 plus nocet sibi nec minus prodest Sibi
298 3181 1333 3277 / Ad ista respondeo et primo ad auctoritates
275 3231 1303 3355 dicunt aliqui quod sunt intelligendae
269 3308 1291 3428 de fervor caritatis hoc est falsum sicut
269 3389 1315 3525 patuit dico igitur quod intelligendae
1496 380 2521 538 sunt de operibus inperatis et exterio-
1486 487 2487 617 ribus caritatis quia homo ex de-
1492 571 2518 675 sidia dimittit plura opera bona quae
1487 643 2462 762 faceret si desidiosus non esset /
1475 720 2498 826 Ad rationem nego consequentiam non enim pro-
1486 795 2507 897 portionaliter secundum quod aliquid nocet
1497 850 2506 986 vel prodest est fugiendum vel appe-
1492 929 2494 1054 tendum nam secundum augustinum 14 de civitate capitulo
1491 994 2516 1122 13 aliquibus prodest peccare et tamen
1491 1072 2497 1206 non est appetendum exemplificat
1478 1162 2467 1275 de petro et patet etiam nam minus est
1484 1227 2509 1369 interficere et emendare sufficienter
1484 1303 2461 1428 quam comittere veniale et non satis
1486 1382 2501 1506 facere quare etc / 3m corollarium quod habitus
1474 1451 2497 1578 caritatis infuse non remittitur hoc
1471 1530 2486 1648 non habet ex intrinseca et propria ratione sed
1475 1610 2471 1715 ex caritatis increatae gratuita mi-
1484 1680 2484 1785 seratione probatur quia ipsa est
1473 1740 2488 1870 intensibilis et remissibilis ex
1481 1808 2503 1952 parte conclusionis igitur remittetur ex suo contrario
1475 1892 2460 2027 si proprie naturae dimitteretur cum igitur peccatum
1478 1956 2516 2083 sit caritatis venenum secundum augustinus debet
1457 2046 2502 2166 83 quaestione 36 sequitur propositum / Contra 3m corollarium
1461 2110 2481 2233 arguitur forma caritatis est simplici et
1467 2195 2455 2320 invariabili essentia consistens secundum
1468 2274 2494 2393 auctorem sex principiorum igitur non
1448 2345 2466 2459 est remissibilis ex sua intrinseca natura
1460 2418 2482 2541 / Ad istud posset primo dici quod non
1452 2500 2473 2629 quoniam 2m oppinionem domini Egidii
1456 2561 2520 2684 in ista distinctione et in 2o suo quolibet quaestione 14
1453 2630 2517 2755 forma indivisibilis potest inten-
1462 2712 2518 2816 di et remtti secundum maiorem et mino-
1462 2804 2540 2920 rem participationem ipsius ad subiectum
1456 2880 2539 2976 / Aliter potest dici 2m quod dicit doctor
1457 2944 2548 3066 subtilis in ista 17 distinctione 9 ultimo quod loquitur
1456 3022 2500 3143 ibi de simplicitate opposita quanti
1442 3096 2499 3212 tati molis et hoc est verum igitur etc
1442 3166 2578 3276 / 2o conclusio quamnvis donum primum sit menti
1442 3239 2567 3370 rationali posse formale et forma
1447 3332 2515 3441 tantum non tamen est ei inmensus probatur
1447 3391 2555 3507 ista conclusio primo per beatum augustinum in libro de gratia
