2964 4300
283 358 1290 511 et caritatis ad subiectum ferventiorem
286 458 1329 581 intimationem potest fieri intensio non ha
281 527 1313 640 bendo alicuius novi gradus acqui
271 593 1303 710 sitionem probatur corollarium ex conclusione mani
266 668 1315 782 feste et confirmatur quia deus libere
285 740 1309 842 eam intendit igitur potest intendere sicut
289 805 1321 924 vult Contra istud corollarium arguitur per commentatorem
274 870 1272 956 5 physicorum commento 48 motus nichil
274 942 1289 1051 aliud est quam acquirere partem post
274 1007 1308 1111 aliam ex isto ad quod res movetur
293 1077 1296 1189 Ad istud dico quod loquitur de mo
268 1143 1290 1257 tum cororali corporalium igitur nichil ad
259 1210 1303 1333 propositum Aliter posset dici dimitto causa
270 1285 1297 1402 veritatis Ad rationes principales ad
265 1362 1305 1473 primas duas patet ex dicitis Ad 3am dico
268 1428 1278 1550 quod in instanti et tempore sicut deo placet
273 1498 1286 1626 Et dico quod opus non solum est meri
283 1567 1284 1697 torium per instans praecise Secundo dico non
280 1642 1263 1753 sequitur agere meritorium non intendit
262 1715 1295 1840 caritatem in instanti igitur non intenditur
281 1781 1262 1912 in 4ti quia aliunde potest intendi in
262 1866 1319 1990 instanti et sic patet ad quaestionem quia pars affirmativa
281 1952 731 2050 est vera etc
447 1990 1254 2116 upra dictum est quod spiritus sanctus
458 2074 1276 2182 caritas est ista est 3 pars istius
461 2135 1288 2247 distinctionis 17 quae ad praece
268 2198 1285 2322 dentes partes continuatur quia post
269 2273 1278 2396 quam magister de dilectione ferva suam
277 2347 1282 2467 ponit intentionem in prima parte et
267 2422 1283 2545 ostendit qualiter dilectio recipit aug
265 2487 1285 2600 mentum et intentionem in 2a parte nunc
269 2559 1268 2675 in ista parte adducit cum motivis o
262 2635 1303 2753 ppositam oppinionem et dividitur haec pars
275 2702 1276 2833 in 3s partes secundum quod arguunt ex tribus nam
260 2777 1308 2896 primo arguunt ex ratione caritatis divinae
266 2867 1314 2979 et humane distinctiva 2o ex opere spiritus
274 2937 1303 3051 sancti causativa 3o ex caritatis humane de
274 3033 1287 3137 scriptione quidditativa tunc 2a pars incipit
269 3100 1293 3216 ibi sed aliud est inquiunt quod magis
278 3174 1314 3285 urget 3a ibi alias quoque inducunt
285 3248 1291 3362 rationes partes ulterius possent di
281 3321 1278 3423 vidi satis patebunt legendo etc
270 3366 1221 3479 Sequitur utrum motus dilectionis etc
1687 354 2445 472 Trum motus dilectionis
1708 439 2437 536 meritorie et ratio diligendi
1715 506 2452 613 caritatis gratuite sint communi
1483 574 2469 696 tabiliter ad extra distincte Et arguo
1489 647 2466 780 primo quod non quia cum ratio diligendi
1489 713 2492 809 huius caritatis sit habitus gratuitus
1498 774 2501 890 sequitur quod possibile esset aliquem habere talem
1492 850 2469 951 actum gratutum et ei non posset in
1468 901 2444 1019 trinsece correspondere ex formali illius
1479 994 2468 1088 habitus dilectionis motum et simliter
1471 1037 2464 1146 econverso quod videtur falsum consequentia prima nota est
1475 1105 2485 1229 ex terminis sed quod consequens sit falsum satis videtur mani
1469 1171 2466 1289 festum et consequentia 2a est etiam bona igitur
1468 1254 2487 1337 2o sic non minor est convexio inter
1464 1306 2475 1417 haec praedicta quam inter voluntate et recti
1469 1364 2494 1491 tudinem suam sed illis non correspondet
1461 1439 2473 1547 distincta communicabilitas secundum quod videtur
1462 1516 2459 1637 posset habere ex dictis anselmi de libero arbitrio capitulo
1467 1583 2475 1698 4 igitur nec istis 3o sic deus de facto
1448 1640 2470 1743 unuim non communicat de lege ordinata
1456 1705 2479 1828 sine alio igitur non sunt communicabiles di
1465 1776 2440 1882 sincte de lege absoluta tenet consequentia
1457 1850 2464 1958 quia lex ordinata est lex aeterna
1457 1907 2447 2024 et neccessita et antecedens probatur quia quodlibet
1447 1979 2479 2111 quod est ratio alicui gratuite dilige
1455 2052 2443 2152 di est eidem motus meritorie a
1435 2106 2448 2238 gendi secundum quod videtur quod quaestio sic falsa In
1432 2167 2474 2307 oppositum arguitur quia ratio diligendi naturam
1442 2237 2478 2374 dicit in perfectionem sed motus meritorie
1453 2313 2470 2436 agendi includit aliquam igitur non sunt
1445 2380 2422 2516 eiusdem communicalitatis et per consequens vera
1424 2444 2473 2579 prima conclusio quamvis essentia divina non possit
1444 2526 2490 2646 esse menti creatae motus dilectionis
1439 2600 2446 2695 meritorie potest tamen ei esse ratio dili
1441 2652 2472 2775 gendi gratuite et se sola formaliter
1447 2734 2485 2852 percipiendi beatificae probatur prima pars nam
1438 2796 2497 2919 talis motus aliquam potentialitatem dicit sed deus
1441 2890 2458 2994 est summus actus omnem potentialitatem exclu
1432 2944 2473 3064 dens igitur illa vera 2a pars probatur
1432 3009 2428 3118 quia nulla dicit imperfectionum igitur etc
1433 3085 2445 3203 Et posset confirmari per beatum augustinum
1432 3145 2463 3261 14 de trinitate capitulo 18 ex ponentem illud
1439 3216 2440 3321 Scimus cum apparienter nobis simles
1432 3277 2468 3400 ei erimus 3a pars est contra Iohannes de
1425 3356 2451 3468 marchia quaestione 3 determinationum articulo 2o
