2964 4336
287 371 1339 515 enim est patris et filii multae sunt
284 455 1329 604 auctoritates conclusionem hanc satis suffci-
280 532 1348 675 cientis probantis ¶ Contra istam conclusionem
280 602 1346 749 sunt rationes tactae supra in principali
293 692 1324 825 inpede quaestionis ad quas faciliter
283 770 1355 879 respondeo / ad potentiam non est idem communi-
289 848 1323 983 care se quod donum est proprie ¶ ad-
280 917 1348 1027 2am licet pater det essentiam filio ipsum
278 1004 1354 1132 generando non tamen ipse dicitur proprie do-
289 1091 1325 1218 num ¶ Ad 3am ratio propria doni est a-
277 1171 1306 1298 mor non ut essentialiter sed potius ut
286 1243 1320 1376 notionaliter licet proprium nomen sibi non
286 1330 1333 1453 habeamus ¶ ad 4m non omne quod datur
289 1400 1324 1517 donum proprie appellatur ¶ primum
283 1472 1297 1608 corollarium spiritus sanctus eo donum quo
291 1546 1297 1706 spiritus sanctus et econverso eo spiritus sanctus
271 1652 1279 1783 quo donum patet haec satis ex verbis
281 1724 1318 1865 augustinus adductis pro conclusionis probatione
284 1821 1330 1938 et etiam sequitur cum conclusionem manifeste
293 1894 1273 2016 Cum idem sit ipsum esse utrumque /
294 1932 1343 2105 ¶ Contra istud corollarium si corollarium esset verum
286 2041 1338 2177 sequitur quod esse donum erit proprietas spiritus
298 2137 1318 2252 sancti personalis consequens falsum quia illud
287 2204 1324 2344 quod convenit spiritui sancto in ordine
284 2293 1338 2427 ad creaturas non est proprietas persona-
284 2373 1272 2503 lis sicut esse donum est huius igitur
280 2440 1307 2572 corollarium falsum consequentia prima satis videtur
284 2526 1320 2649 nota ¶ Ad istam rationem respondet thomas
274 2597 1301 2734 de argentinis in ista distinctione arguo
262 2680 1332 2811 3o negando minorem sed hoc non est consequentis
281 2766 1288 2892 dictum dictis magistri sententiarum nec etiam
271 2837 1302 2977 dictis domium Egidii nec etiam dictis pro
276 2930 1308 3026 priis nam in 2o articulo dicit quod donum
269 3012 1335 3134 dicitur quasi aptum ad dandum sed talem
272 3089 1306 3218 aptitudinem non habet respectu ad intra
265 3167 1303 3293 igitur per respectum adextra Respndeo igitur aliter
283 3250 1318 3377 ex dictis domini aegidii negando maio-
292 3324 1279 3448 rem sumendo convenitur habitualiter
283 3387 1289 3539 unde licet verbum esse conveniat
1479 367 2536 494 filio actualiter per respectum ad intra actu-
1490 448 2503 567 alem tamen convenit ei per respectum habitua-
1491 526 2512 646 lem ad creaturas in eo quodm 2m augustinus
1487 598 2511 682 15 de trinitate capitulo ii initium omnis operis
1472 668 2497 781 verbum sic similiter dicitur de spiritu
1483 739 2517 823 facto ideo illa maior erit falsa pro hiis
1481 803 2509 911 lacius videatur idem dominus Egidius
1487 883 2509 1000 in ista distinctione quaestione prima ubi
1486 940 2505 1079 ponit triplicem ordinem respec-
1488 1018 2479 1129 tuum sive relationum ¶ 2m corollarium sicut
1498 1081 2508 1194 filio convenit prima ratio pro directive ar-
1479 1160 2522 1294 tis sic spiritui sancto ratio prima communicative
1473 1229 2487 1354 liberalitatis prima pars per se patet ex
1477 1311 2504 1417 dictis augustini iam adductis et in 15
1485 1387 2467 1487 de trinitate eiusdem capitulo 16 et 6 de trinitate capitulo
1475 1451 2516 1583 vult quia dicitur ars omnipotentis dei
1477 1520 2492 1667 plena omnium rationum viventium / 2a
1477 1604 2479 1768 pars patet 15 de trinitate eiusdem capitulo 19 quia
1485 1676 2488 1822 per hoc donum quod est spiritus sanctus
1473 1759 2509 1896 membris christi quibuscumque dona
1460 1839 2477 1983 propria dividitur / ad idem est magister
1473 1912 2482 2041 in littera in fine 17 distinctione et etiam in
1474 1984 2494 2110 ista distinctione 18 igitur corollarium verum ¶ Contra
1472 2062 2518 2194 istud corollarium si istud corollarium esset verum
1478 2135 2532 2282 sequitur quod spiritus sanctus esset ratio communicativa
1480 2226 2482 2355 patri quia communicaret essentiam divinam
1457 2299 2498 2453 ipso filio in divinis quod est falsum et consequentia
1456 2363 2503 2519 patet cum pater commnicet essentiam ratione communicativa
1464 2449 2512 2600 filio ¶ Ad istud respondetur quod corollarium est
1468 2550 2504 2687 accipiendum non solum de communicatione
1460 2611 2512 2779 libera sed etiam per modum libertatis modo
1453 2696 2518 2858 licet pater conmunicet essentiam divinam filio
1448 2784 2533 2930 libere non tamen per modum libertatis sed potius
1440 2881 2535 3004 per modum naturae inde est quod consequentia neganda
1440 2942 2509 3089 ¶ 3m corollarium spiritus in divinis dicitur donum
1459 3004 2515 3168 aeternaliter sed datio ex parte non quemlibet sed
1447 3110 2533 3250 quaedam in redibilis patet corollarium quia haec
1459 3189 2533 3316 est ratio donus datio irredibilis secundum
1445 3270 2538 3392 philosophum 4 thopicorum ¶ ad idem est augustinum 11 de
1460 3337 2472 3439 trinitate et 15 et habentur verba in litera
1457 3410 2473 3530 de / per totum illud capitulum quod est 34m
