2964 4271
537 343 1506 505 de parvis ostendit qualiter spiritus eter
551 440 1504 567 naliter dicitur donum et temporaliter
549 519 1482 641 dicitur datus ¶ Contra istud corollarium
546 585 1515 710 nulla est differentia inter donum et datum
546 650 1502 785 igitur si non aeternaliter dicitur datus igitur nec
544 720 1457 831 aeternaliter dicitur donum ¶ Ad istam
549 783 1503 917 negatur assumptum quia tam 2m aegi-
541 844 1494 979 dium tam thomam de argentinis donum
530 912 1513 1023 differt in tribus a dato insignificato quia
542 973 1515 1105 dationem liberam in modo significandi
541 1055 1472 1194 quia aptitudinem Inconsignificato
557 1127 1517 1274 quia sive tempore cum sit nomen datum
549 1183 1502 1347 Cum tempore cum sit participium ¶ 2a conclusio
542 1247 1534 1416 quamvis gratificatis vinculum et obliga
552 1317 1543 1458 tionis ligamen inter duas creaturas
541 1396 1535 1533 ratione beneficii ad plenum possit exting-
542 1458 1538 1619 ui impossibile tamen est huius obli-
521 1520 1544 1683 gationem creaturae a deum plene dissol-
547 1601 1519 1752 vi / prima pars est contra thomam bran-
547 1665 1526 1814 wardin libro 2o corollario ult capi et probatur
544 1750 1514 1909 sic nam si hoc non esset verum sequitur
561 1811 1506 1971 quod si reciperem li x duarum et darem
557 1891 1502 2022 nullae libras quod non satisfacerem
548 1960 1507 2088 illi ad plenum quod est falsum Confirmo
546 2027 1541 2180 nam tantum potest a b impedire de bono
546 2097 1552 2281 per possibile quantum b a potest facere divina-
536 2178 1515 2326 lo quod huius obligo extinguitur igitur a
545 2242 1537 2421 potest facere tantum de bono b quod ipsa obli-
542 2320 1500 2460 gatio extingunitur Confirmo nisi enim
550 2395 1528 2545 haec conclusio foret vera sequeretur quod si dares
540 2483 1538 2621 michi unam marcham argenti et po-
533 2554 1528 2684 stea interficeres michi patrem meum non
531 2600 1540 2757 possem te iuste inpetere deemenda
538 2675 1550 2823 quod est falsum ¶ 2a pars faciliter probatur
534 2748 1541 2894 quia non possumus deo prosus benefi-
532 2833 1485 2978 ciis aliquid reddere nisi de suo sed
523 2898 1542 3036 per hoc uniculum gratitudinis et ob-
531 2971 1518 3108 ligonis ligamen non potest dissolui
496 3057 1543 3189 igitur conclusio vera ¶ pro 2a parte istius conclusionis fa-
515 3123 1563 3282 cit processus ipsius ernicani in libro primo
513 3188 1468 3363 de paupertate christi capitulo 8 ut satis 3
514 3266 1511 3427 rationes propter quas deus sumum divinum respectu
515 3352 1547 3503 creaturarum non potest abdicare contra rationes
1663 344 2724 522 habentur in responsionibus meis quaestione 3 nota
1667 433 2703 587 bili primo in fine pro eadem est dybolus de
1669 506 2726 670 divinis nominibus capitulo 12 de scribens divinum
1665 578 2713 739 divinum ubi dicit quod est omnis bonorum
1679 643 2719 806 et optimorum perfcissima et omnimoda po
1691 707 2729 870 sessio et vera et inmutbilis finitas
1660 793 2719 928 ex quo patet quod tam neccessario creatura deo
1660 859 2749 1001 obligaretur quod neccessario deus possidet
1667 917 2692 1079 eam igitur illa pars vera ¶ Contra primam
1675 1005 2701 1142 partem huius conclusionis arguit sic / quamvis non
1675 1062 2709 1222 probet ibi aut beneficiatus probeneficio
1678 1149 2701 1286 erit gratus aute non si non erit
1662 1216 2710 1354 gratus sequitur quod stat vinculum
1672 1283 2710 1433 gratitudinis et obligationis si erit
1667 1355 2711 1500 gratus vel igitur aequaliter secundum proportionem
1666 1436 2682 1581 beneficum vel magis vel minus si minus
1665 1493 2725 1645 non extinguitur obligatio ex toto si plus
1671 1570 2644 1689 igitur obligat primum benefactorem et
1678 1637 2728 1814 consequens extinguitur obligatio illa si aequaliter
1658 1711 2694 1857 igitur adhuc stat obligatio probatur
1667 1782 2683 1946 quia utrique est benefactor alteri igitur non
1671 1863 2695 2013 dissolvitur obligatio talis et per consequens sequitur
1669 1925 2682 2069 propositum ¶ Ad istud dico quod ratio uno modo
1690 1995 2670 2116 solvitur ex conclusione unde nominanter dixi quod
1673 2085 2711 2233 obligatio quae provenit ratione beneficii
1679 2153 2689 2278 recepti et ista certe potest dissolvi
1667 2215 2730 2344 licet forte non omnis obligatio inter eos
1665 2285 2727 2426 posset dissolui ¶ 2o solvitur ratio ex ratione
1672 2363 2707 2522 una facti quia haec ratio fundatur super
1674 2438 2697 2568 falso ymaginatur enim quod obligo ali-
1672 2508 2712 2646 unde non possit dissolui nisi gra-
1660 2605 2677 2730 titudinem benefitiati quod est falsum quia
1667 2664 2674 2805 potest etiam dissolium per malum inflic
1675 2735 2713 2888 tum beneficatio a benefactore sicut satis
1678 2811 2706 2958 expresse ponitur in casu et haec solutio
1663 2881 2673 3018 forte plus satisfacit quam prima /
1647 2958 2698 3094 ¶ primum corollarium quodlibet beneficium divinae
1669 3034 2658 3163 miserationis est sufficiens ratio et
1652 3119 2662 3242 radix obligationis patet si non sequitur
1690 3202 2723 3320 quod pro aliquo beneficio quis satisfa-
1667 3277 2703 3410 cere posset deo quod est contra 2am partem
1652 3330 2663 3478 istius conclusionis ¶ Contra primum corollarium quia
