2964 4275
318 397 1345 537 illud corollarium nam gradiu bonitatis
319 496 1348 612 non correspondet gradus conformitas eligi-
311 560 1358 702 bilitas igitur corollarium non probatur consequentia nota
310 643 1357 759 antecedens probatur quia aliter musca e-
317 705 1370 830 ligibior esset omni auro mundi patet cum
320 786 1370 908 perfectior ¶ Ad istud respondeo dico quod corollarium
314 860 1324 981 sufficienter probatur quia non solum comparatio
304 926 1377 1048 esse naturale adesse gratuitum praecise 2m
312 1006 1368 1118 esse sed etiam annexione boni et
317 1072 1383 1201 bene esse Et 2m philosophum est utile de-
313 1147 1384 1280 lectabile et honestum magister tamen hu
296 1226 1366 1359 go habet antecedens negare sicut patet libro primo
284 1301 1359 1425 distinctione prima quaestione 3a conclusione prima articulo primo
326 1374 1374 1487 uibi dicit omnis essentia citra primam tam
316 1451 1336 1578 perfecte proportionabiliter incomplexo a-
313 1526 1308 1649 more diligibilis est quam perfectio
316 1599 1330 1703 gradu essentialis bonitatis existit quod non
316 1666 1341 1791 credo propter rationem sanctam nisi sumatur
320 1746 1359 1874 amor incomplexus valde stricte
321 1821 1308 1944 ex quo apparet quod alicui res quandoque
317 1899 1327 2009 est magis bona quam in se et sui
284 1953 1308 2077 natura sit perfecta satis patet ex dictis
328 2038 1342 2163 ¶ 3m corollarium responsivum ad 3m principale
319 2117 1332 2217 argumentum esse naturale ut sit minus
322 2171 1346 2300 gradus eligibilitatis correspondet nec
314 2238 1332 2355 ille nisi in deum relatus rationabilitas
311 2309 1340 2445 debetur probatur nam omnis esse al-
314 2399 1326 2509 terius aliquod gradum bonitatis addit
316 2469 1337 2585 supra illum igitur et gradum eligibilitatis
317 2548 1361 2663 et per consequens corollarium verum quo ad primam partem
310 2607 1338 2736 sed quo ad 2am patet ex dictis ¶ Contra
325 2694 1351 2815 corollarium sequitur quod homo potius esse suum
314 2760 1324 2874 naturale debet amittere quam aliquem
329 2839 1333 2956 gradum sui gratuiti esse perdere quod videtur
329 2903 1311 3025 falsum ¶ Ad istud dicitur concedendo consequens
328 2977 1341 3095 summendo perdere gradum talem impu
305 3035 1315 3162 tabiliter ex culpa quia plus debet
314 3111 1345 3251 fugere non esse peccato quam non esse sui
316 3201 1323 3331 sed de hoc plenius quandoque diceretur Ex
315 3275 1339 3411 quibus omnibus patet quod pars affirmativa
323 3343 1346 3463 quaestiononis est vera Sequitur
326 3413 1302 3546 nunc postquam et cetera Ista distinctio
1683 402 2535 528 unc postquam etc Ista distinctio
1696 485 2523 603 ad praecedentia continuatur post-
1687 556 2504 663 quam magister determinavit de ydempti-
1510 625 2499 746 tate personarum essentiali distinctione
1517 703 2526 807 personali derivatione aeternali nunc
1508 763 2557 865 vult tractare de earum perfectione adimi
1510 834 2528 944 tem aequali vel etiam aequalitate
1508 896 2546 1038 perfectionali et dividitur in 3es partes nam
1503 973 2557 1090 primo magister ostendit in quibus consistit
1518 1039 2536 1171 et penes quid attentur earum aequali-
1503 1110 2530 1226 tas in generali ¶ 2o ostendit quod illa in-
1501 1181 2536 1309 quibus sunt aequales non distinguuntur
1504 1265 2558 1380 differentia reali ¶ Et 3o per sequitur de hiis
1503 1336 2535 1460 et quolibet horum in spirituali / tunc 2a pars est
1497 1397 2496 1517 ibi Cumque eminenter Ista 3a ibi Q
1506 1476 2507 1582 autem aeternitate et ista possunt dividi
1521 1546 2232 1669 partes praetebunt legendo ¶
1700 1585 2516 1714 trum personae divinae aequales in
1689 1673 2515 1806 perfectione se ipsis distinguantur
1710 1735 2530 1879 infinite arguitur primo quod non
1494 1830 2517 1954 personae divinae non sunt aequalis perfectio-
1515 1882 2504 2012 nis nec aequaliter perfecte igitur quaestio falsa
1505 1970 2509 2087 patet consequentia assumptum ego probo tum primo
1499 2029 2522 2162 quia persona ut sic non est perfecta ¶
1505 2102 2511 2230 2o una persona est maior alia ¶ 3a
1496 2181 2498 2300 essentia divina non est perfecta cum perfectum
1498 2251 2529 2379 sonet inperfectionem quia dicit qua-
1510 2317 2522 2464 si perfecte factum igitur etc ¶ 2o sic personae non
1508 2386 2536 2520 se ipsis distinguuntur igitur quaestio falsa patet consequentia
1495 2460 2538 2604 antecedens probatur quia relationibus sive proprie
1510 2543 2571 2679 tatibus sed illae proprietates non sunt illae
1495 2613 2559 2760 personae igitur etc ¶ 3o personae divinae infinite
1504 2703 2539 2838 modice distinguuntur igitur non infinite
1500 2776 2525 2903 distinguunt consequentia satis videtur nota quoniam
1510 2846 2539 2980 nullum quod est infinite modice ta-
1495 2923 2536 3057 le est infinite simpliciter tale et
1492 3006 2548 3135 antecedens patet quia minima possibili distinctione
1502 3072 2545 3206 reali distinctione distinguuntur sed illa non potest
1491 3155 2560 3283 esse finite modica igitur infinite mo
1480 3213 2521 3349 dica ¶ In oppositum arguo sic nichil
1502 3290 2542 3407 omnino est intrinsece nisi 3o personae divinae
1504 3378 2522 3501 immense perfecte et personaliter distincte
