2964 4278
292 444 1325 564 quia probo per ydemptitatem non
302 512 1315 646 simpliciter sed per ydemptitatem plurium distinc-
299 602 1343 731 torum quorum quodlibet est magnum in
293 676 1312 793 virtute sed tamen quia alias nichil
291 748 1348 858 dixi de materia quam argumentum i parte
306 815 1333 924 tangit videndum est hic quid sit
299 879 1359 963 attributum et quid perfectio attributa-
290 954 1330 1076 lis per quod potest videri qualiter
295 1027 1314 1145 perfectiones attributales in deo et in
306 1090 1318 1206 ter se dicuntur esse aequales quantum
298 1164 1354 1284 ad primum dico consequentis dictis thomae de
304 1243 1342 1358 argentinis libro primo distinctione 6 quaestione prima arguo
286 1329 1285 1439 primo quod attributum summendo terminum
298 1381 1327 1509 materialiter vel simpliciter non significatione
291 1481 1299 1594 est terminus significans perfectionem
307 1537 1343 1639 simpliciter tionis catari et creaturae 2m
286 1619 1323 1728 quandam anologiam ex innote-
313 1696 1302 1794 scentia creaturarum investigata in
312 1761 1297 1882 deo vel in creatore per hoc quod dei
302 1826 1337 1949 perfectio simpliciter differet 2m illos qui
301 1894 1318 2024 dicunt notionalia non dicere perfectio-
296 1977 1334 2079 nem attributum aterio notionali hoc
283 2050 1294 2172 tamen dicere non habeo cum ipsis sicut
288 2117 1275 2248 Supra patet sed quod illud dictum maneat
290 2183 1333 2315 aput me Etiam pro differentia aliquali
291 2259 1315 2394 dico quod debet addi significans generaliter
288 2347 1314 2463 perfectionem simpliciter licet enim patrem
299 2421 1303 2541 gnerare sit perfectionis simpliciter non
295 2498 1312 2612 tamen generaliter quia non esset perfectio-
303 2553 1332 2688 nis in filio vel spiritu sancto per hoc quod dicitur
295 2626 1291 2749 deo et creaturae etc differt ab illis
292 2728 1306 2827 quae convenire creaturae non possunt
288 2795 1320 2923 sicut divinitas inmensitas etc per hoc
285 2866 1285 3006 autem sed quandum analegis etc differt
279 2932 1328 3081 ab hiis quae sola fide credimus deo
290 3023 1313 3127 convenire et ex mere libero arbitrio
283 3095 1308 3225 dependere sicut esse hominem esse
286 3164 1300 3289 passum natum incarnatum etc ex
289 3247 1283 3382 quibus sequitur primo distinctione 8 quaestione 2 ¶ arguo primo
292 3310 1340 3467 similiter et onofrius insufficienter
300 3407 1340 3555 describunt attributum patet quia plura
1483 416 2552 566 dimittit in suis descriptionibus quae
1480 507 2538 635 tamen rationabiliter ponuntur ¶ 2o sequitur
1479 575 2496 711 quod onofrius in materia ista et alibi
1498 657 2483 767 in suis dictis sibi contradicit nam
1473 716 2529 854 alibi dicit notionalia dicere perfectio
1488 787 2551 933 nem simpliciter et hic dicit per hoc attri
1470 859 2481 996 butum anotionali differe sed hoc
1489 931 2495 1052 est clare contradicere igitur illatum verum
1488 1006 2512 1139 et haec de primo ¶ de 2o breviter est
1483 1083 2551 1213 sciendum quod perfectio attributalis est perfectio
1486 1164 2519 1287 huius in deo per attributum sic recep-
1473 1237 2538 1371 tum inpertata quarum quaelibet est ipsa-
1498 1312 2518 1438 met essentia in multiplicata sicud
1474 1393 2473 1517 pluries est dictum supra ex quibus patet
1474 1464 2533 1582 quali concedi vel negari potest perfectio-
1492 1532 2485 1662 nes attributales esse aequales ¶
1477 1618 2498 1730 2m corollarium quam inpossibile est aliquam
1466 1685 2515 1801 creata plura tam esse aequalia quod
1486 1755 2512 1877 supposita divina sunt aequalia tam
1486 1820 2518 1956 inpossibile est aliqua plura creata
1483 1893 2552 2036 perfectione intrinseca aliqua una praecise
1493 1973 2516 2113 esse aequalia probatur quia tunc ta-
1466 2036 2458 2154 lia essentialiter forent tam idem
1473 2108 2509 2245 quam sunt idem supposita divina quod
1476 2171 2492 2319 est falsum et consequentia patet cum eorum intrinseca
1470 2263 2495 2399 perfectio sit eorum essentialis denominatio
1470 2321 2499 2464 ¶ Contra istud corollarium arguitur quia subiectum
1463 2423 2524 2546 antecedens sunt una tantum quantitate quanta
1460 2485 2502 2620 igitur una quantitate possunt esse aequa-
1471 2568 2492 2701 lia patet consequentia quia quantitas est
1474 2630 2478 2757 2m quam aequales vel inaequales
1463 2698 2529 2857 dicuntur sicut patet per philosophum in praedicamentis ¶
1457 2797 2501 2925 Ad istud posset primo dici quod non
1473 2858 2533 2988 esset contra corollarium quia quantitas non
1477 2922 2579 3034 est de intrinseca ratione et essentiali ipsorum
1485 2995 2530 3140 ipsorum quantorum ¶ 2o potest dici negando
1472 3072 2507 3217 assumptum quia tenendo oppinionem
1473 3154 2508 3284 conclusionem quantitas accentis et substantiae non est
1467 3217 2576 3368 quantitas simpliciter una sed quodlibet istorum
1484 3300 2485 3447 est quantitas quia ipsum est quantum ¶
1469 3422 2473 3542 3m corollarium quamvis omnis ydemptitas philosophum
