2964 4297
229 407 1272 583 ¶ 3m corollarium deus secundum quod infinitus et
251 526 1250 643 infinite perfectus est intelligibilis
257 598 1234 725 et intelligibile obiectum omnis intellectus pro
253 674 1224 784 corollarium ex praedictis quia sola essentiam
244 754 1293 858 divina per se obiective Et veritas divina
240 816 1278 943 per se dispositive in divinis est proprie
260 892 1263 1021 intelligibile sed quodlibet horum con
251 975 1257 1098 venit deo secundum quod infinite perfectus
239 1044 1237 1181 igitur corollarium verum ¶ Contra istud est
263 1107 1255 1241 ultima ratio primi argumenti quia 2m
258 1197 1255 1324 quod dicitur primo physicorum Infinitum
276 1258 1289 1388 in quantum infinitum est incognitum
269 1342 1237 1459 / Ad istud potest primo dici quod verum
264 1418 1261 1541 est conprehensive extrinsece 2o quod
265 1481 1261 1596 loquitur de infinito materiali ei
253 1568 1263 1691 cognitione intellectus finiti ¶ 3o aliter
265 1669 1246 1756 est dicere est incognitum et non
268 1716 1253 1844 est cognoscibilis quia licet nfi
274 1784 1243 1915 initum afinito non sit cognitum
269 1865 1259 1998 est tamen ex se infinite cognoscibi
265 1945 1249 2061 le Qime nomen ipstans sive
259 2017 1253 2135 inperfectione perfectionem simpliciter de
252 2082 1270 2191 deo dici potest formaliter probatur
266 2149 1271 2276 quia deus formaliter est omne illud
256 2220 1263 2350 quod est melius ipsum quam non ipsum
267 2300 1286 2428 sed venerabilem anselmus mondogio capitulo 15 quia
264 2382 1243 2489 est quus melius cogitari non potest
251 2450 1274 2570 prosogion et et 3 capitulis igitur conclusio va conclusio
279 2556 1269 2657 satis nota suvendum tamen est dictum
273 2614 1242 2726 anselmus monologion 15 ad sanum intellectum
270 2682 1246 2793 alibi datum ¶ Contra istam argustinur
250 2762 1231 2884 ratione frantis de mrchia libro primo
261 2832 1268 2960 distinctione 2 quaestione 2a articulo 3o quando aliqua se
271 2905 1278 3035 ipsis totaliter distinguir et in nullo
262 2984 1214 3071 formaliter conveniunt nulla ratio
281 3055 1251 3173 formaliter abstracta ab uno con
269 3126 1285 3246 venit formaliter alteri patet quia aliter
275 3190 1255 3325 formaliter convenirent in aliquo
273 3281 1273 3410 sed deus et creatura sunt huius igitur etc
274 3352 1246 3480 tunc ultra omne nomen transcen
255 3414 1289 3571 deus quod habet viator est abstractum
1417 393 2440 519 a creatura igitur nullum tale dicitur
1414 508 2438 599 de deo formaliter ¶ ad istam rationem
1429 560 2487 686 respondet dominus alponsus et bene libro primo
1420 631 2460 721 distinctione 2 2 quaestione una articulo 4 si ratio valet
1413 713 2483 804 homo et a sunus non essent forma liters
1423 767 2450 890 al quia se ipsis totaliter distinguin
1414 832 2474 975 et per consequens conceptus animalis abstrac
1418 911 2469 1035 tus ab veo eorum alteri non conveniret
1427 980 2456 1102 Et tunc ad formam rationis ratio non
1412 1053 2431 1194 probat plus immundo viquod quod talia
1417 1138 2473 1236 abstracta non dicuntur formaliter de
1412 1194 2437 1326 deo per se sed non probatur quod non pro suis
1416 1273 2479 1423 significatis ut sunt bonitis et sapientia
1429 1349 2477 1471 et humoi alia ¶ primum corollarium contra sanctum
1410 1443 2477 1566 thomam parte prima quaestione 14 aticulo et ali
1424 1491 2462 1623 qua nomina negativa dei substantiam
1437 1572 2464 1722 significant perfecte et natura probatr
1425 1658 2443 1780 nam mmensum mmensitas infinitum
1411 1727 2457 1861 infinitas sunt nomina negativa et
1428 1792 2415 1934 significant dei substantiam et nam igitur corollarium
1415 1873 2469 1991 verum maior nota et minor est richardum 2o de
1412 1947 2475 2077 trinitate capitulo 7 dicentis procto hbenus quod subiecti
1418 2021 2480 2157 divinia non sit aliud aliquid quod inmen
1439 2105 2448 2224 sitas sua immensitas aut divina
1423 2175 2497 2297 non est aliud quod infinitas igitur etc hoc
1429 2249 2473 2384 corollarium prolixe deducitur per thoma de
1419 2314 2448 2453 argutiur quaestione prima prologi et alphon-
1421 2396 2448 2528 sum quaestione 5 articulo 2 conclusione 3a ¶ sed contra
1431 2460 2485 2583 illud arguit franctiscus de mnrchi
1414 2539 2472 2680 d ubi prius quaestione prima si immensitas
1414 2619 2502 2739 convenit deo formaliter vel aliquid ne
1425 2691 2460 2806 gaturum vel per informationem vel per
1423 2756 2472 2888 ydemptitatem non per informationem quia
1428 2826 2463 2963 actus simplex et purus non potest esse
1424 2906 2494 3052 subiectum alterius per informationem teste bo
1432 2974 2472 3083 etia libro de tritate capitulo 2o non etiam pe
1430 3046 2454 3181 ydemptitatem quia nec negativum
1422 3109 2502 3254 nec pravatum cum positivo per ydemptitam
1419 3191 2520 3324 coincidere possunt ¶ Ad istud respondeo cum
1431 3265 2476 3400 arguitur si mienstas convenit deo vel
1427 3360 2490 3475 igitur per informationem vel per ydemptitate
1426 3431 2470 3562 dico quod per ydemptitatem Et cum arguitur quod non
