2964 4310
215 427 1230 600 rei quidditatem ens est huius igitur
226 505 1252 653 exprimit rei quidditate sed omnis
227 582 1279 742 talis de telibeus probeatur in quid igitur conclusio falsa
213 667 1251 791 ¶ Ad istam rationem dicit brinkil
235 752 1264 871 in quae utrum ad creatum et in creatum
225 803 1258 962 sit aliquod comquene univocum concedendo
227 885 1279 1059 maiorem primae rationis ymmo est sua secunda
226 981 1253 1119 suppositio sed negat minorem eiusdem
224 1089 1245 1213 rationis et ponit oppositum informa in pa
213 1155 1243 1282 sua conclusione et si quaeretur Cum ens non
230 1237 1233 1360 praediceretur in quale nec etiam in quid
223 1317 1253 1450 videtur quod porphirius insufficienter divi
219 1371 1265 1499 sit ¶ 2o videtur quod eseac inveniere ali
220 1490 1259 1590 quem novi modum praedicandi potest posi
223 1536 1232 1676 tos aphio posot phirio et communetr
238 1627 1247 1758 ¶ Respondet ad primum quod porphirius
232 1673 1268 1819 dedit ibi modos praedicandi de genere
235 1759 1256 1920 specie et differentia sed ens nullum est istorum
199 1841 1213 1990 Ad aliam respondet quod non oportet dare
227 1918 1253 2066 novum sed est antiquis quae ponitu
225 2004 1270 2145 philosophus 7 metaphysicate communito 59 ubi potest
236 2100 1249 2213 quod praedicatio in quid alia est naturlis
233 2166 1234 2291 alia non naturlis unde dicit quod est
229 2250 1229 2335 praedicatio naturalis utrum haec omnia
239 2316 1264 2442 sint vera comitto investigare vo
239 2396 1249 2498 leti videtur tamen textus arguitu esse contra
235 2467 1266 2607 eum quam ipse adducit pro se quia
238 2527 1244 2670 arietelis dicit quod praedicatio in quid etc
235 2623 1235 2741 si quis autem viam magis conclusionem
238 2681 1270 2816 sequi affectat potest negare primae ratio
242 2798 1282 2883 veis maiorem et auctoritates quae pro ea
239 2840 1280 2958 sonant ex ponere quod vere sunt de hiis
245 2917 1246 3010 quae contibiliter praedicantur et adaequam
241 2991 1277 3097 te sic vero non praedicatur ens de substantia
250 3043 1257 3192 vel accidente sicut patet ¶ primum corollarium contra
249 3112 1212 3248 doctoris subtilis lib primo distinctione 3 quaestione
229 3194 1236 3310 nullum novi vocale vel mnitale
243 3266 1267 3387 est deo et creaturae univoce conclusione
246 3348 1248 3475 probatur quia maxime videretur de co
246 3442 1269 3592 ceptum mentis entis sed hoc est falsum
1422 428 2438 523 nam minus convenit deo cum ente
1429 506 2494 617 creato quam substantia cum accidente igitur etc ista
1413 584 2458 711 propositio est doctoris sollemp parte 2a
1423 641 2459 754 articulo 2 2o vel 23 secundum aliam connotationem
1417 716 2418 850 est domini Iacobi de viterbio primo
1422 791 2497 920 quolibet quaestione prima doctoris sancti parte parte
1413 861 2459 1003 quaestione 14 articulo 5 domini Egidii theroicae 5
1417 952 2475 1062 in tractatu de corporis christi ubi dicit
1411 1030 2446 1144 nichil reperitur univoce in creatura
1417 1080 2514 1223 et ceator probo istud corollarium per venerabilem
1411 1170 2479 1286 anselmus monologion capitulo 26 in fine et 27 in
1410 1234 2412 1386 principio ubi expersse ipsum ponit
1418 1298 2426 1432 et eodem libro capituli ubi plura ad
1402 1388 2444 1535 propositum ponit Et linconiensis expositio
1422 1460 2480 1591 nenus dyoium de angelica ieractia
1416 1530 2414 1653 capitulo 2o parte 4 super omnium subsiectam
1413 1600 2524 1717 et vitam inquit linconie ichrar
1396 1673 2498 1794 chia in divinitas non est substectia neque
1403 1746 2457 1861 vita univoce dicta cum subsiecta seu
1398 1827 2491 1938 vita alia simile dicit super capitulo 3 parte
1391 1903 2446 2038 5 plures rationes et auctoritates pro ista
1409 1961 2455 2115 conclusione adducunt doctores prnotati
1417 2025 2435 2188 ad istam conclusionem et significanter doctor
1400 2111 2446 2247 solemprecitat auctoritatem boeca libro
1404 2190 2485 2319 suo de trti 11 8 et c capitulis cum quainto
1409 2279 2449 2408 ibidem ¶ Contra istud omnis in
1406 2357 2439 2472 tellectus artus de uno conceptum et
1397 2423 2436 2573 dubius de diversis habet conceptum de
1404 2497 2428 2638 quo est certus alium a coceptibus de
1405 2581 2431 2734 quibus est dubius sed intellectus
1401 2664 2430 2791 viatoris potest esse gertus de dee quod
1404 2732 2458 2878 sit ens dubitando deente finito
1404 2808 2484 2958 vel infinito creato vel in creato igitur con
1418 2899 2441 3016 ceptus entis de deo est alius a
1413 2967 2466 3117 conceptum isto vel isto igitur neutra ex
1419 3053 2497 3186 se et in utroque includitur igitur a deos
1414 3138 2457 3260 est univocus 3s alias rationes facit
1407 3216 2469 3345 sibi scilicet doctor subtilis quas dimvitto
1405 3301 2466 3417 videat qui vult ¶ Ad istam rationem
1393 3374 2491 3506 quantum ad praesens licet posset distingui maior
1402 3455 2475 3595 propter istum terminum conceptus quantum
