2964 4328
548 451 1554 596 tamen facit ad propositum nego eam nam
551 530 1531 650 intellectus aliquis potest esse certus
540 599 1548 726 destinctiva vera facta ex tontradicoriis
553 673 1516 811 oppositis partibus et de biis de utraque
545 738 1495 896 parte sicut de illa pluro est vel
546 812 1553 972 sno est et tamen non oportet quod haboat con
552 897 1578 1043 ceptum distinctum ¶ 2o pono quod ha
555 953 1569 1108 ccalarius sit terminus aequivocus ad
559 1045 1587 1178 baccalarium in medicina et in the
552 1107 1566 1253 prima et hoc scientias et sic Iohannes ba
559 1196 1587 1305 ccalarius in theologia pe vero in me
554 1285 1541 1396 dicima et scientias sed nescias quis
543 1342 1586 1472 eorum sit medicus vel quis theologus
543 1422 1552 1582 tunc sic tamen es certus quod iohannes est bac
547 1498 1553 1619 calarius et petrus est bactis sed ne
553 1574 1543 1718 scis utrum sit bactis medicus vel
544 1660 1534 1779 theologas igitur per modum suum argu
555 1724 1540 1853 endi iste terminus baccalarius erit
549 1813 1544 1915 alter ab utroque istorum et in utroque
561 1883 1540 2004 includitur igitur est vnivocus quod est
568 1944 1534 2062 alum ¶ 2m corollarium contra magistrum gregorius
542 1999 1576 2124 libro primo distinctione 8 quaestione 3 articulo 2o positire
539 2096 1549 2228 propria esse simplexdei non est res
532 2169 1525 2299 alicuis paeteri probatur quia tunc termins
540 2244 1527 2348 talis parti de deo et creatoris uniu
536 2293 1549 2443 noce praeretur ¶ Ista conclusio est de men
538 2382 1561 2505 te omniu doctorum quos vidi in ista
521 2454 1544 2581 materia usque ad gregorius et tenet ea
523 2522 1561 2658 magister hugolinus in suo primo crca 8 distinctione m
540 2603 1561 2732 ¶ Contra corollarium 2m arguitur sic omne quod
535 2685 1521 2803 ptetur ve et in quid de pro nomine
518 2762 1551 2872 demonstrantae aliquod rem et de pro no
520 2825 1553 2940 ninem demonstrante aliquam aliam
519 2898 1557 3037 rem specifice distinctam ab illa
528 2972 1501 3110 nec tamen sit de quolibet est genus
514 3036 1528 3179 ius rei sed sic est hoc novi spiritus
541 3130 1549 3255 respectu dei et aliorum igitur etc ¶ Ad ista rationem
529 3206 1550 3333 nego primo ao rs nisi praediceretur de
521 3281 1525 3393 eis univoce et secundum eadem rationem
522 3350 1527 3484 quidditativam ¶ 2o nego minorem
533 3397 1528 3522 quia deus non dicitur specifice
534 3458 1571 3607 ab aliquo distingui quare magister
1711 437 2728 611 hugolinus merito mirabatm de processui
1691 522 2791 706 stius doctoris in materia ista ¶ corolarium
1717 598 2784 772 summendo conceptum propri pro unuo t
1714 669 2763 839 co et trctae proprio quaestio estr falsa silaum
1696 769 2721 934 ge sumendo pro conceptum rei sig
1714 836 2723 986 ficativo aequivocio vel anmorogo
1725 909 2788 1104 potest concedi quaestio patet hoc corollarium exprectis
1709 970 2749 1160 super in 2a conclusione 2 matera ista ¶ Contra
1704 1046 2740 1242 istud corollarium videtur esse beatus augustinum
1703 1109 2697 1283 de verbis domini sermone 8 ubi dicitur
1702 1186 2705 1343 qui carnalia transfere ad spirativa
1701 1258 2762 1409 cupiunt facilius seducunt stet in
1699 1356 2713 1510 tutiones et nomina nostra sunt huius
1693 1416 2714 1581 igitur etc ¶ Ad istam auctoritatem respondet
1691 1484 2728 1662 doctor solemp ubi prius quaesie ti d quod
1705 1563 2739 1716 verum est de transfentibus 2m eadem licu
1701 1635 2745 1806 ficationem et modem sigficandi eundem
1702 1712 2767 1898 quod tales namque secundum secundum quod augustinus
1699 1782 2704 1947 docet primo de trinitae capitulo primo per hoc
1717 1859 2710 2027 patet quid est dicedum ad quaestionem et etiam
1720 1917 2490 2054 ad 3am principalem rationem igitur etc ¶
1913 1985 2736 2142 nunc de proprietatibus etc postquam
1912 2063 2759 2233 magister tractavit de nominibus quae
1881 2140 2721 2290 de deo extrinsece dici possunt nunc
1687 2185 2683 2337 vult tractare de proprietatibus quae deo
1702 2272 2730 2419 intrinsece convenit et habetc pars dividitur
1716 2353 2739 2507 in duas partes quia primo magister de
1703 2408 2751 2587 terminat de hiis proprietatibus secundum esse earum
1712 2505 2706 2665 primum 2o 2m esse earum comparatum tunc
1704 2571 2708 2703 a pars incipit in 27 distinctione hic potest
1699 2648 2748 2798 quaeri prima pars dividitur in 3s partes
1702 2712 2748 2856 quia primo magister ostendit qualiter
1691 2791 2727 2944 hoc nomum ypostas in divinis debet
1702 2867 2754 3034 admitti ¶ 2o quibus nominbus nominbus
1707 2953 2719 3089 proprietates ypostasim debet nominari
1689 3018 2721 3164 et 3o movet quasdam quaestiones et
1690 3082 2743 3244 ostendit qualiter debent solvi tunc
1697 3166 2721 3326 2a pars incipit ibi iam de prorietatibus
1701 3235 2708 3386 3 ibi hic quaeritur quo ¶ Et tunc
1695 3311 2714 3450 sequitur 27 distinctione quae dividitur in tres
1713 3375 2733 3530 partes quia primo magister ostendit qualiter
1696 3463 2688 3579 iste proprietates se habent ad nomina
