2964 4286
235 386 1254 582 personalia ¶ 3o dat quandam resectuam
244 516 1272 658 generalem quantum ad substantialia et notiona
232 581 1255 722 slia tunc 2a pars est ibi hic non est
247 663 1250 783 potest mittendum 3a ibi et est hic
239 729 1247 830 aditendum quae posset dividi
254 804 831 920 in 3 sed partes praetebunt
418 873 1281 991 trum praecise tot sint personae divinae
440 947 1239 1058 idem omnie essentiae quot sunt
439 1019 1256 1125 proprietates relative ab eadem
249 1083 1246 1201 in distincte et arguitur primo quod non quia
246 1148 1255 1264 praest supposita relativa in divinis est
262 1220 1247 1351 suppositum absolutum igitur quaestio falsa consequentia
251 1306 1258 1411 patet quia tot sunt suppositam rela
251 1384 1293 1505 tiva quot sunt proprietates relative
239 1446 1279 1575 igitur si praest illa est unum absolutum
256 1534 1281 1664 sequitur quod quaestio sit falsa assumptum
253 1608 1275 1734 arguitur tamen primo quia essentia di
262 1695 1252 1810 vina est natua singularis indu
250 1760 1273 1858 visa a se et divisa ab omni alia
256 1843 1263 1960 essentia sed ista videtur ratio suppositi
246 1914 1263 2007 igitur tum 2o quia essentiae divinae compae
257 1986 1288 2107 tunt actiones sed actiones sunt suppitio
256 2057 1279 2181 ficorum igitur tum 3o quia intelligere
248 2137 1299 2256 essentiale praecedit intelligere notiona
251 2203 1252 2334 le sed intelligere solum convenit perso
254 2287 1258 2413 ne vel supposito secundum philosophum primo de
257 2367 1265 2501 anima igitur etc ¶ 2o sic personae divinae non
259 2429 1275 2568 sunt omnino idem essentiae igitur quaestio falsa
265 2518 1261 2639 patet consequentia antecedens probatur cum primo quia
263 2590 1267 2707 de essentia et persona dicunt vere contraria
259 2654 1259 2789 ¶ 2o quia filius est aliquid quod
271 2726 1257 2868 non est pater igitur aliquid quod non essentia
255 2803 1254 2931 divina patet consequentia quit quod enim est essentia
265 2887 1279 2998 est pater antecedens deducitur quia filius
263 2964 1255 3079 est suppositum filii quod non est pater
263 3015 1230 3149 3o quia essentia est perfectio simpliciter
272 3106 1280 3229 et supposita non igitur etc ¶ 3o plures sunt
265 3153 1282 3308 proprietates relative qua personae nec
276 3246 1264 3376 sunt tam idem essentiae sicut personae
260 3307 1273 3469 igitur quaestio falsa patet consequentia assumptum arguitur
286 3385 1269 3554 tum primo quia non quaelibet proprietas
1428 421 2454 564 constituit tamen 2o quia tet sunt res
1431 505 2442 641 quoet ad intra quat sunt relationes ¶ tum
1434 577 2422 705 3o quia secundum doctia subtilis libro primo distinction
1429 655 2417 780 3 quaestione prima proprietas personalis et
1430 719 2425 853 essentia formaliter distinguuntur et per
1450 803 2439 924 sona non igitur quaestio falsa ¶ In oppositum
1431 876 2465 999 est magister in littera distinctione 26 et 27 et patet
1420 936 2441 1068 veritas per decretalem pro veritate etiam quaestio
1430 1022 2407 1140 nis est dictum dichuadum 4 de trinitate capitulo 17
1415 1079 2429 1223 ubi proprietates esse quot personae
1373 1157 2421 1279 prima conclusio actus originis et proprietas
1428 1215 2481 1342 relativa notionalis sunt idem formaliter
1422 1303 2472 1424 in divinis haec conclusio est expressa determinatio
1428 1374 2458 1481 magistri distintione 27 primo 2o 2o et 3o capitulis
1423 1450 2416 1567 ubi ostendit easdem esse proprietates
1418 1528 2464 1638 quas augustini ut augustinum actus originis
1422 1596 2472 1706 hilarius ut proprietates expraesserat ut
1425 1661 2438 1781 patet in textu Confirmatur per augustinum 2o de
1417 1734 2406 1857 tri capitulo 3 de parvis ita videtur filius
1410 1817 2419 1937 patrem ut quaestio eum videt hoc ipso sit
1428 1864 2416 1991 filius non enim aliud est ille esse
1413 1951 2434 2070 de patre quam videre patrem ¶ Contra conclusionem
1425 2008 2461 2161 si ista conclusio est vera sequetur quod formaliter
1428 2101 2457 2236 esset idem patrem esse patrem et geni
1413 2175 2445 2290 genere filium contra augustini 5 de trinitate capitulo 5
1413 2229 2448 2358 de magnis et 11 de parvis quia pater
1409 2319 2451 2426 non dicitur pater nisi ex eo quod est ei fius
1410 2393 2453 2510 ¶ Confirmatur ratione sunt nam actus
1420 2456 2435 2579 originis est quo aliquis est ex alqu
1412 2529 2439 2661 sed relatio sine proprietas relativa non
1412 2603 2415 2729 est huius igitur sequitur quod conclusio sit falsa ¶
1410 2674 2407 2799 Ad idem conceditur prima consequens scilicet quod
1425 2733 2446 2874 idem est patrem esse patrem et filium gi
1416 2808 2452 2941 ne ¶ ad augustinum dico quod loquitur quantum
1411 2878 2455 3021 ad vocem sigficativam experssionem
1425 2961 2494 3080 non autem ad intrinsecam formalem distinc
1414 3032 2453 3176 tionem sicut supra huius distinctione 18 quod idem
1414 3112 2440 3240 est spiritum esse spiritum et tamen relatio non
1422 3188 2456 3328 sic apparet sicut in hoc nomine donum
1423 3272 2428 3407 sed quod dicit augustinus 5 de trinitate capitulo 5 sic
1427 3334 2490 3475 in proposito etiam est simliter ¶ ad con
1421 3417 2493 3555 firmationem tamen dicitur quod relatio non sit ratio
