2964 4399
520 393 1563 577 partes quia primo tractat deingenti
551 494 1537 658 proprietate seu notione ¶ 2o degeniti
532 577 1537 721 ab ingeniti distinctione et 3o de
536 646 1525 813 ipsius geniti conditione tunc 2a pars
554 724 1530 900 incipit ibi illud etiam tateri non
540 786 1564 961 oprtem ibi Sciendum quoque et sequitur tunc
536 875 1561 1023 29 distinctione Est praeterea aliud non in qua
553 947 1511 1092 tractat de 2a proprietate vel notione
544 1007 1550 1194 quae est communis spiratio Et dividitu
553 1071 1547 1263 in tres partes quia primo magister ostendit
533 1142 1560 1330 huius nominis principium multiplicem acce
556 1225 1557 1423 ptionem ¶ 2o ponit circa hoc qualiter
556 1324 1559 1473 hic accipi debeat suam intentionem
563 1357 1559 1545 Et 3o ponit suae intuitionis declare
555 1439 1548 1630 tunc 2a pars est ibi et pater ab aeterno 3a
558 1520 1593 1697 ibi omnium igitur quae sunt et haec est sententia
561 1659 817 1784 in generali
788 1672 1573 1820 trum pater aeternus suum producens
789 1734 1554 1857 incommutabile verbum et vietur
792 1779 1574 1970 proprie posset dici eius principium
554 1876 1569 2044 argculo primo quod non quia in deo non unitur
560 1956 1574 2123 est patris verbum igitur quaestio falsa consequentia nota antecedens
572 2035 1576 2176 probatur quia respectu cuiuslibet dicere vel inttlenetile
560 2108 1566 2259 est dicare verbum sed plura sunt dicere et in
563 2182 1568 2323 telligere in deo igitur plura erunt verba aio
551 2240 1566 2417 satis non videtur minor est aselmim modoniam
555 2329 1587 2472 capitulo 6 2 ubi agit quod quaelibet persona se
554 2391 1558 2556 ipsam dicit ¶ 2o sic nullum est in divinis
555 2449 1574 2607 verbum igitur quaestio falsa consequentia nota quia si esset
546 2533 1600 2681 aut diceretur proprie essentialiter autem relative
549 2604 1583 2732 non relative tamen primo quia est actus
554 2685 1547 2802 intellectus secundum sui manifestationem
540 2745 1564 2870 quae non dicuntur relative tum 2o quia
542 2805 1591 2959 2rum augustinum de trinitate libro 15 capitulo 19 verbum est
546 2876 1584 3019 cum amore notitia sed notitia non di
549 2945 1573 3085 citur relative tamen 3o quia 2m euundem
547 3020 1536 3170 in eodem libro 15 capitulo 13 verbum ex scientia
552 3083 1609 3225 arguitur ginguitur sed scientia non dicitur relative
546 3164 1543 3287 nec dicitur essentialiter verbum quia 2m augustinum
552 3232 1579 3357 15 de trinitate capitulo 17 In hac trinitate non dici
547 3282 1551 3447 verbum nisi filius et libro 6 capitulo 2 pater
554 3360 1584 3527 et filius non simul ambo verbum sed solus
551 3445 1577 3624 filius verbum ¶ 3o sic in divinis nullum
1716 391 2769 574 est principium igitur quaestio falsa consequentia not antecedens
1704 509 1751 617 pro
1733 475 2736 631 igitur quia vel esset per conperationem ad intra
1717 548 2716 715 vel ad extra vel utrumque non primum tum
1725 625 2777 802 primo quia principium et primum idem sunt 2m
1709 705 2758 878 piosophum li paeseriorum Cum sequitur quia principium
1723 759 2740 941 et causa idem sunt 4et 5 methamae se
1727 864 2731 993 non est causa ad intra igitur nec principium nec
1725 930 2752 1067 potest dici 2m quia non videtur quare
1731 994 2788 1140 potius dicatur principium producendo ad
1729 1079 2745 1207 extra potius quod ad intra cum causatur
1722 1148 2759 1293 tum tam perfecte adintr producat sicut ab
1723 1209 2752 1394 extra nec m videtur posse dici quia
1726 1297 2749 1437 tunc vel diceretur principium aequivoce vel
1721 1366 2774 1563 univoce adintra et ad extra sed quodcumque
1726 1454 2764 1594 detur videtur esse inconveniens quare
1722 1506 2798 1677 quaest idetur falsa ¶ In oppositum est litera megr
1727 1579 2745 1723 et beati augustini in pluribus capitulis et 7 2
1732 1654 2782 1813 29 dicndum sicut planae potest patere lecun
1726 1732 2753 1904 tiquia singule perficule quaestionis satis
1727 1799 2757 1949 calare possunt haberi ¶ prima conclusio uunicus est
1729 1867 2742 2005 terminus actionis intellectualis divinae vel
1723 1943 2785 2090 paternae emanans ab ipso intelligente
1723 2022 2724 2160 sed actum manens meo alterius et sui
1730 2088 2727 2222 declativus probo istam conclusionem sic quia
1744 2157 2724 2289 si non seque quod paterius intellectus
1724 2238 2719 2378 non plene se intellexisset quod est falsum /
1720 2308 2736 2449 et quia sequitur quod talis potentia non summe ac
1725 2379 2773 2523 tuata esset et quod intellectus intrinsece se
1733 2456 2755 2613 ret poons ¶ 3o quitur quod talis terminuo n
1721 2530 2769 2673 foret productus de plena intellectus
1745 2609 2784 2748 secunditate et quaelibet concepta ab
1734 2689 2749 2823 ea intrinseca perfectio quod est falsum igitur etc ¶ contra
1733 2774 2748 2909 istam conclusionepotet argui per rationem tatta
1742 2833 2749 2962 in primo principali et potest confirmari
1737 2909 2778 3034 ex dictis venerabilis anusimi monlionm 4o capitulo ubi
1745 2985 2748 3110 inquit anselmus rem cogitari cuius me
1750 3051 2742 3189 moriam heremus hoc est mente eam
1720 3124 2763 3252 dicere sed certum est quod in deo plurast
1726 3182 2722 3299 dicere igitur et plures truium intellectuales
1732 3256 2754 3388 igitur conclusio falsa ¶ Ad istam dico quod non omne
1729 3334 2740 3473 dicere neque omne intelligere large et
1740 3405 2731 3570 comuniter loquendo de hiis terminum habet sicut
