2964 4316
307 396 1335 563 supra in quandam conclusione sciliei distinctione 6 conclusionem
323 493 1333 632 2a dixi sic etiam dicit doctor sub
314 568 1358 678 tilis detio infra 32 insolutione cuiusdam
326 649 1373 779 argument et probat per anshemum modoon capitulo primo
313 722 1343 836 et doctor sollemp parte prima arguituor
324 779 1368 909 2o quaestione ¶ primum corollarium unicum est verbum
306 860 1327 985 patris quo dicit quidquid dicit probatur
326 938 1330 1064 nam unicus est terminus actionis
314 1007 1364 1126 intellectualis divinae vel parateriae ema
323 1090 1348 1201 nans ab ipso intelligente 2m actu
320 1149 1302 1273 istum etc ut dictum est in conclusione sed
322 1218 1330 1340 verbum patris est huius igitur corollarium verum
325 1298 1329 1414 maior est conclusio informa et minor est
317 1361 1341 1495 doctoris sollempnis ubi supra ¶ contra
314 1440 1366 1576 Contra istud corollarium arguitur 2t specia contra
298 1516 1323 1649 rationem eius ex dictis sancti thomae
318 1597 1311 1728 contra gentiles capitulo 11 et etiam dictis
306 1677 1332 1805 aliorum doctorum qui verbum ut de
305 1747 1341 1866 scribitur generaliter non dicunt esse terminum
301 1827 1348 1940 intellionis emanentem ab inte
309 1900 1335 2030 lligente et arguitur sic hoc est verbum
305 1983 1365 2109 in trinis quod per se et primo significatur per
304 2053 1353 2186 verbum ex terins sed quidditas rei ut
295 2141 1347 2265 intelliecta est illud igitur corollarium falsum maior
302 2216 1329 2320 est beati augustini 15 de trinitate capitulo 11 de ma
296 2288 1329 2419 gius vel 25 de parvis verbum sonat
320 2374 1345 2500 significatum est ubi quod initus lucet cui magis
299 2450 1350 2569 competit notan minor videtur esse beati an
304 2532 1347 2651 gustini contra de trinitate capitulo 24 de parvis di
305 2610 1356 2740 centis Cum diffinitio quid sit temporan
295 2678 1324 2817 tia hoc est verbum eius ¶ ad istam
297 2778 1315 2889 rationem dico primo quod ratio reducitur
301 2846 1327 2979 contra eos faciendo aliam b sub
323 2918 1344 3062 maiori quae est boeta super illo primo
305 2994 1369 3125 per yas Sunt igitur ea quae sunt in voce
311 3083 1332 3207 earum etc obiecti dicit expresse quod nomna
302 3136 1347 3276 intellectum rei significant et rem
314 3206 1346 3333 ¶ 2o dico quod res intellectua non est nisi
303 3259 1322 3440 bum sed potius aliquid productum
309 3363 1340 3519 ex intellectione pro quo est dictum allex
1507 406 2515 518 inde memoria rerum difficitivum propositione
1516 493 2520 607 29 dicens nichil rei tune cogno
1516 543 2533 678 satur relinquitur in intelligertea sed per praesen
1509 623 2495 754 tiam rei nomi aliquod sit in ea
1497 688 2490 817 quod tamen non esset si res esset verbum
1504 767 2511 899 quia verbum relinquitur in intelli
1498 830 2526 964 gentiam ¶ 3o dico ad minoris probationem
1509 899 2590 1020 ubi etiam ex dictis augustini bene intellectius
1518 1000 2522 1121 sequitur contra ebeos nam rem di
1494 1060 2526 1171 fficitr non est res diffinita ut in
1510 1136 2517 1266 tellecta igitur si rem diffine est verbum
1497 1214 2523 1354 rei sequitur quod verbum rei non erit
1504 1272 2539 1394 ipsa res unde ad formam verborum
1492 1361 2502 1497 dico quod diffinitio est rei verbum
1491 1417 2521 1565 sed numquam nisi quain est diffinentis
1504 1481 2509 1614 actus vel intellectionis terminus sub
1502 1547 2523 1699 tilis contra idem dictum corollarium videtur
1496 1631 2539 1766 esse dictum basilii sernmone 3o de spiritu sancto
1497 1707 2521 1841 ubi dicit sicut filius se habet ad
1506 1781 2544 1902 patrem eodemo spiritus se habet ad fi
1510 1869 2545 2003 lium et propter hoc dei quidem verbu
1500 1935 2537 2086 filius verbum aut filii spiritus sanctus
1500 2031 2519 2145 igitur videtur quod non unicum sit verbum
1502 2081 2512 2235 quod est contra corollarium / Ad istud potest dici
1494 2149 2521 2312 sed quod dicit beatus thomas quaestione 4 de
1476 2223 2494 2384 veritate articulo 4 i quod graeci usi sunt
1495 2305 2486 2418 nomiine urbi et etiam ymaginis
1483 2371 2489 2534 pro omni eo quod procedit in divinis
1503 2447 2506 2592 et sic spiritus sanctus dicitur verbum sed tamen
1485 2514 2530 2671 proprie novi ubi dicitur deo quod procedit
1491 2596 2535 2726 ab intellectu non procedit non potest dici
1478 2674 2518 2815 verbum nisi menthaphorite Eex quo
1496 2763 2497 2902 patet quod vasilius non proprie sed potius
1503 2823 2505 2977 methaltate usus est hoc nomnen
1501 2886 2516 3042 verbum et sic non facit contra dicta in corollario
1484 2977 2508 3115 isto primo ¶ 2m corollarium contra doctoris
1504 3060 2493 3194 subtilis libro primo distinctione 27 quaestione prima
1495 3133 2522 3268 verbum non est actus intelligendi sed
1489 3219 2545 3364 est terminus actus dicendi probatur
1508 3297 2563 3433 quia si non esset verum sequitur quod actio esset
1499 3403 2564 3513 terminus actionis quod etiam 2m eum est falsum
