<?xml version="1.0" encoding="UTF-8" standalone="yes"?>
<PcGts xmlns="http://schema.primaresearch.org/PAGE/gts/pagecontent/2013-07-15" xmlns:xsi="http://www.w3.org/2001/XMLSchema-instance" xsi:schemaLocation="http://schema.primaresearch.org/PAGE/gts/pagecontent/2013-07-15 http://schema.primaresearch.org/PAGE/gts/pagecontent/2013-07-15/pagecontent.xsd">
    <Metadata>
        <Creator>prov=University of Rostock/Institute of Mathematics/CITlab|PLANET AI GmbH/Gundram Leifert/gundram.leifert@planet-ai.de:name=clm26711-m6(htr_id=25168)::::v=2.6.6
prov=University of Rostock/Institute of Mathematics/CITlab|PLANET AI GmbH/Tobias Gruening/tobias.gruening@planet-ai.de:name=de.uros.citlab.module.baseline2polygon.B2PSeamMultiOriented:v=2.6.6
prov=University of Rostock/Institute of Mathematics/CITlab|PLANET AI GmbH/Tobias Gruening/tobias.gruening@planet-ai.de:name=/net_tf/LA73_249_0mod360.pb:de.uros.citlab.segmentation.CITlab_LA_ML:v=2.6.6
Transkribus</Creator>
        <Created>2020-02-15T09:48:23.396-05:00</Created>
        <LastChange>2020-07-06T18:36:39.121+02:00</LastChange>
        <TranskribusMetadata docId="324541" pageId="12773335" pageNr="245" tsid="33593803" status="IN_PROGRESS" userId="25065" imgUrl="https://files.transkribus.eu/Get?id=KYJHFBOYKYLDFLYTYJKFNEHH&amp;fileType=view" xmlUrl="https://files.transkribus.eu/Get?id=URBVLGDBDRPHFCUPNLPXILFJ" imageId="9020583"/>
    </Metadata>
    <Page imageFilename="124r.jpg" imageWidth="2964" imageHeight="4295">
        <ReadingOrder>
            <OrderedGroup id="ro_1594074154813" caption="Regions reading order">
                <RegionRefIndexed index="0" regionRef="r3"/>
                <RegionRefIndexed index="1" regionRef="r4"/>
            </OrderedGroup>
        </ReadingOrder>
        <TextRegion orientation="0.0" id="r3" custom="readingOrder {index:0;}">
            <Coords points="285,411 285,3481 1340,3481 1340,411"/>
            <TextLine id="r3l1" custom="readingOrder {index:0;}">
                <Coords points="322,486 446,463 538,506 580,483 822,534 913,498 1023,544 1159,500 1243,527 1347,501 1349,419 1277,450 981,429 929,456 851,397 773,434 327,387"/>
                <Baseline points="330,444 380,453 431,461 481,467 532,472 582,477 633,482 683,485 734,488 784,490 835,492 885,494 936,494 986,495 1037,495 1087,497 1138,497 1188,497 1239,497 1289,497 1340,497"/>
                <TextEquiv>
                    <Unicode>doctor sanctus parte prima quaestione 3 argumentur </Unicode>
                </TextEquiv>
            </TextLine>
            <TextLine id="r3l2" custom="readingOrder {index:1;}">
                <Coords points="316,571 660,554 842,606 956,571 1002,610 1145,568 1308,608 1336,518 1024,544 911,500 825,541 673,496 319,486"/>
                <Baseline points="324,524 374,529 424,534 474,539 524,543 575,547 625,551 675,554 725,557 775,559 826,561 876,564 926,566 976,566 1026,567 1077,567 1127,567 1177,567 1227,567 1277,566 1328,564"/>
                <TextEquiv>
                    <Unicode>primo et aegidius in isto primo distinctione 29 </Unicode>
                </TextEquiv>
            </TextLine>
            <TextLine id="r3l3" custom="readingOrder {index:2;}">
                <Coords points="318,643 638,626 730,676 827,642 897,684 969,640 1335,650 1337,607 1147,574 997,609 633,558 321,570"/>
                <Baseline points="327,599 377,604 427,608 477,612 527,616 577,621 627,623 677,626 727,629 777,632 828,635 878,636 928,638 978,639 1028,639 1078,641 1128,641 1178,641 1228,639 1278,639 1329,638"/>
                <TextEquiv>
                    <Unicode>quaestione prima ubi in probat modum loqundi </Unicode>
                </TextEquiv>
            </TextLine>
            <TextLine id="r3l4" custom="readingOrder {index:3;}">
                <Coords points="317,689 530,736 582,701 771,707 861,756 966,710 1280,734 1323,711 1325,648 1039,645 897,684 583,628 319,643"/>
                <Baseline points="324,674 373,678 423,682 472,686 522,688 572,692 621,695 671,697 720,699 770,702 820,704 869,707 919,707 968,709 1018,710 1068,711 1117,711 1167,711 1216,711 1266,711 1316,710"/>
                <TextEquiv>
                    <Unicode>ubi supra et distinctione 29 primi sententiarum ¶ contra </Unicode>
                </TextEquiv>
            </TextLine>
            <TextLine id="r3l5" custom="readingOrder {index:4;}">
                <Coords points="300,793 347,807 427,760 479,806 851,773 960,826 1042,782 1301,804 1303,726 1252,720 1167,754 1085,716 856,751 779,708 653,737 303,714"/>
                <Baseline points="308,744 357,749 406,752 456,755 505,759 554,762 604,765 653,767 702,770 752,773 801,774 850,776 900,777 949,779 998,780 1048,780 1097,780 1146,780 1196,780 1245,780 1295,779"/>
                <TextEquiv>
                    <Unicode>istam conclusionem videtur esse damastis </Unicode>
                </TextEquiv>
            </TextLine>
            <TextLine id="r3l6" custom="readingOrder {index:5;}">
                <Coords points="304,834 412,876 622,847 664,884 703,848 968,855 1077,900 1139,860 1214,897 1301,856 1302,804 1239,779 980,826 780,779 504,811 416,761 349,806 305,794"/>
                <Baseline points="311,834 360,836 409,837 458,839 507,840 557,842 606,843 655,845 704,846 753,848 803,849 852,849 901,851 950,851 999,851 1049,851 1098,851 1147,851 1196,849 1245,849 1295,846"/>
                <TextEquiv>
                    <Unicode>libro primo capitulo 11 ubi vult quod pater sit </Unicode>
                </TextEquiv>
            </TextLine>
            <TextLine id="r3l7" custom="readingOrder {index:6;}">
                <Coords points="317,923 443,920 508,960 618,931 664,973 727,925 1318,937 1302,861 1214,897 788,855 665,884 508,844 318,876"/>
                <Baseline points="324,911 373,914 422,915 472,917 521,919 570,920 620,921 669,923 718,924 768,924 817,924 866,926 916,926 965,926 1014,926 1064,924 1113,924 1162,923 1212,922 1261,921 1311,920"/>
                <TextEquiv>
                    <Unicode>causa filii Ad istud respondent doctores </Unicode>
                </TextEquiv>
            </TextLine>
            <TextLine id="r3l8" custom="readingOrder {index:7;}">
                <Coords points="305,996 525,1032 967,1006 1014,1045 1109,1008 1341,1022 1341,965 1299,934 1189,968 1157,941 716,931 667,971 306,920"/>
                <Baseline points="312,978 363,984 414,989 465,993 516,996 567,999 618,1001 669,1002 720,1004 771,1004 823,1004 874,1004 925,1004 976,1004 1027,1004 1078,1002 1129,1002 1180,1002 1231,1002 1282,1002 1334,1002"/>
                <TextEquiv>
                    <Unicode>praedicti quod graeci aliter vbiertuntur hoc vocabu </Unicode>
                </TextEquiv>
            </TextLine>
            <TextLine id="r3l9" custom="readingOrder {index:8;}">
                <Coords points="308,1077 1316,1107 1318,1022 1012,1045 968,1008 745,1046 642,1007 524,1043 310,998"/>
                <Baseline points="315,1061 364,1064 414,1068 464,1071 514,1074 563,1076 613,1079 663,1080 713,1082 762,1082 812,1083 862,1085 912,1085 961,1085 1011,1086 1061,1086 1111,1086 1160,1086 1210,1086 1260,1088 1310,1088"/>
                <TextEquiv>
                    <Unicode>lo tamusna nos iam damascenus graecus lo</Unicode>
                </TextEquiv>
            </TextLine>
            <TextLine id="r3l10" custom="readingOrder {index:9;}">
                <Coords points="277,1208 412,1154 1010,1206 1314,1167 1314,1119 1203,1094 976,1130 807,1127 777,1096 565,1119 455,1076 279,1110"/>
                <Baseline points="285,1143 336,1146 387,1148 438,1149 489,1152 540,1154 591,1155 643,1157 694,1158 745,1160 796,1161 847,1161 898,1163 949,1163 1001,1163 1052,1163 1103,1161 1154,1160 1205,1159 1256,1157 1308,1154"/>
                <TextEquiv>
                    <Unicode>quitur ad modum graecorum nec hoc de ratio </Unicode>
                </TextEquiv>
            </TextLine>
            <TextLine id="r3l11" custom="readingOrder {index:10;}">
                <Coords points="323,1244 828,1245 876,1276 1167,1234 1205,1259 1325,1230 1326,1172 1047,1208 877,1174 726,1198 639,1160 549,1197 457,1167 324,1184"/>
                <Baseline points="330,1215 379,1218 428,1222 478,1224 527,1227 577,1229 626,1232 676,1233 725,1234 775,1235 824,1235 873,1236 923,1236 972,1236 1022,1235 1071,1235 1121,1233 1170,1232 1220,1230 1269,1229 1319,1227"/>
                <TextEquiv>
                    <Unicode>gat ei in veritate ¶ primum corollarium aliter</Unicode>
                </TextEquiv>
            </TextLine>
            <TextLine id="r3l12" custom="readingOrder {index:11;}">
                <Coords points="311,1306 482,1276 672,1340 903,1300 1078,1349 1326,1317 1327,1249 1297,1243 932,1275 312,1244"/>
                <Baseline points="318,1277 368,1280 418,1284 468,1287 518,1290 568,1293 618,1295 668,1297 718,1298 768,1299 818,1299 868,1300 918,1301 968,1301 1018,1301 1068,1299 1118,1299 1168,1299 1218,1298 1268,1298 1319,1296"/>
                <TextEquiv>
                    <Unicode>dicitur principium movis per comparationem </Unicode>
                </TextEquiv>
            </TextLine>
            <TextLine id="r3l13" custom="readingOrder {index:12;}">
                <Coords points="309,1358 461,1358 594,1406 950,1376 1174,1418 1316,1405 1318,1320 1243,1310 1077,1343 945,1309 671,1341 564,1295 516,1325 385,1287 310,1307"/>
                <Baseline points="315,1341 364,1347 414,1353 464,1356 514,1361 564,1363 613,1365 663,1368 713,1369 763,1371 813,1371 862,1371 912,1373 962,1373 1012,1373 1062,1373 1111,1373 1161,1373 1211,1373 1261,1374 1311,1374"/>
                <TextEquiv>
                    <Unicode>adintra quam per comparationem ad extra probatur </Unicode>
                </TextEquiv>
            </TextLine>
            <TextLine id="r3l14" custom="readingOrder {index:13;}">
                <Coords points="302,1445 1150,1470 1309,1453 1324,1409 1059,1422 953,1381 914,1409 828,1382 518,1410 411,1361 362,1394 303,1376"/>
                <Baseline points="308,1428 358,1430 408,1433 459,1435 509,1437 560,1439 610,1440 661,1443 711,1443 762,1445 812,1446 862,1447 913,1448 963,1448 1014,1448 1064,1448 1115,1447 1165,1446 1216,1445 1266,1443 1317,1442"/>
                <TextEquiv>
                    <Unicode>ex conclusione quia sic dicitur principium et ca</Unicode>
                </TextEquiv>
            </TextLine>
            <TextLine id="r3l15" custom="readingOrder {index:14;}">
                <Coords points="308,1518 471,1560 708,1509 996,1560 1185,1518 1255,1558 1290,1535 1291,1450 1096,1484 1027,1453 870,1482 811,1451 745,1499 588,1455 416,1447 350,1481 308,1454"/>
                <Baseline points="315,1502 363,1506 411,1508 460,1511 508,1512 557,1515 605,1516 654,1518 702,1518 751,1520 799,1520 847,1520 896,1520 944,1518 993,1518 1041,1517 1090,1515 1138,1514 1187,1513 1235,1511 1284,1508"/>
                <TextEquiv>
                    <Unicode>et non sic dicit ad intra igitur corollarium verum </Unicode>
                </TextEquiv>
            </TextLine>
            <TextLine id="r3l16" custom="readingOrder {index:15;}">
                <Coords points="310,1622 403,1588 511,1616 667,1592 858,1647 1163,1595 1299,1634 1300,1528 1089,1575 698,1523 471,1561 312,1515"/>
                <Baseline points="318,1578 366,1580 415,1583 464,1584 513,1586 561,1588 610,1590 659,1592 708,1594 756,1595 805,1596 854,1598 903,1598 951,1598 1000,1598 1049,1596 1098,1595 1146,1592 1195,1590 1244,1585 1293,1581"/>
                <TextEquiv>
                    <Unicode>prima pars autem est nota et est contra igitur </Unicode>
                </TextEquiv>
            </TextLine>
            <TextLine id="r3l17" custom="readingOrder {index:16;}">
                <Coords points="298,1674 643,1682 694,1714 773,1678 976,1711 1182,1681 1234,1715 1343,1671 1343,1629 1172,1610 781,1648 725,1602 672,1641 481,1590 298,1628"/>
                <Baseline points="305,1662 356,1664 408,1665 459,1667 511,1669 563,1671 614,1673 666,1674 717,1674 769,1676 821,1677 872,1677 924,1676 975,1676 1027,1674 1079,1673 1130,1671 1182,1668 1233,1664 1285,1660 1337,1655"/>
                <TextEquiv>
                    <Unicode>etc ¶ Contra primum corollarium vel igitur aeque </Unicode>
                </TextEquiv>
            </TextLine>
            <TextLine id="r3l18" custom="readingOrder {index:17;}">
                <Coords points="309,1754 633,1748 677,1779 750,1756 864,1796 905,1760 1042,1773 1130,1739 1241,1770 1312,1735 1313,1674 1236,1713 775,1677 698,1712 566,1681 459,1720 347,1662 309,1676"/>
                <Baseline points="315,1728 364,1731 414,1733 463,1736 513,1739 562,1741 612,1743 661,1745 711,1746 760,1747 810,1748 859,1749 909,1749 958,1749 1008,1748 1057,1748 1107,1746 1156,1744 1206,1742 1255,1740 1305,1736"/>
                <TextEquiv>
                    <Unicode>primo dicitur principium ad intra et ad </Unicode>
                </TextEquiv>
            </TextLine>
            <TextLine id="r3l19" custom="readingOrder {index:18;}">
                <Coords points="311,1818 660,1823 765,1872 875,1826 1089,1863 1232,1813 1335,1837 1336,1741 1306,1735 1129,1788 904,1760 867,1794 686,1791 584,1745 312,1754"/>
                <Baseline points="318,1799 368,1803 419,1806 469,1809 520,1812 570,1814 621,1817 671,1819 722,1821 772,1823 823,1823 874,1824 924,1824 975,1823 1025,1823 1076,1821 1126,1818 1177,1816 1227,1813 1278,1808 1329,1803"/>
                <TextEquiv>
                    <Unicode>extra vel non non potest dici quod prius ad </Unicode>
                </TextEquiv>
            </TextLine>
            <TextLine id="r3l20" custom="readingOrder {index:19;}">
                <Coords points="311,1898 956,1920 1334,1893 1334,1846 1223,1819 1060,1858 878,1829 770,1870 640,1829 570,1860 492,1826 311,1832"/>
                <Baseline points="317,1883 367,1887 418,1890 468,1894 519,1896 569,1898 620,1900 670,1901 721,1901 771,1902 822,1901 873,1901 923,1899 974,1898 1024,1895 1075,1893 1125,1890 1176,1887 1226,1884 1277,1879 1328,1875"/>
                <TextEquiv>
                    <Unicode>intr tamen ad extra dicatur essentialiter </Unicode>
                </TextEquiv>
            </TextLine>
            <TextLine id="r3l21" custom="readingOrder {index:20;}">
                <Coords points="303,1969 377,2000 533,1968 752,2006 856,1975 1323,1968 1322,1907 1281,1890 980,1935 905,1907 852,1941 302,1915"/>
                <Baseline points="309,1956 359,1960 409,1964 460,1968 510,1971 560,1973 611,1974 661,1976 711,1976 762,1976 812,1975 862,1974 913,1973 963,1970 1013,1968 1064,1965 1114,1963 1164,1960 1215,1957 1265,1955 1316,1950"/>
                <TextEquiv>
                    <Unicode>nec ad extra Cum ad intra dicatur </Unicode>
                </TextEquiv>
            </TextLine>
            <TextLine id="r3l22" custom="readingOrder {index:21;}">
                <Coords points="302,2025 715,2099 801,2055 1000,2096 1086,2044 1172,2091 1314,2051 1307,1992 1028,1980 937,2016 856,1975 567,2011 302,1967"/>
                <Baseline points="308,2025 358,2030 408,2034 458,2038 508,2041 558,2044 608,2046 658,2047 708,2048 758,2049 808,2049 858,2049 908,2048 958,2048 1008,2046 1058,2045 1108,2043 1158,2042 1208,2039 1258,2037 1308,2034"/>
                <TextEquiv>
                    <Unicode>aeternaliter nec aeque primo sicut patet ex </Unicode>
                </TextEquiv>
            </TextLine>
            <TextLine id="r3l23" custom="readingOrder {index:22;}">
                <Coords points="301,2143 390,2115 492,2152 560,2124 1242,2154 1320,2113 1321,2045 1177,2090 1103,2059 1010,2096 827,2061 716,2099 302,2049"/>
                <Baseline points="308,2105 358,2108 408,2111 458,2113 509,2115 559,2117 609,2120 659,2121 710,2123 760,2124 810,2124 860,2124 911,2124 961,2124 1011,2123 1061,2123 1112,2121 1162,2119 1212,2117 1262,2114 1313,2111"/>
                <TextEquiv>
                    <Unicode>conclusione quia non eodem modo sicut dicit</Unicode>
                </TextEquiv>
            </TextLine>
            <TextLine id="r3l24" custom="readingOrder {index:23;}">
                <Coords points="309,2235 449,2213 580,2245 645,2205 734,2245 793,2200 879,2241 920,2209 1333,2175 1310,2129 1066,2166 1027,2131 799,2156 620,2124 308,2157"/>
                <Baseline points="315,2196 365,2195 416,2195 466,2195 517,2195 567,2195 618,2196 668,2196 719,2198 769,2198 820,2198 871,2199 921,2198 972,2198 1022,2196 1073,2194 1123,2191 1174,2188 1224,2183 1275,2177 1326,2169"/>
                <TextEquiv>
                    <Unicode>c9m igitur etc ¶ Ad istud simul et ad 2am </Unicode>
                </TextEquiv>
            </TextLine>
            <TextLine id="r3l25" custom="readingOrder {index:24;}">
                <Coords points="318,2284 728,2273 951,2319 1008,2284 1343,2281 1343,2207 1183,2196 1019,2247 923,2210 879,2241 666,2211 579,2245 553,2220 318,2235"/>
                <Baseline points="324,2271 374,2270 425,2270 475,2270 526,2271 577,2271 627,2273 678,2273 729,2274 779,2274 830,2276 881,2276 931,2276 982,2275 1033,2274 1083,2273 1134,2270 1185,2268 1235,2264 1286,2258 1337,2253"/>
                <TextEquiv>
                    <Unicode>rationem tactam in 3o principali di</Unicode>
                </TextEquiv>
            </TextLine>
            <TextLine id="r3l26" custom="readingOrder {index:25;}">
                <Coords points="311,2349 534,2379 635,2347 966,2381 1041,2353 1103,2384 1188,2343 1313,2347 1313,2306 1158,2277 952,2317 815,2281 311,2306"/>
                <Baseline points="318,2343 367,2343 416,2343 466,2343 515,2343 565,2343 614,2343 664,2343 713,2343 763,2343 812,2343 861,2343 911,2343 960,2343 1010,2343 1059,2342 1109,2342 1158,2340 1208,2339 1257,2337 1307,2336"/>
                <TextEquiv>
                    <Unicode>co consequentis dictis domini aegidii distetion29 </Unicode>
                </TextEquiv>
            </TextLine>
            <TextLine id="r3l27" custom="readingOrder {index:26;}">
                <Coords points="312,2442 789,2419 1098,2470 1231,2418 1329,2431 1330,2345 1238,2369 1188,2344 1103,2384 1050,2354 1002,2384 672,2348 560,2382 443,2352 312,2375"/>
                <Baseline points="318,2417 368,2415 418,2413 468,2412 519,2412 569,2412 619,2412 669,2414 720,2415 770,2415 820,2417 870,2417 921,2418 971,2418 1021,2418 1071,2418 1122,2417 1172,2415 1222,2414 1272,2411 1323,2406"/>
                <TextEquiv>
                    <Unicode>que ultimo et thomae de argustinus quod principium </Unicode>
                </TextEquiv>
            </TextLine>
            <TextLine id="r3l28" custom="readingOrder {index:27;}">
                <Coords points="307,2505 801,2501 890,2555 999,2513 1331,2508 1332,2452 1093,2475 1047,2439 955,2462 733,2421 681,2449 482,2418 383,2463 308,2435"/>
                <Baseline points="314,2492 364,2492 415,2492 465,2492 516,2492 566,2493 617,2495 667,2496 718,2498 768,2500 819,2501 870,2503 920,2504 971,2505 1021,2505 1072,2505 1122,2505 1173,2504 1223,2501 1274,2498 1325,2495"/>
                <TextEquiv>
                    <Unicode>prius dicitur ad intra quam ad extra et </Unicode>
                </TextEquiv>
            </TextLine>
            <TextLine id="r3l29" custom="readingOrder {index:28;}">
                <Coords points="320,2573 617,2586 658,2618 800,2581 1312,2584 1312,2532 1221,2545 1168,2508 889,2555 840,2525 711,2542 659,2507 320,2533"/>
                <Baseline points="326,2565 377,2567 429,2568 480,2570 532,2571 583,2573 635,2574 686,2576 738,2576 789,2577 841,2577 892,2577 944,2577 995,2577 1047,2577 1098,2576 1150,2574 1201,2572 1253,2570 1305,2567"/>
                <TextEquiv>
                    <Unicode>sic ratio non valet quia notionale non </Unicode>
                </TextEquiv>
            </TextLine>
            <TextLine id="r3l30" custom="readingOrder {index:29;}">
                <Coords points="336,2637 531,2651 636,2702 1294,2647 1294,2589 1260,2570 1039,2584 959,2621 801,2581 661,2619 336,2573"/>
                <Baseline points="342,2625 389,2630 436,2635 483,2639 531,2642 578,2645 625,2648 672,2649 720,2651 767,2652 814,2652 861,2652 909,2652 956,2652 1003,2651 1050,2649 1098,2646 1145,2644 1192,2642 1239,2637 1287,2634"/>
                <TextEquiv>
                    <Unicode>semper est posterius quolibet essentiali</Unicode>
                </TextEquiv>
            </TextLine>
            <TextLine id="r3l31" custom="readingOrder {index:30;}">
                <Coords points="303,2712 384,2758 446,2721 630,2761 751,2728 955,2769 1089,2740 1133,2769 1209,2727 1290,2736 1291,2652 1202,2689 1030,2664 913,2701 549,2692 398,2637 303,2658"/>
                <Baseline points="309,2694 357,2701 406,2708 455,2712 504,2717 552,2720 601,2723 650,2725 699,2726 747,2727 796,2728 845,2729 894,2727 942,2727 991,2726 1040,2726 1089,2724 1137,2723 1186,2721 1235,2720 1284,2720"/>
                <TextEquiv>
                    <Unicode>¶ Ad aliam rationem tactam in 3s </Unicode>
                </TextEquiv>
            </TextLine>
            <TextLine id="r3l32" custom="readingOrder {index:31;}">
                <Coords points="308,2795 403,2794 458,2837 508,2797 685,2802 735,2837 802,2804 1195,2833 1331,2816 1333,2720 1054,2769 749,2727 633,2761 567,2728 387,2756 308,2731"/>
                <Baseline points="314,2778 364,2783 415,2786 465,2789 516,2792 566,2794 617,2796 667,2796 718,2798 768,2798 819,2799 870,2799 920,2799 971,2799 1021,2798 1072,2798 1122,2798 1173,2796 1223,2796 1274,2796 1325,2795"/>
                <TextEquiv>
                    <Unicode>principali respondet thome de argustinus ominus </Unicode>
                </TextEquiv>
            </TextLine>
            <TextLine id="r3l33" custom="readingOrder {index:32;}">
                <Coords points="299,2870 1297,2876 1297,2832 1241,2813 632,2844 547,2808 455,2839 299,2817"/>
                <Baseline points="305,2856 354,2860 403,2864 452,2867 502,2868 551,2870 600,2871 649,2872 699,2873 748,2873 797,2871 846,2871 896,2870 945,2869 994,2868 1043,2867 1093,2865 1142,2863 1191,2861 1240,2859 1290,2858"/>
                <TextEquiv>
                    <Unicode>quod nec univoce nec aequivoce </Unicode>
                </TextEquiv>
            </TextLine>
            <TextLine id="r3l34" custom="readingOrder {index:33;}">
                <Coords points="301,2976 361,2945 573,2974 716,2948 859,2987 938,2950 1037,2991 1089,2955 1299,2944 1298,2863 1108,2907 744,2884 664,2910 506,2866 462,2903 300,2870"/>
                <Baseline points="308,2933 357,2937 406,2939 455,2942 504,2944 554,2945 603,2945 652,2946 701,2945 750,2945 800,2943 849,2942 898,2941 947,2940 996,2939 1046,2936 1095,2935 1144,2934 1193,2933 1242,2931 1292,2930"/>
                <TextEquiv>
                    <Unicode>sed anologitce ¶ 2m corollarium pater non </Unicode>
                </TextEquiv>
            </TextLine>
            <TextLine id="r3l35" custom="readingOrder {index:34;}">
                <Coords points="317,3011 740,3016 914,3054 962,3031 1067,3062 1217,3021 1262,3051 1335,3009 1335,2964 317,2968"/>
                <Baseline points="324,2999 374,3004 424,3008 474,3011 524,3014 575,3015 625,3017 675,3017 725,3017 775,3016 826,3015 876,3014 926,3013 976,3012 1026,3011 1077,3009 1127,3008 1177,3006 1227,3006 1277,3006 1328,3006"/>
                <TextEquiv>
                    <Unicode>eodemmodo dicitur principium respectu saipientiae ge</Unicode>
                </TextEquiv>
            </TextLine>
            <TextLine id="r3l36" custom="readingOrder {index:35;}">
                <Coords points="308,3084 697,3098 786,3135 966,3100 1031,3139 1062,3110 1293,3105 1308,3054 1225,3021 1067,3062 962,3031 809,3053 743,3018 688,3050 621,3018 557,3047 309,3012"/>
                <Baseline points="314,3068 363,3074 412,3077 462,3081 511,3085 560,3087 610,3090 659,3090 708,3092 758,3092 807,3092 856,3092 906,3090 955,3090 1004,3089 1054,3089 1103,3089 1152,3087 1202,3087 1251,3087 1301,3089"/>
                <TextEquiv>
                    <Unicode>nite et creaturae producte patet ex conclusione</Unicode>
                </TextEquiv>
            </TextLine>
            <TextLine id="r3l37" custom="readingOrder {index:36;}">
                <Coords points="305,3181 397,3155 1285,3182 1297,3105 1014,3139 967,3100 858,3100 762,3139 616,3099 493,3132 306,3084"/>
                <Baseline points="312,3137 360,3144 409,3151 458,3156 507,3161 556,3164 605,3167 653,3169 702,3170 751,3171 800,3171 849,3171 898,3170 947,3170 995,3168 1044,3167 1093,3166 1142,3164 1191,3164 1240,3162 1289,3161"/>
                <TextEquiv>
                    <Unicode>quia aliter aequaliter diceretur ad intra </Unicode>
                </TextEquiv>
            </TextLine>
            <TextLine id="r3l38" custom="readingOrder {index:37;}">
                <Coords points="318,3223 719,3270 1027,3243 1052,3270 1114,3247 1266,3275 1316,3268 1318,3199 718,3179 534,3203 485,3161 318,3174"/>
                <Baseline points="324,3206 373,3214 422,3220 471,3226 521,3231 570,3233 619,3237 669,3239 718,3240 767,3240 817,3242 866,3241 915,3240 964,3240 1014,3239 1063,3237 1112,3236 1162,3234 1211,3233 1260,3232 1310,3231"/>
                <TextEquiv>
                    <Unicode>et ad extra ¶ Contra 2m corollarium quia </Unicode>
                </TextEquiv>
            </TextLine>
            <TextLine id="r3l39" custom="readingOrder {index:38;}">
                <Coords points="311,3286 429,3324 729,3319 766,3350 825,3320 901,3344 1236,3323 1307,3309 1308,3270 1080,3290 913,3254 779,3284 312,3228"/>
                <Baseline points="318,3273 367,3281 416,3287 465,3293 514,3297 563,3302 612,3306 662,3309 711,3311 760,3312 809,3314 858,3315 907,3315 956,3315 1006,3314 1055,3312 1104,3312 1153,3309 1202,3308 1251,3306 1301,3303"/>
                <TextEquiv>
                    <Unicode>tam creatura quam sapientia genita</Unicode>
                </TextEquiv>
            </TextLine>
            <TextLine id="r3l40" custom="readingOrder {index:39;}">
                <Coords points="308,3385 405,3365 595,3421 654,3391 1134,3412 1324,3376 1308,3311 1077,3345 930,3325 827,3364 561,3311 388,3325 310,3286"/>
                <Baseline points="315,3345 365,3353 415,3360 465,3366 515,3372 565,3377 615,3381 665,3384 715,3388 765,3390 816,3392 866,3393 916,3393 966,3393 1016,3392 1066,3390 1116,3387 1166,3384 1216,3379 1266,3374 1317,3368"/>
                <TextEquiv>
                    <Unicode>procedunt per modum intellectus igitur videtur </Unicode>
                </TextEquiv>
            </TextLine>
            <TextLine id="r3l41" custom="readingOrder {index:40;}">
                <Coords points="322,3459 644,3509 781,3469 850,3510 947,3469 1081,3469 1136,3509 1302,3465 1304,3411 1246,3399 594,3422 437,3373 325,3381"/>
                <Baseline points="330,3408 378,3418 426,3427 474,3435 523,3442 571,3447 619,3452 668,3456 716,3459 764,3461 813,3462 861,3464 909,3464 957,3464 1006,3464 1054,3462 1102,3461 1151,3459 1199,3456 1247,3453 1296,3452"/>
                <TextEquiv>
                    <Unicode>corollarium consequentia patet antecedens probatur quia </Unicode>
                </TextEquiv>
            </TextLine>
            <TextEquiv>
                <Unicode>doctor sanctus parte prima quaestione 3 argumentur 
primo et aegidius in isto primo distinctione 29 
quaestione prima ubi in probat modum loqundi 
ubi supra et distinctione 29 primi sententiarum ¶ contra 
istam conclusionem videtur esse damastis 
libro primo capitulo 11 ubi vult quod pater sit 
causa filii Ad istud respondent doctores 
praedicti quod graeci aliter vbiertuntur hoc vocabu 
lo tamusna nos iam damascenus graecus lo
quitur ad modum graecorum nec hoc de ratio 
gat ei in veritate ¶ primum corollarium aliter
dicitur principium movis per comparationem 
adintra quam per comparationem ad extra probatur 
ex conclusione quia sic dicitur principium et ca
et non sic dicit ad intra igitur corollarium verum 
prima pars autem est nota et est contra igitur 
etc ¶ Contra primum corollarium vel igitur aeque 
primo dicitur principium ad intra et ad 
extra vel non non potest dici quod prius ad 
intr tamen ad extra dicatur essentialiter 
nec ad extra Cum ad intra dicatur 
aeternaliter nec aeque primo sicut patet ex 
conclusione quia non eodem modo sicut dicit
c9m igitur etc ¶ Ad istud simul et ad 2am 
rationem tactam in 3o principali di
co consequentis dictis domini aegidii distetion29 
que ultimo et thomae de argustinus quod principium 
prius dicitur ad intra quam ad extra et 
sic ratio non valet quia notionale non 
semper est posterius quolibet essentiali
¶ Ad aliam rationem tactam in 3s 
principali respondet thome de argustinus ominus 
quod nec univoce nec aequivoce 
sed anologitce ¶ 2m corollarium pater non 
eodemmodo dicitur principium respectu saipientiae ge
nite et creaturae producte patet ex conclusione
quia aliter aequaliter diceretur ad intra 
et ad extra ¶ Contra 2m corollarium quia 
tam creatura quam sapientia genita
procedunt per modum intellectus igitur videtur 
corollarium consequentia patet antecedens probatur quia </Unicode>
            </TextEquiv>
        </TextRegion>
        <TextRegion orientation="0.0" id="r4" custom="readingOrder {index:1;}">
            <Coords points="1473,425 1473,3469 2540,3469 2540,425"/>
            <TextLine id="r4l1" custom="readingOrder {index:0;}">
                <Coords points="1499,497 1815,491 1869,528 1941,482 2202,504 2390,466 2448,502 2533,482 2532,386 2223,430 2014,387 1829,440 1605,405 1498,428"/>
                <Baseline points="1505,485 1556,483 1607,481 1658,479 1709,478 1760,477 1811,476 1862,476 1913,476 1964,476 2015,476 2066,476 2117,474 2168,474 2219,473 2270,473 2321,470 2372,468 2423,466 2474,462 2526,459"/>
                <TextEquiv>
                    <Unicode>creaturae procedunt sicut artifici </Unicode>
                </TextEquiv>
            </TextLine>
            <TextLine id="r4l2" custom="readingOrder {index:1;}">
                <Coords points="1490,562 2137,541 2220,589 2278,545 2513,538 2512,495 2393,467 2267,502 1914,486 1874,528 1722,484 1489,513"/>
                <Baseline points="1496,552 1546,551 1597,549 1647,549 1698,548 1748,548 1799,548 1849,548 1900,548 1950,546 2001,546 2052,546 2102,545 2153,543 2203,542 2254,540 2304,538 2355,534 2405,532 2456,528 2507,522"/>
                <TextEquiv>
                    <Unicode>atum abartae sed hoc est per modum </Unicode>
                </TextEquiv>
            </TextLine>
            <TextLine id="r4l3" custom="readingOrder {index:2;}">
                <Coords points="1493,625 1935,619 1995,653 2511,606 2510,564 2317,541 2222,588 2137,544 1828,552 1775,583 1623,547 1492,583"/>
                <Baseline points="1499,618 1549,618 1599,617 1649,617 1700,617 1750,617 1800,617 1850,617 1901,617 1951,616 2001,615 2051,615 2102,615 2152,614 2202,612 2252,611 2303,608 2353,606 2403,602 2453,598 2504,594"/>
                <TextEquiv>
                    <Unicode>intellectus igitur etc ¶ ad istud brevit </Unicode>
                </TextEquiv>
            </TextLine>
            <TextLine id="r4l4" custom="readingOrder {index:3;}">
                <Coords points="1496,709 1567,732 1636,694 1765,723 2106,687 2212,717 2350,674 2499,689 2498,615 1974,657 1920,621 1766,659 1495,640"/>
                <Baseline points="1502,686 1551,687 1601,687 1650,689 1700,689 1749,689 1799,689 1848,689 1898,687 1947,687 1997,686 2046,684 2096,683 2145,681 2195,680 2244,678 2294,676 2343,674 2393,671 2442,669 2492,666"/>
                <TextEquiv>
                    <Unicode>dicitur negando consequentiam quia licet </Unicode>
                </TextEquiv>
            </TextLine>
            <TextLine id="r4l5" custom="readingOrder {index:4;}">
                <Coords points="1499,776 2516,762 2513,692 2368,679 2243,714 1497,710"/>
                <Baseline points="1506,764 1556,764 1606,764 1656,764 1706,762 1756,762 1806,761 1856,759 1906,758 1956,755 2007,753 2057,752 2107,749 2157,747 2207,745 2257,743 2307,740 2357,738 2407,735 2457,733 2508,731"/>
                <TextEquiv>
                    <Unicode>vtusque emanaitio sit 2m operationem </Unicode>
                </TextEquiv>
            </TextLine>
            <TextLine id="r4l6" custom="readingOrder {index:5;}">
                <Coords points="1506,862 1685,872 2009,821 2230,852 2390,816 2501,846 2497,752 2322,755 2260,793 2212,765 2012,790 1810,767 1504,804"/>
                <Baseline points="1512,849 1561,846 1610,845 1659,842 1708,840 1757,837 1806,834 1855,833 1904,830 1953,827 2002,825 2051,822 2100,819 2149,818 2198,816 2247,813 2296,812 2345,811 2394,810 2443,809 2493,809"/>
                <TextEquiv>
                    <Unicode>intellectus non tamen 2m eandum rationem </Unicode>
                </TextEquiv>
            </TextLine>
            <TextLine id="r4l7" custom="readingOrder {index:6;}">
                <Coords points="1501,933 1832,905 2005,942 2122,895 2386,928 2451,889 2532,925 2528,822 1498,863"/>
                <Baseline points="1506,915 1556,914 1607,912 1658,909 1709,908 1760,906 1811,904 1861,902 1912,900 1963,899 2014,897 2065,896 2116,894 2167,891 2217,890 2268,888 2319,887 2370,884 2421,881 2472,879 2523,876"/>
                <TextEquiv>
                    <Unicode>praecise nec eodem modo sicut patet satis communiter </Unicode>
                </TextEquiv>
            </TextLine>
            <TextLine id="r4l8" custom="readingOrder {index:7;}">
                <Coords points="1511,1021 1630,985 1943,999 2216,965 2348,1003 2427,960 2517,964 2516,909 2219,928 2121,894 1994,943 1792,945 1747,911 1697,941 1508,942"/>
                <Baseline points="1517,990 1566,986 1616,983 1666,980 1715,977 1765,975 1815,974 1864,971 1914,971 1964,969 2014,968 2063,966 2113,965 2163,963 2212,961 2262,959 2312,957 2361,955 2411,951 2461,948 2511,944"/>
                <TextEquiv>
                    <Unicode>¶ 3m corollarium non aequaliter dicitur principium </Unicode>
                </TextEquiv>
            </TextLine>
            <TextLine id="r4l9" custom="readingOrder {index:8;}">
                <Coords points="1506,1073 1591,1100 1618,1072 1755,1088 1824,1048 2072,1073 2426,1033 2467,1062 2503,1034 2501,982 2346,1003 2265,969 2005,1008 1711,981 1504,1018"/>
                <Baseline points="1511,1056 1560,1055 1609,1053 1658,1052 1708,1050 1757,1049 1806,1047 1855,1047 1905,1045 1954,1044 2003,1043 2052,1041 2102,1040 2151,1038 2200,1037 2249,1035 2299,1034 2348,1031 2397,1028 2446,1026 2496,1023"/>
                <TextEquiv>
                    <Unicode>respectu spiritus sancti et entis ad extra creati patet </Unicode>
                </TextEquiv>
            </TextLine>
            <TextLine id="r4l10" custom="readingOrder {index:9;}">
                <Coords points="1494,1167 2050,1115 2188,1149 2219,1117 2385,1112 2542,1148 2539,1045 2498,1035 2200,1075 1823,1049 1760,1087 1492,1075"/>
                <Baseline points="1500,1131 1551,1128 1603,1124 1655,1121 1706,1119 1758,1118 1810,1116 1861,1116 1913,1115 1965,1114 2017,1113 2068,1112 2120,1112 2172,1111 2223,1110 2275,1109 2327,1107 2378,1106 2430,1103 2482,1101 2534,1097"/>
                <TextEquiv>
                    <Unicode>sicut praecedens corollarium sed contra utriusque </Unicode>
                </TextEquiv>
            </TextLine>
            <TextLine id="r4l11" custom="readingOrder {index:10;}">
                <Coords points="1493,1219 1774,1195 1852,1238 1923,1203 2187,1188 2363,1220 2522,1195 2522,1162 2427,1118 2219,1117 2161,1161 1755,1133 1685,1170 1493,1175"/>
                <Baseline points="1500,1203 1550,1200 1601,1197 1652,1195 1703,1193 1754,1191 1804,1190 1855,1190 1906,1188 1957,1188 2008,1188 2058,1188 2109,1187 2160,1187 2211,1187 2262,1185 2312,1184 2363,1184 2414,1181 2465,1179 2516,1176"/>
                <TextEquiv>
                    <Unicode>emanatio est per modum voluntatis libe</Unicode>
                </TextEquiv>
            </TextLine>
            <TextLine id="r4l12" custom="readingOrder {index:11;}">
                <Coords points="1494,1323 1670,1276 1732,1314 1795,1269 2534,1264 2546,1196 2325,1230 2254,1190 2137,1233 2034,1203 1857,1238 1768,1205 1492,1221"/>
                <Baseline points="1500,1281 1552,1278 1604,1274 1656,1271 1708,1268 1760,1266 1812,1265 1864,1263 1916,1262 1968,1262 2020,1262 2072,1260 2124,1260 2176,1260 2228,1259 2280,1259 2332,1257 2384,1256 2436,1253 2488,1251 2540,1247"/>
                <TextEquiv>
                    <Unicode>sed hoc est eodemmo procedere ut videtur </Unicode>
                </TextEquiv>
            </TextLine>
            <TextLine id="r4l13" custom="readingOrder {index:12;}">
                <Coords points="1494,1371 1825,1375 1914,1339 2015,1383 2078,1349 2151,1378 2268,1331 2440,1365 2527,1326 2512,1260 2366,1287 2279,1262 2225,1298 2124,1265 1850,1273 1493,1324"/>
                <Baseline points="1500,1362 1553,1358 1607,1352 1660,1348 1714,1344 1768,1341 1821,1340 1875,1337 1929,1335 1982,1334 2036,1332 2089,1331 2143,1329 2197,1328 2250,1327 2304,1325 2358,1322 2411,1320 2465,1318 2519,1313"/>
                <TextEquiv>
                    <Unicode>qualiter corollarium falsum ¶ ad istud dicitur sicud </Unicode>
                </TextEquiv>
            </TextLine>
            <TextLine id="r4l14" custom="readingOrder {index:13;}">
                <Coords points="1488,1444 1581,1466 1806,1410 2162,1441 2248,1409 2336,1443 2390,1401 2486,1419 2485,1351 2360,1368 2269,1331 2152,1378 1908,1348 1486,1385"/>
                <Baseline points="1494,1433 1543,1428 1592,1424 1641,1420 1691,1417 1740,1415 1789,1413 1839,1411 1888,1410 1937,1409 1987,1407 2036,1407 2085,1406 2134,1405 2184,1404 2233,1403 2282,1401 2332,1399 2381,1397 2430,1394 2480,1391"/>
                <TextEquiv>
                    <Unicode>ad praecedens consequentiam negando quia </Unicode>
                </TextEquiv>
            </TextLine>
            <TextLine id="r4l15" custom="readingOrder {index:14;}">
                <Coords points="1495,1532 1721,1485 1970,1479 2028,1507 2158,1478 2193,1509 2449,1481 2496,1469 2495,1422 2415,1401 2334,1443 2198,1415 1974,1445 1732,1421 1584,1466 1492,1441"/>
                <Baseline points="1500,1503 1549,1499 1599,1496 1648,1492 1698,1489 1747,1487 1797,1485 1846,1483 1896,1481 1945,1480 1995,1479 2044,1478 2094,1476 2143,1475 2193,1474 2242,1473 2292,1471 2341,1469 2391,1467 2440,1465 2490,1463"/>
                <TextEquiv>
                    <Unicode>hoc non sufficit 2m aliquem evudem </Unicode>
                </TextEquiv>
            </TextLine>
            <TextLine id="r4l16" custom="readingOrder {index:15;}">
                <Coords points="1494,1583 1724,1608 2045,1552 2127,1583 2203,1555 2362,1580 2406,1541 2482,1551 2479,1476 2213,1513 2146,1484 2017,1520 1718,1485 1492,1534"/>
                <Baseline points="1500,1572 1548,1570 1597,1568 1646,1565 1695,1563 1743,1560 1792,1558 1841,1556 1890,1553 1938,1550 1987,1548 2036,1547 2085,1544 2133,1542 2182,1541 2231,1539 2280,1538 2328,1536 2377,1535 2426,1534 2475,1533"/>
                <TextEquiv>
                    <Unicode>modum sed secundum omnium eorum modem quod non </Unicode>
                </TextEquiv>
            </TextLine>
            <TextLine id="r4l17" custom="readingOrder {index:16;}">
                <Coords points="1488,1653 1738,1636 1821,1674 1903,1634 1968,1657 2509,1611 2507,1553 2412,1544 2367,1576 2213,1553 2127,1583 2076,1552 1962,1592 1916,1561 1786,1599 1612,1574 1487,1601"/>
                <Baseline points="1494,1640 1544,1637 1594,1635 1645,1632 1695,1631 1746,1629 1796,1626 1846,1625 1897,1623 1947,1622 1998,1620 2048,1619 2098,1617 2149,1615 2199,1613 2250,1611 2300,1610 2350,1608 2401,1606 2451,1604 2502,1602"/>
                <TextEquiv>
                    <Unicode>potest dici in proposito ex hiis patet quid est </Unicode>
                </TextEquiv>
            </TextLine>
            <TextLine id="r4l18" custom="readingOrder {index:17;}">
                <Coords points="1481,1718 1634,1709 1696,1755 1837,1701 1914,1741 2002,1707 2054,1728 2144,1693 2196,1731 2303,1684 2493,1682 2491,1630 2451,1628 1823,1674 1678,1637 1479,1651"/>
                <Baseline points="1487,1698 1539,1700 1592,1701 1644,1701 1697,1701 1749,1701 1802,1700 1855,1699 1907,1698 1960,1696 2012,1694 2065,1692 2117,1689 2170,1686 2223,1683 2275,1681 2328,1677 2380,1675 2433,1672 2486,1670"/>
                <TextEquiv>
                    <Unicode>dicendum ad quaestionem quia pars affirmativa </Unicode>
                </TextEquiv>
            </TextLine>
            <TextLine id="r4l19" custom="readingOrder {index:18;}">
                <Coords points="1484,1815 1530,1821 1573,1776 2117,1762 2151,1787 2484,1755 2481,1684 2434,1680 2407,1708 2285,1687 2199,1733 2002,1707 1912,1741 1839,1701 1699,1752 1635,1709 1482,1742"/>
                <Baseline points="1490,1770 1539,1770 1588,1772 1638,1772 1687,1772 1736,1770 1786,1770 1835,1768 1884,1767 1934,1765 1983,1763 2032,1761 2082,1760 2131,1757 2180,1755 2230,1752 2279,1751 2328,1749 2378,1746 2427,1744 2477,1742"/>
                <TextEquiv>
                    <Unicode>est vera solutio rationum patet ex dictis igitur etc</Unicode>
                </TextEquiv>
            </TextLine>
            <TextLine id="r4l20" custom="readingOrder {index:19;}">
                <Coords points="1670,1848 1788,1830 1887,1864 1924,1833 2131,1854 2215,1831 2435,1859 2482,1821 2480,1760 2446,1757 2412,1782 2271,1756 2202,1792 2061,1762 1992,1795 1906,1772 1669,1785"/>
                <Baseline points="1676,1829 1718,1829 1760,1829 1802,1829 1844,1829 1886,1828 1928,1827 1970,1826 2012,1824 2054,1823 2096,1821 2138,1820 2180,1818 2222,1817 2264,1816 2306,1815 2348,1814 2390,1812 2432,1812 2475,1811"/>
                <TextEquiv>
                    <Unicode>nunc enim quidam etc postquam </Unicode>
                </TextEquiv>
            </TextLine>
            <TextLine id="r4l22" custom="readingOrder {index:20;}">
                <Coords points="1660,1919 1823,1895 2056,1910 2166,1881 2345,1907 2508,1877 2507,1816 2435,1858 1938,1832 1888,1864 1739,1838 1658,1865"/>
                <Baseline points="1665,1901 1706,1900 1748,1899 1790,1898 1832,1898 1874,1896 1916,1895 1957,1893 1999,1892 2041,1891 2083,1889 2125,1887 2167,1886 2209,1886 2250,1884 2292,1884 2334,1883 2376,1882 2418,1881 2460,1881 2502,1881"/>
                <TextEquiv>
                    <Unicode>magister determinavit de notionibus </Unicode>
                </TextEquiv>
            </TextLine>
            <TextLine id="r4l23" custom="readingOrder {index:21;}">
                <Coords points="1667,1988 2065,1959 2126,1993 2201,1949 2259,1975 2457,1936 2455,1889 2398,1881 2334,1919 2142,1897 1904,1904 1788,1939 1749,1904 1665,1919"/>
                <Baseline points="1673,1970 1711,1968 1750,1967 1789,1967 1828,1965 1867,1964 1906,1962 1945,1961 1984,1960 2023,1958 2062,1956 2100,1955 2139,1954 2178,1953 2217,1951 2256,1949 2295,1947 2334,1946 2373,1944 2412,1942 2451,1940"/>
                <TextEquiv>
                    <Unicode>aeternis et divinis personis intrinsic </Unicode>
                </TextEquiv>
            </TextLine>
            <TextLine id="r4l24" custom="readingOrder {index:22;}">
                <Coords points="1490,2051 1705,2044 1757,2076 1862,2034 2335,2018 2384,2046 2485,2019 2483,1976 2318,1951 2268,1977 2201,1949 2126,1993 2076,1961 2015,1997 1924,1966 1771,2004 1624,2002 1581,1967 1488,1991"/>
                <Baseline points="1496,2036 1545,2037 1594,2037 1643,2037 1692,2037 1741,2036 1790,2034 1839,2032 1888,2030 1937,2028 1987,2026 2036,2023 2085,2021 2134,2018 2183,2016 2232,2013 2281,2012 2330,2010 2379,2009 2428,2007 2478,2006"/>
                <TextEquiv>
                    <Unicode>nunc incipit tractare de relationibus tempora</Unicode>
                </TextEquiv>
            </TextLine>
            <TextLine id="r4l25" custom="readingOrder {index:23;}">
                <Coords points="1488,2120 2488,2097 2485,2021 2400,2051 2334,2017 2262,2046 1864,2034 1760,2069 1486,2055"/>
                <Baseline points="1494,2103 1543,2103 1592,2102 1642,2102 1691,2100 1740,2099 1790,2097 1839,2094 1888,2093 1938,2090 1987,2088 2036,2085 2086,2084 2135,2081 2184,2079 2234,2078 2283,2076 2332,2075 2382,2075 2431,2075 2481,2075"/>
                <TextEquiv>
                    <Unicode>libus et extrinsec et dividitur in duas </Unicode>
                </TextEquiv>
            </TextLine>
            <TextLine id="r4l26" custom="readingOrder {index:24;}">
                <Coords points="1488,2218 1606,2183 1667,2211 1735,2169 1816,2201 2039,2189 2098,2144 2474,2184 2525,2152 2523,2091 1485,2127"/>
                <Baseline points="1493,2174 1544,2172 1595,2171 1646,2169 1698,2168 1749,2166 1800,2164 1852,2162 1903,2160 1954,2157 2006,2156 2057,2153 2108,2151 2159,2150 2211,2148 2262,2146 2313,2145 2365,2144 2416,2144 2467,2144 2519,2144"/>
                <TextEquiv>
                    <Unicode>partes quia primo magister tractat de hiis </Unicode>
                </TextEquiv>
            </TextLine>
            <TextLine id="r4l27" custom="readingOrder {index:25;}">
                <Coords points="1481,2263 1639,2247 1685,2285 1734,2239 1889,2264 2011,2223 2496,2236 2494,2187 2089,2154 2033,2189 1853,2178 1811,2205 1711,2177 1667,2210 1479,2223"/>
                <Baseline points="1487,2249 1537,2246 1587,2244 1637,2241 1687,2240 1737,2237 1787,2234 1837,2231 1887,2229 1937,2226 1988,2225 2038,2222 2088,2220 2138,2219 2188,2217 2238,2216 2288,2216 2338,2216 2388,2216 2438,2216 2489,2217"/>
                <TextEquiv>
                    <Unicode>quae personis convenunt communiter extere</Unicode>
                </TextEquiv>
            </TextLine>
            <TextLine id="r4l28" custom="readingOrder {index:26;}">
                <Coords points="1472,2333 1704,2316 1845,2346 1887,2301 1973,2293 2075,2334 2201,2294 2248,2332 2297,2294 2370,2330 2476,2300 2474,2250 2381,2257 2311,2216 2112,2261 2002,2227 1919,2263 1728,2244 1687,2281 1639,2248 1469,2265"/>
                <Baseline points="1478,2324 1527,2319 1577,2315 1626,2311 1676,2308 1725,2304 1775,2302 1824,2300 1874,2297 1923,2295 1973,2294 2023,2292 2072,2291 2122,2290 2171,2289 2221,2289 2270,2288 2320,2288 2369,2288 2419,2286 2469,2286"/>
                <TextEquiv>
                    <Unicode>¶ 2o de hiis quae dequibusdam di</Unicode>
                </TextEquiv>
            </TextLine>
            <TextLine id="r4l29" custom="readingOrder {index:27;}">
                <Coords points="2462,2332 2479,2331 2485,2336 2500,2334 2502,2337 2509,2337 2509,2301 2498,2302 2494,2305 2488,2298 2485,2299 2480,2294 2470,2301 2462,2301"/>
                <Baseline points="2469,2325 2502,2325"/>
                <TextEquiv>
                    <Unicode>6 r </Unicode>
                </TextEquiv>
            </TextLine>
            <TextLine id="r4l30" custom="readingOrder {index:28;}">
                <Coords points="1475,2404 1594,2382 1693,2421 1933,2375 2062,2416 2160,2368 2459,2363 2459,2301 1979,2343 1899,2303 1844,2346 1704,2316 1473,2333"/>
                <Baseline points="1481,2381 1529,2380 1578,2378 1626,2377 1675,2376 1724,2375 1772,2373 1821,2372 1870,2370 1918,2369 1967,2368 2016,2367 2064,2366 2113,2364 2162,2363 2210,2361 2259,2360 2308,2359 2356,2358 2405,2357 2454,2355"/>
                <TextEquiv>
                    <Unicode>cuntur in singulari aproprietate tunc 3a </Unicode>
                </TextEquiv>
            </TextLine>
            <TextLine id="r4l31" custom="readingOrder {index:29;}">
                <Coords points="1475,2481 1592,2496 1673,2460 1708,2485 1793,2439 1855,2486 1976,2443 2113,2477 2339,2429 2400,2474 2505,2431 2503,2358 2297,2400 2141,2373 2057,2418 1472,2404"/>
                <Baseline points="1481,2465 1531,2461 1582,2457 1633,2454 1684,2451 1735,2448 1786,2447 1836,2444 1887,2442 1938,2441 1989,2439 2040,2438 2091,2436 2142,2435 2192,2433 2243,2432 2294,2430 2345,2429 2396,2426 2447,2425 2498,2423"/>
                <TextEquiv>
                    <Unicode>pars incipit in 31 distinctione praeterea considere </Unicode>
                </TextEquiv>
            </TextLine>
            <TextLine id="r4l32" custom="readingOrder {index:30;}">
                <Coords points="1482,2553 1698,2523 1774,2568 1873,2519 1991,2554 2040,2515 2216,2502 2272,2534 2355,2500 2446,2529 2523,2503 2521,2446 1479,2489"/>
                <Baseline points="1488,2532 1539,2530 1590,2528 1642,2526 1693,2523 1745,2521 1796,2519 1847,2516 1899,2513 1950,2511 2002,2508 2053,2505 2104,2504 2156,2501 2207,2499 2259,2498 2310,2496 2361,2495 2413,2493 2464,2493 2516,2492"/>
                <TextEquiv>
                    <Unicode>rari oportet prima pars dividitur in 3s partes </Unicode>
                </TextEquiv>
            </TextLine>
            <TextLine id="r4l33" custom="readingOrder {index:31;}">
                <Coords points="1470,2635 1660,2589 1787,2631 1960,2582 2523,2578 2490,2501 1777,2564 1659,2523 1594,2567 1467,2563"/>
                <Baseline points="1476,2607 1528,2604 1580,2601 1632,2598 1684,2595 1736,2592 1788,2589 1840,2588 1892,2585 1944,2583 1996,2580 2048,2579 2100,2577 2152,2575 2204,2573 2256,2571 2308,2570 2360,2568 2412,2567 2464,2566 2516,2565"/>
                <TextEquiv>
                    <Unicode>quia primo magister ponit de relationibus </Unicode>
                </TextEquiv>
            </TextLine>
            <TextLine id="r4l34" custom="readingOrder {index:32;}">
                <Coords points="1483,2715 1719,2667 1956,2661 2042,2694 2092,2657 2175,2682 2249,2651 2488,2651 2485,2592 2315,2576 2180,2618 2043,2587 1950,2627 1814,2603 1673,2641 1631,2605 1479,2638"/>
                <Baseline points="1488,2685 1537,2681 1587,2676 1636,2673 1686,2670 1736,2667 1785,2664 1835,2661 1884,2659 1934,2658 1984,2655 2033,2654 2083,2652 2132,2651 2182,2649 2232,2646 2281,2645 2331,2643 2380,2640 2430,2637 2480,2633"/>
                <TextEquiv>
                    <Unicode>temporalibus nitatem ¶ 2o qualiter deo </Unicode>
                </TextEquiv>
            </TextLine>
            <TextLine id="r4l35" custom="readingOrder {index:33;}">
                <Coords points="1479,2792 2067,2730 2172,2758 2267,2710 2322,2747 2396,2716 2433,2738 2482,2719 2478,2646 2373,2674 2250,2651 2077,2699 1994,2667 1756,2694 1715,2671 1476,2740"/>
                <Baseline points="1484,2766 1533,2763 1583,2759 1632,2754 1682,2752 1731,2748 1781,2745 1830,2742 1880,2739 1929,2736 1979,2733 2029,2731 2078,2728 2128,2725 2177,2723 2227,2720 2276,2716 2326,2712 2375,2709 2425,2705 2475,2700"/>
                <TextEquiv>
                    <Unicode>conveniere possunt ostendit possibilem Et 3o </Unicode>
                </TextEquiv>
            </TextLine>
            <TextLine id="r4l36" custom="readingOrder {index:34;}">
                <Coords points="1480,2864 2087,2809 2288,2846 2392,2798 2525,2803 2521,2722 2431,2746 2392,2717 2330,2762 2287,2731 2211,2768 2066,2733 1891,2777 1747,2749 1477,2799"/>
                <Baseline points="1485,2834 1536,2829 1588,2826 1639,2822 1691,2820 1743,2816 1794,2813 1846,2811 1897,2808 1949,2807 2001,2805 2052,2803 2104,2801 2155,2799 2207,2798 2259,2795 2310,2794 2362,2792 2413,2790 2465,2787 2517,2784"/>
                <TextEquiv>
                    <Unicode>ex hiis solvit quandam difficultatem </Unicode>
                </TextEquiv>
            </TextLine>
            <TextLine id="r4l37" custom="readingOrder {index:35;}">
                <Coords points="1485,2919 1595,2897 1711,2948 1783,2898 1920,2930 2015,2878 2378,2904 2506,2875 2503,2804 2474,2796 2283,2847 2096,2809 1979,2844 1483,2860"/>
                <Baseline points="1491,2909 1541,2905 1591,2901 1642,2898 1692,2895 1743,2892 1793,2891 1843,2888 1894,2886 1944,2883 1995,2881 2045,2880 2095,2878 2146,2876 2196,2874 2247,2873 2297,2871 2347,2870 2398,2867 2448,2865 2499,2862"/>
                <TextEquiv>
                    <Unicode>tunc 2a pars incipit ibi Quo igitur ob</Unicode>
                </TextEquiv>
            </TextLine>
            <TextLine id="r4l38" custom="readingOrder {index:36;}">
                <Coords points="1481,2987 1727,2971 1798,3010 1859,2972 2050,2986 2123,2955 2180,2995 2328,2974 2377,3002 2524,2955 2523,2920 2452,2883 2122,2912 2025,2877 1922,2931 1809,2911 1708,2945 1632,2906 1557,2942 1479,2930"/>
                <Baseline points="1488,2981 1539,2978 1590,2975 1642,2971 1693,2969 1745,2966 1796,2964 1848,2962 1899,2960 1951,2958 2002,2957 2053,2955 2105,2954 2156,2954 2208,2952 2259,2952 2311,2951 2362,2951 2414,2951 2465,2949 2517,2949"/>
                <TextEquiv>
                    <Unicode>tivebimus 3a in ulterius capitulo hic potest solvi </Unicode>
                </TextEquiv>
            </TextLine>
            <TextLine id="r4l39" custom="readingOrder {index:37;}">
                <Coords points="1481,3066 1709,3046 1811,3090 1919,3030 2032,3078 2120,3034 2265,3036 2335,3076 2491,3032 2490,2998 2336,2977 2287,3004 1996,2971 1833,3007 1643,2977 1480,3004"/>
                <Baseline points="1488,3048 1537,3048 1587,3047 1637,3046 1687,3044 1737,3042 1786,3041 1836,3039 1886,3038 1936,3035 1986,3033 2035,3032 2085,3030 2135,3030 2185,3029 2235,3029 2284,3029 2334,3029 2384,3030 2434,3032 2484,3033"/>
                <TextEquiv>
                    <Unicode>et tunc sequitur 2a pars quae est 31 </Unicode>
                </TextEquiv>
            </TextLine>
            <TextLine id="r4l40" custom="readingOrder {index:38;}">
                <Coords points="1488,3171 1579,3177 1733,3122 1822,3141 1872,3106 2028,3148 2292,3112 2479,3141 2477,3059 1486,3069"/>
                <Baseline points="1494,3125 1542,3123 1591,3123 1640,3122 1689,3120 1738,3119 1787,3118 1836,3117 1885,3116 1934,3114 1983,3113 2031,3111 2080,3111 2129,3110 2178,3108 2227,3107 2276,3107 2325,3105 2374,3105 2423,3105 2472,3104"/>
                <TextEquiv>
                    <Unicode>damt quae dividitur in tres partes nam </Unicode>
                </TextEquiv>
            </TextLine>
            <TextLine id="r4l41" custom="readingOrder {index:39;}">
                <Coords points="1488,3231 1640,3205 1827,3253 1926,3197 2052,3247 2142,3196 2472,3186 2496,3147 2406,3116 2336,3147 2192,3123 1985,3158 1888,3113 1819,3152 1486,3169"/>
                <Baseline points="1494,3210 1543,3206 1593,3203 1643,3200 1693,3198 1743,3197 1792,3195 1842,3195 1892,3194 1942,3194 1992,3192 2041,3192 2091,3191 2141,3191 2191,3189 2241,3188 2290,3186 2340,3183 2390,3181 2440,3177 2490,3173"/>
                <TextEquiv>
                    <Unicode>primo magister deaequalitate divia </Unicode>
                </TextEquiv>
            </TextLine>
            <TextLine id="r4l42" custom="readingOrder {index:40;}">
                <Coords points="1486,3340 1556,3303 1849,3283 1945,3326 2177,3281 2481,3312 2492,3181 2309,3230 2161,3236 2117,3206 2068,3251 1931,3206 1821,3259 1483,3250"/>
                <Baseline points="1491,3296 1540,3293 1590,3291 1640,3289 1690,3287 1740,3285 1789,3284 1839,3284 1889,3282 1939,3282 1989,3281 2038,3281 2088,3279 2138,3278 2188,3276 2238,3275 2287,3273 2337,3271 2387,3268 2437,3264 2487,3260"/>
                <TextEquiv>
                    <Unicode>ponit 3 cum responsionibus quaestiones ¶ 2o </Unicode>
                </TextEquiv>
            </TextLine>
            <TextLine id="r4l43" custom="readingOrder {index:41;}">
                <Coords points="1479,3391 1704,3409 1754,3373 1962,3416 2072,3371 2474,3386 2503,3381 2502,3321 2177,3281 1933,3326 1784,3293 1668,3343 1554,3305 1478,3343"/>
                <Baseline points="1485,3377 1535,3375 1586,3374 1636,3373 1687,3372 1737,3372 1788,3371 1838,3371 1889,3369 1939,3369 1990,3369 2041,3369 2091,3368 2142,3368 2192,3366 2243,3365 2293,3363 2344,3362 2394,3360 2445,3357 2496,3354"/>
                <TextEquiv>
                    <Unicode>ostendit similes posse firi de similitudinem </Unicode>
                </TextEquiv>
            </TextLine>
            <TextLine id="r4l44" custom="readingOrder {index:42;}">
                <Coords points="1466,3458 1601,3489 1782,3464 1902,3502 2089,3462 2171,3504 2490,3466 2491,3384 2402,3411 2342,3375 2137,3375 2015,3429 1733,3384 1466,3410"/>
                <Baseline points="1473,3438 1523,3441 1574,3443 1624,3445 1675,3446 1725,3447 1776,3447 1826,3449 1877,3449 1927,3449 1978,3447 2029,3447 2079,3447 2130,3447 2180,3447 2231,3447 2281,3447 2332,3449 2382,3449 2433,3450 2484,3452"/>
                <TextEquiv>
                    <Unicode>aequales posse dari solutiones </Unicode>
                </TextEquiv>
            </TextLine>
            <TextEquiv>
                <Unicode>creaturae procedunt sicut artifici 
atum abartae sed hoc est per modum 
intellectus igitur etc ¶ ad istud brevit 
dicitur negando consequentiam quia licet 
vtusque emanaitio sit 2m operationem 
intellectus non tamen 2m eandum rationem 
praecise nec eodem modo sicut patet satis communiter 
¶ 3m corollarium non aequaliter dicitur principium 
respectu spiritus sancti et entis ad extra creati patet 
sicut praecedens corollarium sed contra utriusque 
emanatio est per modum voluntatis libe
sed hoc est eodemmo procedere ut videtur 
qualiter corollarium falsum ¶ ad istud dicitur sicud 
ad praecedens consequentiam negando quia 
hoc non sufficit 2m aliquem evudem 
modum sed secundum omnium eorum modem quod non 
potest dici in proposito ex hiis patet quid est 
dicendum ad quaestionem quia pars affirmativa 
est vera solutio rationum patet ex dictis igitur etc
nunc enim quidam etc postquam 
magister determinavit de notionibus 
aeternis et divinis personis intrinsic 
nunc incipit tractare de relationibus tempora
libus et extrinsec et dividitur in duas 
partes quia primo magister tractat de hiis 
quae personis convenunt communiter extere
¶ 2o de hiis quae dequibusdam di
6 r 
cuntur in singulari aproprietate tunc 3a 
pars incipit in 31 distinctione praeterea considere 
rari oportet prima pars dividitur in 3s partes 
quia primo magister ponit de relationibus 
temporalibus nitatem ¶ 2o qualiter deo 
conveniere possunt ostendit possibilem Et 3o 
ex hiis solvit quandam difficultatem 
tunc 2a pars incipit ibi Quo igitur ob
tivebimus 3a in ulterius capitulo hic potest solvi 
et tunc sequitur 2a pars quae est 31 
damt quae dividitur in tres partes nam 
primo magister deaequalitate divia 
ponit 3 cum responsionibus quaestiones ¶ 2o 
ostendit similes posse firi de similitudinem 
aequales posse dari solutiones </Unicode>
            </TextEquiv>
        </TextRegion>
    </Page>
</PcGts>
