2964 4399
469 353 1487 550 3o ex sequitur de hiis secedu duorum sanctorum
486 466 1492 608 opiniones et traditiones tunc 2a
492 541 1488 703 pars incipit ibi hoc idem dicimus
505 608 1356 771 ibi non est per cermittendum ¶
696 697 1506 814 trum aeterna unitas in patre aequ
706 758 1513 910 lis species ymaginis genite
705 835 1546 991 convexus usus inmumere realiter
501 921 1492 1077 referri possuit ad aliquem productum in
500 992 1519 1154 tempore et arguitur primo quod non quia pater
504 1071 1543 1203 non dicitur magis aeternitas vel unitas
500 1141 1495 1294 quam aliae personae nec filius maginis
514 1225 1489 1385 species vel aequalitas nec spiritus sanctus
506 1290 1498 1458 magis dicitur convexus vel usus quam
509 1372 1516 1546 pater vel vel filius igitur quaestio falsa patet consequentia
503 1456 1478 1597 e antecedens probatur quia haec sunt idem
506 1511 1531 1664 omnino igitur omnibus personis convenunt
511 1574 1478 1740 consequentia est magistri super distinctione 2a antecedens patet
503 1621 1550 1826 quia non est inter haec oppinio relativa
509 1706 1516 1893 igitur sunt idem secundum venerabilem anselmui de
499 1787 1513 1978 processione pitu secti e et damascenus libro primo capitulo 8
525 1859 1528 2046 igitur etc ¶ 2o sic in divinis nulla est
522 1913 1542 2129 ymago igitur quaestio falsa consequentia nota et antecedens probatur
515 1994 1516 2193 tum primo quia vel dicitur essentialiter
509 2094 1544 2264 vel notionaliter ¶ tum 2o vel dicitur tantum
519 2153 1559 2337 de una persona vel de pluribus sed nullum
529 2251 1508 2421 istorum igitur antecedens verum 3o si quaestio
527 2312 1529 2506 esset vera vel igitur illud refri fit re
520 2384 1523 2544 ione aeterna vel temporali non aeterna cum
525 2469 1498 2628 nullum productum in tempore fuerit nec
539 2522 1517 2712 sit aeternum nec ex tempore quia aliter
541 2608 1560 2772 relatio realis adveniret deo ex
522 2671 1570 2868 tempore quod est falsum igitur et quaestio ¶ In oppositum
533 2718 1556 2927 arguitur sic tota trinitas aeternaliter
550 2842 1549 3001 scint creaturam produci debere sed scientiae
549 2911 1542 3100 et scienter est relatio realis et ad
539 2978 1554 3181 scitu igitur quaestio vera patet consequentia de se et antecedens
524 3068 1546 3244 notum est pro prima parte et pro 2a patere
542 3149 1540 3321 bit hic in quaestione per conclusiones et
548 3239 1564 3398 cor igitur quaestio vera ¶ prima conclusio sicut pater
544 3310 1576 3445 dicitur interminabis vera aeternitas primam
542 3375 1539 3522 partem probat dominus alisioes libro primo in
536 3428 1538 3594 tractatum de aprpriatis quaestione ultrius
1666 355 2747 514 dupliciter primo quia sicut unitas principiuim
1666 437 2678 589 est minorum ita pater principium est omnium
1663 526 2699 664 ¶ 2o quia sicut unitas triniti in sedut
1682 585 2677 736 ta non generat nisi se ita pater in
1676 638 2695 792 seductus non generat nisi filium qui
1678 710 2714 879 est eiusdem substantiae tamn ipso ¶ 2am partem
1686 782 2693 940 probat ibidem ex prima patris auctoritate
1677 852 2701 1009 quia pater non solum caret principio
1675 933 2713 1082 inceptionis vel durationis sed cum hoc
1693 1000 2703 1160 principio essendi et originis unde hy
1675 1082 2715 1246 laris 4 de triniae Etiam confitetur patrem
1676 1149 2679 1288 aborigine liberum Et habentur verba
1675 1226 2718 1405 isto primo distinctione 29 ubi etiam magister est
1679 1304 2708 1431 cludit patrem principium sive principio non
1684 1365 2711 1506 est de principio ibidem hylaris patrem
1679 1458 2736 1578 vocat paternam aeternitatem ¶ E
1675 1519 2702 1657 tra istam conclusionem arguitur pater est
1687 1603 2694 1725 aeternitas igitur non est simplicissima
1685 1679 2706 1798 unitas antecedens est 2a pars conclusionis et consequentia
1684 1732 2712 1869 probatur quia maeterinitate includitur
1685 1813 2708 1951 multiplicitas igitur cum ipsa non stat
1690 1885 2745 2038 summa smplicitas consequentia non assumptum
1694 1961 2709 2099 patet per illud pars Cogitami dies an
1695 2040 2702 2181 tiquos etc Et michil 5 Egre
1718 2118 2692 2249 sus eius adiebus aeternitatis et
1687 2203 2706 2332 anselmis prosolgione et2 capitulo truina aeternitas con
1683 2262 2738 2388 tinet scula tempororum ¶ ad istam rationem
1701 2335 2724 2493 potest responderi ex dictis doctoris solemp
1708 2414 2727 2570 parte prima argumento 31 quaestione 2 quod est
1700 2492 2699 2620 trinitas non continet tempora dies vel an
1710 2567 2721 2704 nos formaliter per aliquem durationis
1708 2651 2688 2799 successum vel aliquam diversitate sed
1717 2724 2721 2871 solum evinenter et aequivalenter
1700 2807 2706 2947 hoc est si infinita secula vel tempora
1699 2888 2736 3024 deflixissent eorum mutabili de
1703 2959 2724 3092 fluxum eterunitas fixa et inmo
1702 3050 2724 3180 bilis non solum coexitens sed etiam
1695 3116 2703 3264 superexistens fuisset ¶ primum corollarium pr
1708 3203 2706 3313 ma ratio diviine inmutabilitatis
1707 3288 2713 3398 est patena eteruitas parime
1712 3336 2713 3472 personae indivisibiliter onium
1708 3418 2755 3566 dignitatem fixe possident proare
