2964 4386
514 348 1538 529 responsiones possunt haberi in primo gregorius
524 448 1484 596 istinctione 28 quaestione 3 thomae de argenium distinctione 3o
533 534 1187 689 et sequitur alia distinctio he
735 580 1523 717 Ite oriditur quaestiotis postquam
749 683 1515 811 magister determinait de apopoa
751 754 1516 885 tionibus nunc circa eas tractat
525 824 1517 971 quasdam quaestiones tamen earum motivus
518 903 1491 1054 et solutionibus et dividitur in duas
521 965 1545 1114 partes quia primo tractat istas quaestiones
528 1045 1516 1187 de quibus apparatis cum earum responsio
520 1102 1536 1266 nibus 2o determinat de ipsis propretati
524 1196 1525 1333 bus et earum comparationibus tunc 2a pars in
516 1283 1564 1429 cipit in 3 distinctione ibi post supra dicta prima
522 1362 1565 1508 dividitur in 3 partes quia primo menet
518 1434 1539 1592 quaestionem de apropriato ipsius filii o de
543 1500 1591 1675 apropriato spiritus sancti 3o comparat unum istorum
527 1578 1574 1756 alteri tunc 3a pars est ibi praeterea diligentur
532 1668 1561 1821 investare 3a ibi praeterea diligenter
537 1740 1558 1923 nondem tunc sequitur 3o distinctione quaedividitur
529 1843 1549 2018 in 3s partes quia primo veritatem et
565 1917 1549 2072 nam intuitionem ponit s 2o recitat
528 1994 1591 2162 obiectonem multiplicem et solvit ¶ 3o ex dictis
534 2112 1593 2269 suis quandam difficile quaestionem oriri contra
537 2177 1554 2320 dit tunc 2a pars est ibi in hoc antem
545 2257 1543 2389 negant 3 ibi sed ibi qures et ista
535 2338 1098 2507 est sententia etc
765 2366 1564 2543 trum patris et filii dilectionis et a
778 2467 1545 2603 moris ratio sit spiritus scilicet eorum
767 2555 1562 2673 nexus et qummunio arguitur primo quod
528 2632 1568 2774 non quia filius non est patri cogni
546 2691 1582 2829 tionis ratio igitur nec spiritus sanctus dilectionis
531 2760 1564 2920 vel amoris consequentia videtur tenere ex simili
549 2841 1570 3004 antecedens probatur quia aliter pater esset sa
524 2925 1569 3090 piens sapientia genita quod falsum et contra
526 3005 1565 3169 beatum augustinus primo retractationem 25 capitulo et
535 3065 1559 3237 7 de trinitate capitulo 4 partoum / 2o pater et filius
536 3148 1552 3313 non diligunt se spiritu sancto igitur quaestio falsa un
554 3218 1561 3385 nota antecedens arguitur tum primo quia pater
544 3314 1580 3456 non diligit se spiritu sancto ¶ 2o quia non
542 3373 1554 3517 diligit creaturas spiritu sancto 3o quia
546 3426 1573 3599 diligit quidquid diligit esse proprio cum
1714 340 2741 516 idem sit esse quod dilige igitur sequitur quod quaestio
1691 437 2727 601 sit falsa ¶ 3o spiritus sanctus non est patris
1705 489 2742 690 et silii nexus et quio igitur quaestio falsa
1704 585 2739 753 patet consequentia antecedens probro quia tunc spiritus
1717 660 2730 832 snctus esset eorum circumcessio et eorum
1711 748 2743 909 circumcessionis ratio quod est canum patet consequentia
1695 808 2719 998 quia idem videtur esse circumcessio
1708 879 2719 1060 et communia et falita consequenter apparet quia
1702 952 2770 1148 2m illud solum filius est in patre
1693 1039 2712 1231 sed quod est idem tamen patre sed hoc non
1692 1120 2762 1297 est spiritus sanctus igitur ¶ In opositum est mar
1709 1206 2743 1358 in ista 32a distinctione et supra distinctione 10 uibi
1708 1273 2762 1445 pluribus auctototibus videtur quaestionem probar
1713 1366 2726 1528 ¶ prima conclusio ssentia divina ut species
1712 1435 2745 1602 intelligibilis de se ipsa et emni vi
1721 1523 2731 1665 tas inmensa patri aeterno sola forma
1714 1612 2761 1748 lis est sapintia Ista est expressa sententia
1705 1690 2776 1819 beati augustini 7 de trinitate capitulo primo de ma
1694 1760 2743 1914 guinis et 3o de parvis en augustinui quis
1717 1814 2744 2003 audeat dicere aut aliud in patre
1723 1912 2744 2091 intelli esse aliud sapientem esse
1732 2001 2723 2157 ut non hoc ipso sit quo sapiens
1709 2073 2732 2233 est Et in fine illius capitulo magni
1731 2152 2766 2322 in illa simplicitate non est aliud
1743 2230 2747 2389 aptere quod esse eadem ibi sapienti est
1718 2317 2739 2465 quae essentia et in principio et capitulo 9
1717 2389 2722 2552 cludit ex dictis in primo pater igitur et
1732 2491 2768 2618 filius una essentia et una magindo
1723 2563 2771 2709 et una veritas et una sapientia ¶ Contra
1728 2643 2747 2774 istam conclusionem arguitur Sapientia non dicitur
1737 2716 2764 2871 per aliquae respectum ad ipsum intellectum
1726 2792 2724 2930 igitur non ut specie intelligibilis sed po
1729 2872 2763 3010 cius ut essentia absolute conside
1733 2953 2751 3085 rata igitur conclusio falsa consequentia non assumptum
1726 3029 2772 3177 probatur tamen primo quia sic absolute
1729 3115 2797 3276 dicitur veritas 2m augustinus primo volnorum
1727 3176 2770 3336 verum est illud quod est ¶ cum 2o quia
1723 3261 2727 3386 si sapra conciitur simul essentiam et in
1723 3329 2740 3454 telligentiam vel igitur aeque primo vel
1713 3400 2770 3568 secundum prius et postius sed nullum istorum
