2964 4400
495 368 1518 498 contra thomam de argentinis Et etiam ex
498 464 1532 579 hoc quod dous Egidius in expositione
497 500 1523 651 decretalis fiunitur expresse negat du
502 580 1520 743 as sapientias sicut non sunt duo dii u
518 666 1531 794 mis genitus et alius ingenitus
490 738 1531 876 sed contra potest argui ex dictis eius quia
499 811 1507 994 sapientia formalis quae est co
529 863 1519 1031 munis tribus personis perfectio simpe
523 950 1544 1106 sola nunda essentia divina et divinitas
518 1028 1513 1187 ipsa non est formaliter sapientia non per
536 1097 1524 1261 tio simpaciter clandens in se proprie
521 1179 1519 1325 tatem cum divinitate igitur corollarium falsum ut
522 1258 1518 1405 videtur ¶ Ad istam rationem sitene
529 1333 1524 1486 rem quod sapientia genita ut sic non
517 1412 1524 1566 diceretur perfectionem simpliciter nega
517 1479 1549 1615 rem quia ipsa est falsa 2o quia te
521 1542 1518 1702 neo hoc nego b quia licet sit ibi
535 1610 1540 1782 sapientia formalis perfectio infinita tamen
521 1684 1507 1874 sapientia obiectiva vel processiva ut sic
527 1755 1523 1947 est etiam perfectio infinita eadem
524 1820 1559 1996 omnino quae prima ¶ 3m corollarium ratio quare
522 1940 1557 2072 filius patri aequalis est quia essentia
539 2002 1527 2130 divina ut omnis et inmensa per
538 2073 1555 2233 fectio est patri ratio intelligendi se ipsum
543 2150 1536 2291 formalis patet quia ex hoc solum natura
535 2219 1530 2368 scitur de tota scientia patris sed augustinum 15
542 2296 1529 2435 determini et similitas dici potest de spiritu sancto
542 2360 1519 2523 Contra istud corollarium si ipsum esset
530 2409 1538 2600 verum sequetur quod per idem formaliter pater
532 2493 1544 2649 cognosceret et intelligeret se ipsum vi
534 2566 1552 2746 bene et spiritum sanctum quod est falsum ¶ ad istam
539 2625 1499 2820 rationem concedo consequens quia est verum
540 2705 1524 2882 et sequitur ex dictis Ex quibus etiam patet solu-
546 2827 1534 2973 to primo rationis in quaestione facte quiam
545 2871 1528 3021 filius nullo modo est sapientia patris
547 2955 1541 3098 formalis sic quod pater sit sapiens
551 3021 1573 3177 sua genita sapientia et qualiter
547 3098 1556 3265 sit intelligendum dictum apostoli praedicamus
540 3181 1519 3339 christum dei virtutem et dei sapientiam
538 3253 1524 3396 primo Corinthios ostendit magister in ista
554 3311 1539 3464 2t distinctione capitulo 3o et beatus augustinum 7 de
539 3384 1512 3527 trinitate capitulo primo et haec de prima
536 3432 1534 3600 conclusione ¶ 2o conclusio quidquid pater et filius
1685 355 2708 523 diligunt amant spiritu sancto tanmquam
1690 423 2719 585 termino dilectionis producto ista conclusio est
1671 502 2757 674 hugonis libro primo parte 3a capitulo 27 ubi
1684 573 2728 782 dicit spiritus sanctus est dilectio est patris
1691 639 2682 819 et filii et circa finem illius capitul augustinus
1687 711 2731 891 ut habetur supra distinctione 10 hae conclusio eetis
1699 777 2706 956 dinum Egidi in ista distinctione parte prima
1693 868 2708 1000 2 et 3a quaestionibus in quibus ostendit
1684 936 2717 1109 quod pater diligit se filium et nos spiritu
1703 1008 2717 1172 co similiter etiam de filio hoc idem
1690 1085 2729 1270 ut patet ibi ¶ Contra istam conclusionem se
1687 1159 2744 1350 quitur si sit vera quod deus quani creata
1697 1232 2702 1386 diligat inmensa dilectione consequens
1702 1297 2755 1459 falsum quia tunc non plus diligeret patre
1675 1379 2741 1521 distinatum quam praescistum ¶ 2o non plus
1681 1471 2709 1590 virginem maiam quam nam dyanltiam
1702 1515 2718 1676 et 3o non plus b cratura quod propriam
1699 1594 2755 1752 naturam vel substantiam quae omnia sunt falsa
1696 1671 2743 1812 et absurda consequentia autem probatur quia in
1690 1741 2730 1903 meus nec magis nec minus esse
1694 1811 2712 1965 potest ¶ Ad hoc dixuerit aliqui quod
1702 1870 2740 2021 loquendo de dilectione intensiva vel
1700 1948 2745 2105 intensive concedo illata Et sequitur
1696 2036 2734 2173 hoc ex dictis magistri iohannes de ripa vel
1696 2096 2715 2244 marchi satis clare Sed quia haec
1700 2190 2712 2319 sunt prohibita et etiam non benedicta
1708 2254 2721 2392 dico aliter negando consequentiam unde
1706 2333 2747 2469 dico quod diligere nam creatura conmnot
1703 2407 2729 2550 aliquid quod non connotatur in diligere
1715 2473 2733 2611 simpliciter quare non sequitur diligit
1709 2554 2746 2680 dilectione ab extra quae est inmen
1727 2625 2751 2769 sa igitur diligit creatura inmense quia
1705 2688 2730 2827 quamvis sit infinita dilectio tamen est
1699 2758 2774 2897 finite dilectio respectu creaturae ad extra aliter
1714 2837 2763 2970 non video quin consequentia sequantis etiam et conce
1702 2900 2776 3071 di operteatur ipsa ¶ primum corollarium quavis
1709 2982 2739 3116 deus pater diligat nos spiritu sancto aet
1706 3057 2744 3189 ntraliter tamen diligit nos libere et con
1714 3171 2740 3250 tingent prima pars patet ex conclusione et par
1706 3216 2734 3350 probatur quia libere potest nobis benefatere
1714 3290 2748 3405 et contingentis quia mere gratuite
1708 3360 2736 3502 nos diligit ¶ Contra istud corollarium
1709 3426 2685 3547 dilectio qua creatura diligitur
