2964 4346
241 383 1290 529 apertum est et tunc sequitur 2a pars praesen
239 461 1250 595 cipalis 37 distinctionis et dividitur
245 547 1210 671 in tres partes quia primo de modo
244 610 1262 737 esse in dei in rebus voluntas modos
251 690 1266 818 recitat et a probat ¶ 2o falsos modos
244 761 1248 877 reprobat 3o quam dixit manifeste con
254 854 1246 959 immat tunc pars est ibicumque divina
232 899 1162 1035 natura 3a ibi fateamur itaque etc ¶c
478 988 1235 1097 2m deus qui est scientia et
452 1004 1267 1162 veritas infallis et pura bo
443 1120 1259 1227 nitas mutabilis sine sui
233 1159 1276 1289 mutatione sit intime praesens omnibus
238 1225 1273 1324 creaturis quod non quia deus non est
245 1288 1269 1403 pliciter scientia vel veritas infallibilis
235 1369 1225 1503 igitur quaestio falsa patet consequentia antecedens probatur cum
232 1451 1242 1570 primo quia omne relucet in arte
232 1512 1222 1629 divina potest deus relevar ad extra
239 1590 1264 1721 falsum est huius igitur ¶ cum 2o quia deus
239 1668 1270 1770 potest alicui esse causa erroris intellectu
236 1732 1257 1860 alis in poenam pecca tamen 3o quia de
263 1805 1243 1921 tio videtur multa non vera dixisse
257 1883 1275 2019 seus 38 Iatione 3 3o itu 12 Ero spiritus
236 1947 1281 2077 mendnum ¶ 2o sic deus non est sine
248 2005 1263 2136 mutatione igitur quaestio falsa antecedens probatur
248 2096 1266 2206 quia consequentia est bona tamen primo distincteone
236 2161 1237 2287 aliqualiter est intrinsece qualis posset
243 2238 1243 2356 non esse ¶ 2o deus potest certum locum
239 2308 1270 2433 acquirere 3o quia potest esse inciperere
239 2385 1252 2495 et de sivere patet quia potest deus crea
242 2450 1253 2551 us esse et potest deus crcaus non esse
235 2509 1267 2637 igitur etc ¶ 3o deus non est praesens ubi
245 2576 1238 2709 quod et omnibus creaturis igitur quaestio falsa consequentia
257 2662 1241 2779 nota antecedens arguitur tum primo quia stat
247 2730 1259 2848 ipsum esse praesentem 2m potentiam et non
269 2793 1261 2917 sem ¶ 2o quia si deus est in omni
244 2842 1248 2975 bus et prima in eo igitur inter deum
250 2916 1276 3060 et creaturam videtur esse circumcessio
243 2991 1237 3132 3o quia vel neccessario est in omnibus
272 3075 1261 3205 et 2im unam dispositionem quod non
257 3122 1291 3271 videtur vel contingeiter et 2m aliam et ali
248 3215 1267 3338 am dispositionem Et hoc contra
265 3289 1253 3395 auctoritates de cansus dicentem cau
268 3355 1291 3496 sacti prima existitit in omnibus rebs
1413 372 2450 508 2m dispositionem unam igitur videtur
1421 460 2475 563 quod quaestio sit falsa ¶ In oppositum potest argui
1432 525 2455 626 ex dictis istarum duarum distinctionum
1415 587 2449 705 et dictis supra distinctione 8 Et potest confirmari
1424 658 2444 769 quia quidquod est perfectionis est ei
1422 729 2444 840 tribuenum et quidquid est inperfectionis
1434 797 2428 911 ab eo est removendum igitur quaestio vera
1425 866 2457 978 prima conclusio sicut summam veritatem in
1420 933 2451 1060 possibile est menti sic in summa bo
1419 994 2484 1118 vitate inpotentiae est aliquod malum ide
1410 1061 2457 1185 ari istius conclusionis prima pars est beati a
1415 1142 2434 1257 ugtis 15 de trinitate capitulo 14 de magnis
1411 1210 2457 1340 et 35 de parvis ibi scet in deo summe
1415 1274 2436 1423 cognoscitur est est non non igitur verbum
1414 1340 2449 1473 hoc ve veritas est quoniam quidquid est
1430 1415 2458 1558 in ea scientia de qua est genitum et
1428 1489 2432 1633 in ipso est quaet autem in ea non est
1430 1547 2452 1693 nec in ipso est et falsum habere aliquit
1426 1646 2434 1768 hoc verbum numquam potest quia in mu
1424 1687 2461 1832 tabiliter se habet et subdit potentia hoc non
1418 1768 2442 1903 potest nec est infinitas ista sed fini
1418 1841 2437 1966 tas quia falsa esse veritas / 2a pars
1422 1907 2428 2058 quamvis posset pater ex dictis probatur
1428 1974 2429 2130 tamen primo quia nulla praevatio habet
1431 2049 2487 2193 ydeam in deo ¶ 2o quia deus solum
1434 2114 2438 2250 illius dicitur proprie ydea cuius aliquod
1428 2184 2493 2321 modo potest esse causa ¶ 3o quia deus
1432 2265 2467 2399 solum ydeat quod ipsum de facto vel de po
1419 2330 2398 2475 participat ¶ 4o solum illud in de
1436 2391 2456 2546 ydeatur quod componitur in esse summum bonta
1437 2469 2492 2599 mutatur sed non est tale malum cuapere
1403 2542 2457 2696 igitur conclusio veram sed contra istam conclusionem sunt
1421 2628 2475 2757 rationes facte in principio quaestionis inprimo
1427 2697 2481 2847 principali et arguitur contra e2tam partem nam
1431 2769 2470 2907 si ipsa esset vera sequetur quod deus non
1425 2837 2447 2986 immedita cognosceret peccata quod est falsum
1430 2912 2497 3050 probatur consequentia quia nichil cognoscit
1423 2992 2503 3139 deus nisi illud respectu cuius ratio cogtiva
1420 3071 2457 3230 sed si non est malum culpae ydea igitur
1433 3126 2515 3285 nec ratio cogunitiva quare etc ¶ Ad ista
1417 3203 2484 3353 respondeo ad primum cum dicitur deus potest
1430 3286 2508 3418 revelare concedo sed tamen dicitur falsum relu
1417 3364 2514 3508 tnet mare etc nego summendo falsum 2m
