2964 4346
255 392 1250 541 excludit omne fallibile et falsum in
244 466 1257 611 dium prima pars patet ex 2ae conclusionis parte
245 547 1289 696 et 2a per primam eiusdem Ex quo respon
244 598 1254 751 detur ad patrium suppositum in quaestione
246 682 1254 803 quod deus est infallibilis veritas et
242 774 1280 883 et praura vera bonitas Et hoc de
257 830 1223 974 prima conclusione istius quaestionis ¶ 2oconsr
254 916 1261 1043 sicut soli primae veritati correspon
251 996 1241 1107 det inmensus gradus neccessitatis
256 1062 1258 1206 sic ei soli correpundet infinite
256 1138 1264 1273 fixus status immutabi conclusio est
257 1232 1237 1344 expissa sententia magistri libro primo distinctione 8
245 1305 1282 1432 capitulo 4 Et hugolinus libro primo de sacium
251 1392 1254 1503 tis parte 3a capitulo 13 ubi hugolinus variari
245 1463 1240 1591 et mutari non potest deus omnino
259 1539 1301 1667 non enim augeri potest qui immensus
242 1615 1232 1739 est nec minmum quoniam unus est
241 1687 1231 1811 nec loco mutari qui vubicumque
251 1759 1247 1881 nec tempore qui aeternus est nec cog
259 1847 1248 1972 nitione qui scaipientissimus est
245 1906 1244 2038 nec affectione qui optimus et Et
238 1974 1258 2110 in fine capitulo 14 non iuuveritur muta
235 2065 1272 2179 bilitas in eo nulla cum omnia genera
247 2142 1246 2271 mutabilitatis ferunt inconsidet
256 2223 1268 2355 tione adducta sive qui incorpri
247 2285 1230 2421 bus inveniuntur sive quaestione spiritu coa
259 2380 1275 2481 nam contingent et deducit istam
258 2441 1239 2580 conclusionem usque ad cartum ins excludtiae /
260 2519 1267 2638 Contra conclusionem st argumenta tacta in 2o
268 2604 1265 2721 principali cum dicebatur quod deus est
257 2660 1242 2800 aliqualis intrinsece qualis potest non
257 2749 1245 2880 esse 2o quia acquirit locum
244 2841 1265 2970 3 quia deus causaus potest non esse
248 2915 1274 3051 Ad ista respondeo negando primum nisi
255 2991 1234 3119 taliter esse habeat per aliquod extrinsecum
266 3051 1276 3191 respieum quonia respectus sine sui mutatione
266 3140 1307 3279 potest non esse ¶ d 2m potest dici uno mdo
270 3223 1277 3361 sed doctorem profundum lib primo capitlo
260 3303 1276 3433 5 corollario 2o quod deus aeternaliter fuit in
264 3365 1307 3517 spriacio ymaginario immenso et nunc
1429 371 2452 508 est extra node ideo nullum acquirit
1431 492 2480 592 vide augustinus de speriatio hoc ymagi
1425 553 2532 666 nario 11 de civitat dei capitulo 15 sed oppositum
1421 637 2451 747 huius tenet scotus in ista 37 distinctione
1427 697 2465 818 ideo alio modo potest dici quod si acquiratur
1424 772 2481 885 locum hoc non sit per sui mutationem
1425 846 2493 959 sed per loci nova creatiorem vel factonem
1434 916 2470 1030 ¶ 3o diceretur 2m quosdet quod deus bene
1429 981 2472 1087 acquirit locum sed non situ ¶ ad 3m
1427 1048 2497 1141 nego simpliciter assumptum cum dicitur deus
1419 1128 2451 1234 potest incipiere et desivere esse et cum
1416 1188 2476 1303 probatur quia deus creans potest inci
1411 1254 2482 1391 pe esse nego illud simpliciter
1425 1328 2457 1434 dico quod deus carsans nec potest inci
1426 1405 2482 1532 pe esse nec de sinere esse ratio quia
1438 1482 2472 1585 nec deus qui est carsans nec deus
1415 1544 2483 1668 qui potest esse creans potest non esse nec
1423 1613 2460 1748 de sive esse igitur etc ¶ sed contra ista
1415 1692 2469 1804 arguitur primo contra rationem primo quia
1408 1759 2430 1890 cthyma potest non esse et tamen nec cthy
1431 1831 2478 1974 neira quae est ne thyma quae potest
1419 1895 2447 2030 esse 2o sic deus causans nunc non
1419 1961 2504 2092 est et inmediate an hoc deus craus
1429 2036 2454 2163 fuit igitur deus carsans desunt esse
1421 2107 2481 2249 Et simliter potest argui deincipit
1429 2177 2413 2305 ¶ Confirmatur nam haec potest esse vera
1428 2220 2466 2374 deus creans non est igitur haec est vera
1431 2330 2453 2445 deus causans potest non esse consequentia paliet
1430 2396 2469 2521 satis communiter et antecedens probatur supposi
1424 2466 2485 2592 to quod deus nichil causaret haec esset
1399 2551 2468 2677 vera deus causas non est quia haec
1415 2616 2476 2742 esset falsa deus causans est quia vel
1428 2699 2466 2818 crearet ad ista ¶ ad primum dicit a
1428 2765 2446 2906 dam negando istam thyma potest
1422 2841 2453 2986 non esse ratio sua est quia nec chiy
1433 2922 2436 3061 ma quae est nec quae potest esse ita
1430 2989 2442 3129 simliter est in proposito sed prome
1421 3070 2430 3217 dico quod non est fciile quia in ista
1432 3138 2496 3282 thyma tale subiectum pro nullo suppoio
1439 3214 2447 3361 sed sic non est istas deus careans
1433 3292 2499 3434 potest non esse et ideo supposito quod ista
1431 3369 2480 3513 concedam thyma potest non esse non tamen
