2964 4336
234 384 1274 537 Ssed quidquid de hoc sic dico quod u
227 477 1260 598 cumque potest vel est potens agere quod ibi
220 541 1223 680 est praesentia essentiae divinae ¶ ad 2m
220 613 1235 746 dico quod in causis limitatis non pos
238 690 1245 822 est agere indistans procedit ex inper
218 734 1255 904 fectione sed in causa illimitata proce
229 836 1258 982 dit experfectione primo propter eius in
225 919 1259 1054 mensitatem eta propter eius simplici
226 1003 1271 1117 tatem et 3o propter eius inmobilitatem
233 1053 1231 1169 ¶ Ad 3m dico quod voluntas divina
220 1132 1264 1248 propter istas tres rationes iam tacncrtas
235 1209 1255 1325 non potest velle aliquod sibi distans
245 1286 1261 1400 sicut nec potentia ¶ primum corollarium esse
243 1354 1242 1474 praesens omni loco ad tinctive proprie
227 1438 1266 1553 non convenit alicui creaturae propatur
232 1516 1253 1634 corollarium quia soli competit hoc essentiae
241 1585 1287 1699 divinae sed contra istud potest argui
239 1654 1241 1778 quia si nichil nisi homo et deus
230 1730 1264 1859 essent anima in quolibet loco esset
235 1806 1242 1922 et tamen esset creatura igitur corollarium falsum ¶
225 1870 1263 2008 Ad istud dico quod non est contra
227 1954 1258 2075 corollarium quia non esset ubique proprie
239 2019 1251 2143 sed per conservationem virtutis et potentiae
232 2105 1260 2221 extrinsece Ex quo patet quod sive creaturae
238 2169 1255 2277 intrinseca mutatione possibile est eam
254 2234 1251 2356 esse ubuique patet quia per solam de
245 2304 1278 2398 structionem alterius omnis essentiae
239 2377 1285 2503 creatae sicut satis est possibile ¶ 2m corollarium
251 2443 1273 2579 inpossibile est esse aliqua creaturam
248 2520 1299 2646 esse morose vel conclusione nisi dei prn
238 2601 1273 2731 tia intima sibi sit conservative
243 2662 1293 2800 et adinctive patet corollarium quoniam impossibile
232 2736 1282 2882 est creaturam existere et divinam potentiam
245 2815 1281 2949 ad tinctive non atingere igitur et ipsa
243 2883 1265 3014 divina essentiae praesentia sicut patet ex
259 2954 1257 3109 conclusione et eius probatione ¶ 3m corollarium quam
253 3041 1263 3173 nis deus sit in omni creato eo non
244 3115 1283 3225 variato et omnis creatura in eo vra
251 3179 1272 3334 rio et vario modo tamen inter deum et
256 3267 1295 3409 creaturas non est circumcessio prima
252 3334 1260 3492 pars patet ex ista conclusione et 2a pars patet ex
1420 374 2458 495 multis dictis sanctorum et doctorum et
1415 456 2460 591 etiam conclusione in parte et probat Et
1400 540 2459 653 probat eam dous Etadius diffiunitione
1417 615 2461 737 li primo distinctione 36 parte prima ¶ 3a pars
1408 677 2478 808 et ultima patet ex dictis supr de crcum
1427 760 2431 862 cessione ex quibus primo sequitur
1423 840 2467 958 solutio 3 principalis ¶ 2o sequitur
1414 906 2466 1035 quod pars affirmativa quaestionis est vera quia
1408 979 2479 1099 deus est infallibilis veritas ex prima
1399 1052 2442 1191 conclusione et sine sui mutabilitate
1410 1129 2464 1268 quia in mobilis est ex 2a ipse est
1405 1209 2427 1334 in rebus et in eo omnis enti
1411 1280 2419 1409 tas et ex 3a et sic patet quaestio ista de
1415 1353 2442 1482 cuius materia et signantis quo ad
1410 1426 2469 1550 2am et tertiam conclusiones diffusiis habetur
1410 1501 2466 1624 in vespiriis meis circa pemultium lum
1419 1573 2224 1718 quaestionis sequitur nunc ¶
1574 1636 2430 1766 unc ad proposionem haec distinctio
1587 1712 2475 1820 continuatur postquam magister de
1583 1782 2448 1886 terminavit de scientia dei et re
1423 1848 2437 1966 bus satis quantum ad eorum principali
1414 1930 2458 2022 tatem et intinitate nunc inci
1417 1992 2452 2117 pit tractare quod ad eorum adinvicem
1412 2057 2457 2179 talitatem et dividitur in duas per
1412 2141 2450 2234 quia primo magister inquirit utrum
1420 2208 2463 2345 scientia dei respectu satorum causalem habeat ratio
1421 2290 2460 2389 nem ¶ 2o utrum scientia dei ex variatio
1423 2376 2437 2487 ne satorum capiat mutationem tunc
1420 2434 2446 2558 2a pars est in 3s distinctione praeterea quaeri so
1419 2513 2452 2619 let prima dividitur in 3 partes nam
1412 2584 2461 2698 primo movet hoinem 2o eius potst
1427 2650 2448 2762 determinationem solutio Et 3o ex dictis proprio
1431 2736 2440 2843 nit quadam incidentalem dubi
1419 2794 2487 2905 tationem tunc 2a pars ibi hac quae videtur
1426 2858 2437 2964 repugnativa 3 ibi hoc autem quod
1425 2923 2462 3070 supra dictum est Et tunc 2a pars principi
1438 3007 2483 3147 palis quae est distinctio 39 Et haec
1402 3074 2470 3224 dividitur in 3 partes quia primo magister
1426 3149 2494 3303 proponit quaestionem 2o ponit sua responsione
1426 3216 2495 3352 et 3o obicit per variam et solvit ob
1426 3303 2442 3424 snenm tunc 2a pars est ibi ad quod
1429 3381 2443 3506 dicimus 3 ibi hic opponitur etc
