2964 4310
235 473 1253 623 minor est vera et forma bona igitur etc
243 537 1252 698 ¶ 2o sic omne verum praeteritum est neccessarium
249 640 1255 775 sed quodlibet futurum aeternaliter esse praescitum
235 693 1251 856 est praeteritum igitur est neccessariam ¶ 3o sic a
245 780 1241 891 iudicat b cras evenire et non e
239 836 1245 998 veniet cras igitur decipitur consequentia
237 917 1269 1055 est bona igitur a simili a iudicat b
245 1000 1244 1132 evenire cras et potest non evenire
232 1069 1254 1206 igitur potest decipi Ista ut satis est
245 1141 1253 1259 materia in qua facile invenitur
236 1219 1289 1368 obiectio et difficulter solutio ¶ Ad primum
227 1302 1274 1446 igitur istorum dico quod non sequitur conclusio quae
238 1387 1270 1525 infertur sed illa debet inferri quod neccessaria
244 1459 1231 1612 ratione et illam concedo sed tamen est
245 1544 1251 1652 libera ratio repraesentativa et non neccessaria
242 1624 1242 1758 huius futuri in sic esse ¶ ad 2m so
230 1717 1273 1820 let communiter dici negando maiorem
245 1774 1250 1911 de praeteritis non est dependentibus ab
244 1852 1256 1990 eventum alicuius futuri Et per hunc
238 1919 1252 2053 modum communiter soluntur tales diffi
237 1986 1262 2145 cultates anima christi scivit a vo
239 2055 1266 2196 luit a asseruit a et sic de sin
245 2129 1311 2277 gulis sed contra hoc posset instari
243 2208 1266 2364 quia ponatur quod scripserit talem propositionem
235 2266 1288 2422 heri ego volo a sequitur quod hodie
241 2351 1267 2515 neccessariam sic illum eam haberi scripsisse
239 2417 1247 2578 sed hoc videtur falsum qui quod potest numquam
255 2504 1275 2649 scripsisse sic in proposito hic dicunt
241 2607 1270 2732 aliqui quod potest numquam scripsisse sed hoc
241 2651 1251 2806 videtur falsum quia sic praeteritum posset
247 2736 1223 2866 numquam fuisse Alii dicunt quod non
239 2791 1268 2946 est simile de hiis iste asseruit hoc
237 2866 1254 3004 et iste scripsit hoc et ista est via
251 2953 1234 3067 communior de hoc tamen alias plus vi
241 3023 1265 3158 debitur deo danto ¶ Ad 3m nego
240 3087 1240 3250 2am consequentiam quia non est simile quando
241 3153 1240 3295 ambae sunt de meae respectu suae conclusionis
234 3223 1262 3383 quando altera est de possibili rationem assig
255 3309 1257 3421 nant doctor subtilis in ista
251 3356 1233 3512 39 in solutione primi argumenti
1426 474 2416 627 2ae quaestionis ¶ primum corollarium licet o
1436 564 2432 706 biectum scientiae intellectus divini sit verum
1427 651 2476 779 tamen obiectum praescientiae est praesens falsum et fu
1430 738 2452 862 turum verum probatur nam antichristus prae
1409 807 2478 909 dicat erit quandoque verum illud anti
1409 892 2445 1018 christus praedicat et modo est falsum Ex quo
1410 952 2471 1101 patet primo quod proprie loquendo de praescire
1424 1061 2456 1174 deus non praescit antichristum esse fu
1418 1121 2462 1245 turum ratio quia non est futurum sed praesens
1433 1195 2477 1320 si tamen antichristum esse futurum aliquid
1432 1274 2497 1379 est unde forte inproprie dicitur deus
1428 1348 2464 1474 praescit vel scit antichristum esse futurum
1431 1425 2470 1569 sed tamen admitterentur tales quia va
1436 1501 2457 1639 lent has deus scit hanc an
1430 1571 2462 1686 tichristus non est et erit vel 2m alios
1418 1652 2428 1777 deus scit hanc antichristus est
1417 1733 2460 1867 futurus potest tamen satis congrue etiam
1424 1794 2466 1929 concedi deus scit antichristum esse
1434 1883 2460 2021 futurum supposito quod nichil sit in re
1413 1953 2423 2080 nam deus scit non esse duos
1425 2037 2467 2176 deos distinctos ab eo et tamen duos
1412 2113 2404 2245 tales non esse nichil est igitur et
1424 2166 2436 2345 sic in proposito non sequitur quod aliquid
1429 2276 2411 2417 esse futurum praesens sit vel aliquid
1418 2361 2481 2491 propter hoc quod deus ipsum scit vel praescit
1406 2444 2413 2562 ¶ Secundum quod sequitur est quod in propria
1413 2502 2461 2641 locutio est cum dicitur summamus aliquod
1419 2579 2475 2721 futurum ut antichristum esse futurum esse fu
1421 2652 2479 2776 turum ¶ 2m corollarium contra modum loquen
1407 2720 2488 2862 di Iohannes de marchis licet essentia di
1426 2809 2434 2921 vina sed nullam rationem sic ratio
1422 2903 2452 3029 neccessaria futuri contingentem tamen deus
1416 2960 2445 3096 sed rationem essentialem ultimis perfectam est
1420 3032 2451 3165 perfecta notitia futuri et possibilis prima
1407 3111 2466 3247 pars patet ex prima parte conclusionis et 2a probatur
1411 3183 2467 3317 quia esse praescitum vel posse esse prae
1417 3247 2466 3415 scitum est ratio perfectionis igitur rationem competit
1426 3350 2485 3492 intrinseca essentiae divinae Ex quo sequitur
