2964 4316
496 416 1482 592 tollet scientiam futurorum loquitur de
518 506 1502 647 citone sicut patet ibidem ¶ Ad 3m di
498 590 1446 698 co quod deus libere repraesentat sotrum
496 658 1456 787 videt quantum vult eos videre et nota
502 732 1466 852 ultra de hoc tamen magis causa 4a
504 794 1457 917 deo dante dicitur ¶ Ad quartu potest
504 848 1501 991 dici primo quod loquitur de neccessiate conclusione
515 927 1441 1052 et nota consequenter per istum modum quod haec
509 990 1472 1115 consequentia est materialiter neccessaria deus vir
506 1052 1509 1198 hoc igitur hoc erit et dico noanter mater
512 1124 1500 1253 quia forte non est neccessaia formaliter
521 1198 1494 1330 ¶ 2o potest dici quod ipse sint illius inten
507 1247 1550 1401 tionis vere sed tamen in hoc eravit igitur dicta
516 1337 1481 1477 eius non sunt contra posita haec in
521 1385 1552 1542 materia ista ¶ primum corollarium contra adam
523 1463 1539 1618 et bonsimilante adam libro 3o quaestione 14 beono
530 1543 1549 1689 similante li primo quaestione penult articulo et quod
529 1626 1539 1750 nis inter quaslibet propositiones contradicos de
514 1668 1528 1847 futuro contingenti una sit determina
523 1771 1523 1911 te vera hoc tamen argustnur quantum apparet ex ten
510 1828 1535 1988 extu primi per ya negavit esse ita
504 1908 1487 2057 prima patet ex conclusione ¶ 2am probat gregorius
533 1985 1538 2131 diffinitione in ista distinctione 38 quaestione prima articulo prio
534 2052 1507 2195 Et authomus de arimo in sua
530 2133 1507 2285 loyca parte prima capitulo 9 adducens
539 2196 1532 2336 poetium tulium et communitatile hoc corollarium tenet
536 2279 1558 2399 bonaventura libro primo distinctione 10 ¶ 2m corollarium
534 2350 1548 2506 gregorius ubi iam est dictum quamvis philosophus
539 2431 1554 2579 hoc posuit non tamen sibi nec in ista
542 2498 1526 2626 materia nec alia quo ad hoc vel
533 2584 1536 2718 in hoc contradixit patet per hoc quia
530 2656 1557 2790 licet negaverit quod nulla istarum esset
533 2724 1544 2848 vra determinate tamen concessit quod quoalibet
536 2801 1539 2950 istarum esset vera vel fallsa non quodem
541 2878 1537 2998 determinate sed sub distinctione sicut
538 2950 1531 3082 pulchre deducit fratur anthomus
538 3031 1491 3140 de armo ordi nostri ubi prius est
535 3078 1534 3233 dictum per longum processum et bonum ¶srium
541 3156 1545 3288 corollarium et si omne quod potest esse essetrun
535 3231 1526 3383 tamen futurum prius existet nec toti la
533 3297 1568 3447 titudinui ratio commensurative continient
530 3367 1550 3520 correspondere posset patet primum quia consequentia
1643 410 2620 549 ista non valet omne quod potest esse est
1644 490 2683 620 futurum potest esse igitur est sed debet dici
1652 556 2689 722 imminori futurum est quod potest esse sed hoc
1642 646 2688 763 non dicitur 2a pars patet ex ratione 3e noco
1663 711 2687 836 facta in 2o principali ex quo patet quod non
1660 783 2672 910 portet quod in deo sit contingentia sed fu
1661 868 2667 985 fficit quod mensuetur ratione libertatis
1654 929 2700 1050 divinae Ex hiis patet quid dicendum ad 2am
1662 998 2680 1117 rationem principalem factam in principlo
1670 1074 2652 1194 quaestionis ¶ 3a conclusio quamvis divina praescientia
1672 1133 2689 1280 includens de velle nolle vel bene
1648 1202 2679 1360 placitum omnis entis incomplexi sit
1666 1286 2699 1431 principium fontale tamen praescientiae divinae
1678 1364 2718 1498 respectu futuritionis non correspondet aliquid
1670 1428 2678 1550 esse tale patet cum ante creationem omnis
1676 1494 2680 1607 creatura futura fuerit praescita est tamen
1671 1568 2672 1701 nichil fuit nisi sola essentia di
1673 1645 2692 1764 vina ¶ 2o quia futuritio nichil est
1677 1709 2723 1846 ideo eius non est causa satis videtur notum
1680 1788 2743 1912 ¶ Contra conclusionem arguitur per propositionem 2t8 alex
1681 1865 2724 1995 audri in de memoria rerum diffini
1678 1932 2702 2042 bilium ubi dicit omnis scientia vel e
1687 1992 2682 2130 reorum causa vel a rebus caresata sed praescientia
1684 2064 2708 2205 est scientia igitur vel a rebus creata vel re
1692 2138 2704 2285 rpnum cusa ad hoc dicitur primo quod proprio
1675 2222 2690 2331 probat prima partem conclusionis quia re
1685 2292 2728 2414 scipit scientiam cum inclusione velle
1684 2360 2691 2481 diviim vel nolle vel bene placiti ¶ a
1696 2444 2699 2571 dico quod praescientia sit recepta bne est
1687 2502 2691 2623 causa rerum sed tamen non futuritionis quia
1696 2580 2697 2696 illa non est res nec est aliquod sicurt
1705 2646 2677 2776 dictum est in 2a parte conclusionis et eius pro
1688 2715 2715 2848 batione ¶ primum corollarium res praescite
1691 2785 2668 2920 non sunt casa sive qua non praescientiae
1690 2849 2683 2972 divinae patet ex conclusione quia aliter
1700 2913 2684 3035 non ens esset causa entis quod videtur
1686 2992 2689 3132 falsum omnio Oppositum istius corollari dicit
1691 3058 2747 3180 magister in littera distinctione ¶ 2m corollarium si per po
1695 3119 2724 3256 vel inpossibile rei corresponderet vel creaturae
1695 3198 2691 3322 aliqula ratio causalis respectu praescientiae diviniae
1686 3268 2713 3393 ex hoc tamen non acquiet deus aliquam
1693 3343 2747 3482 perfectione per operationem creaturae Istd
