2964 4329
533 435 1537 621 finalis cetitudinaliter quod non quia
552 522 1531 666 nullus praedestinatur aeternaliter
542 605 1516 738 igitur quaestio falsa patet consequentia antecedens arguitur cum primo
552 670 1506 808 quia potest aliquis incipere esse
554 739 1549 844 praedestinatus tum 2o sequitur quod numerus prae
550 807 1522 932 destinatorum non posset auctus
549 875 1534 1001 ¶ tum 3o sequitur quod aliquis ymmo quilibet
560 938 1508 1062 pradestinatus indebiliter esset
548 1006 1497 1129 li vite inscriptus quod est falsum sunt
551 1067 1523 1215 patet in psalmo 64 deleantur de libro
553 1143 1514 1270 viventium et patet consequentia quia omne
552 1199 1535 1324 aeternum immutabile igite talis scriptura
565 1285 1545 1383 foret inmutabilis et per consequens in
536 1346 1535 1460 delibilis ¶ 2o sic praedestinato non
533 1407 1530 1553 potest fieri talis relevato igitur quaestio falsa consequentia
542 1494 1506 1595 non antecedens arguitur tum primo quia
538 1557 1533 1669 tunc neccessario sua dampnatio eve
534 1614 1529 1742 niret tamen 2o clare videns deum
536 1700 1485 1803 dolere posset quae omnia sunt
562 1739 1508 1863 falsa igitur et quaestio ¶ 3o inpossibile est prae
535 1815 1540 1934 destinatum dampnari finaliter
527 1893 1501 2013 igitur quaestio falsam consequentia tenet et antecedens
553 1953 1508 2090 arguitur cum en primo sequetur quod esset
554 2028 1510 2168 praedestinatus et non praedestinatus
546 2099 1571 2226 ad hoc videtur dictum augustini 18 de civitate
549 2168 1510 2287 dei capitulo 51 ubi dicit quos enim prae
548 2240 1551 2369 scivit et praedestinavit conformes
553 2317 1518 2443 fieri ymaginis filii sui ex eis perire
541 2399 1526 2512 nullus potest cum 2o quia deus esset
537 2462 1516 2596 mutatus cum voluerit eum salvare
542 2548 1541 2673 et non salvat tamen 3o sequitur quod canon
551 2613 1515 2738 scripturae esset falsus qui dicit praede
541 2680 1519 2791 stinatum deberi salvari igitur quaestio falsa
543 2752 1521 2885 ¶ ad oppositum arguitur per magistrum in
528 2813 1515 2954 littera quia praedestinatus potest dap
525 2886 1515 3008 nari igitur dampnatio poterit sibi
534 2965 1471 3091 clare et certitudinaliter relevari
524 3032 1453 3180 igitur quaestio falsa vera ¶ prima conclusio deus
522 3068 1522 3223 omnes elective praedestinatos aeternaliter
518 3165 1504 3305 propriat ad gratiae gloriae perpetuos effectus
517 3224 1506 3371 gratuitos istam conclusionem probo per lllud
518 3304 1471 3438 apostoli ad ephesios primo Elegit nos
519 3378 1465 3510 ante mundi constitutionem et
1691 436 2726 621 et praedestirnavit in adoptionem
1691 547 2725 687 filiorum Item matthaeus 38 Sedere adexteram
1686 626 2737 752 meam etc Item matthaeus 25 percipite regnum
1683 699 2741 852 aeternum etc item beatus augustinus in praedestin
1677 775 2719 928 atione sanctorum capitulo 12 praedestinatio est
1670 855 2761 1011 gratiae praeparatio Sed contra istam conclusionem
1686 922 2743 1085 arguitur per dictum beati augustini super illo Io 14
1684 999 2728 1155 etc vade parere vobis locum ubi dicit
1687 1084 2707 1215 augustinus non praedestinatos pradestinabo
1670 1160 2710 1296 igitur sequitur quod t praeparatio ex parte fieri potest et
1688 1220 2694 1365 non solum aeternaliter ¶ Ad istam quod
1684 1311 2692 1440 praedestinari potest dupliciter accipi vel
1681 1381 2685 1511 quantum est in se aeterna praeparatio ¶ 2o huis
1688 1453 2679 1586 praeparationis effectus et operatio Sioo sumit
1684 1512 2670 1659 augustinus non primo vel aliter potest praedesti
1679 1607 2709 1718 natio accipi 2m eius rationem comple
1672 1665 2680 1789 tam et totalem et principalem vel
1683 1735 2668 1879 2m aliquam eius partialem et specialem
1679 1818 2683 1942 2o modo intelligit augustinus non primo ergo
1678 1888 2697 2012 conclusio vera ¶ primum corollarium inpossibile est deum
1678 1956 2659 2078 incipere aliquem praedestinare vel aliquid
1668 2023 2712 2170 ad futurum esse determinare probo istud
1681 2097 2688 2226 corollarium primo ex conclusione quia aeternalisr
1687 2208 2698 2314 praedestinat 2o ratione quia si aliquid
1676 2250 2676 2388 incipit esse futurum in aliquo instanti igitur
1683 2321 2695 2494 erit post illud est igitur est futurum
1681 2395 2682 2525 hoc instanti ¶ 3o auctoritate primo augustinum de
1678 2488 2688 2615 libro articulo capitulo 3 Semper enim deus scivit
1680 2553 2619 2702 quod futurum est per annum ¶ 2o psalmos 128
1664 2637 2698 2756 Tum cognonisti omnia novissima
1673 2695 2700 2814 et antiqua per isto corollario videatur doctor
1661 2772 2694 2903 profundus libro 3 capitulo 18 ¶ Contra istud
1645 2853 2711 2990 corollarium arguitur sic aliquis non est praedesti
1658 2919 2687 3046 natus et potest esse praedestinatus igitur
1672 2995 2694 3125 potest incipere esse praedestinatus Similiter
1663 3073 2707 3196 arguitur de futuro ¶ Ad istam rationem dico
1651 3145 2671 3269 negando consequentiam sed si diceretur quod in
1655 3224 2672 3348 aliquo tempore vel instanti primo esse praede
1658 3288 2688 3409 stinatus consequentia valeret vel sic quandoque et
1633 3366 2692 3496 non semper fuit praedestinatus igitur poterit
