2964 4308
501 452 1482 607 et sufficienter tractatur in quaestionibus
502 537 1474 673 huo distinctione 40 quare ad praesens non
504 601 1414 719 plus de illa nisi quod consequentia est
512 686 1461 791 venda quia non sequitur quod ipsum
501 742 1486 863 deus decipiat vel posset dici secundum
500 795 1459 942 aliquos quod non est possibile quod
501 889 1472 1003 deus omnem assensum causaret in
499 973 1498 1074 illo respectu revelati et quod oppositum stan
507 1045 1488 1142 te tali revelatione eveniet licet
518 1108 1506 1235 secus sit si causabit aliquem assen
527 1183 1491 1307 sum et aliquem non unde si deus
496 1250 1474 1390 causaret in me assensum respectu b
503 1321 1508 1445 revelati stante infallibiliter
500 1398 1489 1527 tali tali assensu posset elicere a
489 1473 1505 1605 lium circa idem propter quod ero deceptus
503 1544 1513 1677 nec tamen per deum ¶ primum corollarium patre
489 1619 1503 1735 destinatio divina non solum est beatorum
495 1688 1500 1819 electiva sed et malorum reprobativa
498 1763 1512 1887 istud corollarium declat 2am partem scude
508 1836 1497 1982 conclusionis et probatur per beatum augustinum dic
504 1906 1508 2056 quod aliqui in hac vita praedestiminati
526 1994 1514 2104 vnt in aeternum ignem se et super
510 2065 1486 2175 illo verbo Iohannes 17 nemori ex hiis per
498 2138 1515 2256 ut nisi filius perditionis ait antece
485 2206 1489 2330 filius perditionis dictus est tradi
501 2287 1474 2424 tor christi praditioni predestinatus
488 2360 1499 2490 Item enchon 4 deus aliquos n
519 2427 1519 2580 ste praedestinavit ad poenam aliquis
500 2508 1490 2644 beniguere ad gratiam Simile dicum
498 2575 1506 2724 in libro de bono perserverantur multis
506 2660 1496 2805 capitulis Contra istud corollarium est exprae
503 2722 1522 2875 sse magister supra distinctione 6 capitulo 2 vel 2m alios
501 2797 1481 2945 capitulo 3 ubi dicitu praedestinatio tantum de
495 2879 1468 3013 bonis est ¶ ad hoc potest dici primo
495 2949 1474 3073 quod plus credendum augustini quam magistro
490 3018 1477 3160 et quia augustini dicit corollarium non esset
480 3088 1477 3217 credendum in hac parte magistro 2o
479 3160 1461 3293 dico et melius quod magis recipit
481 3233 1483 3385 ibi praedestinationem electivam strcte et
483 3293 1492 3446 et proprie et sic dicit verum nec est contra
470 3384 1511 3530 corollarium et quod sic intelligat patet ex tex
1648 461 2706 601 tum magistri quia dicit praedestinatio
1658 521 2706 664 et voluntas modo constat quod voln
1660 593 2676 728 tas dei includitur in praedestinatis
1655 674 2663 805 electiva sed non reprobativa sicut
1666 752 2679 877 infra docetur 2t sic magister non secre
1654 793 2647 928 contra dicta ¶ 2m corollarium non solvum
1657 867 2655 1010 revelatio conditionata veri futuri
1651 938 2687 1077 contrinitis sed absolute determinata vi
1642 1011 2701 1147 atori est possibilis Istud corollarium sats
1645 1082 2679 1211 patet ex conclusione et solutione primi argument
1659 1155 2688 1294 contra istam conclusionem sanctam ¶ 3m corollarium
1659 1226 2665 1356 revelati vit absolute determina
1656 1308 2692 1444 ta eiudentia non tollit futuru
1655 1382 2700 1515 revelati contingentiam patet ex parte
1655 1450 2689 1588 tertia conclusionis quia cum clara visionse
1640 1529 2698 1661 dampnationis futurae stat ipsam
1643 1605 2689 1735 contingente evenire et posse numquam
1654 1673 2698 1816 evenere igitur corollarium verum Ex quo sequitur
1655 1750 2703 1879 primo quod non est neccesse talem viden
1651 1824 2664 1960 tem suam dampnationem in verbo
1646 1888 2645 2016 clar de tali revelato dolere patet
1650 1976 2685 2088 quia videt quod potest numquoam evenire
1651 2031 2676 2153 et potest speciare de gratia dei finali
1655 2103 2694 2230 Sendum quod sequitur est quod si talis cer
1658 2174 2706 2313 titudinaliter crederet se damnandm
1661 2247 2691 2369 et aestimaret ad hesive ad taliter
1661 2305 2702 2457 crede non concuret verbum nequedeus
1646 2392 2694 2502 nisi ad actum credendi et entita
1642 2454 2660 2576 tem effective ad de factum vero vel cul
1645 2520 2677 2647 pam nullo modo nisi inproprie vals
1649 2591 2652 2742 de et large non quidem effective sed
1647 2663 2661 2802 obiective ad certitudinem talem
1652 2732 2685 2888 Ex hiis sequitur ad quaestionem quod licet deu
1663 2804 2647 2935 possit revelare in verbo alicui
1651 2880 2677 3002 suam dampnationem finalem non
1648 2948 2688 3078 tamen ipsum de tali revelatione potest
1642 3025 2662 3151 facere certum effective licet inproprie et
1637 3086 2649 3212 obiective Et per hoc patet ad argumenta in 2o
1651 3155 2643 3272 principali ¶ 3o conclusio licet possibile
1660 3228 2673 3338 sit aliquem praedestinatum damp
1648 3296 2658 3391 nari non tamen omnis praedestinatus
1641 3371 2644 3486 aeternae pene potest deputari quamvis
