2964 4193
417 442 1380 576 nego consequentiam ad probationem respondeo cum
417 541 1383 644 apostolo ad romanos d subesse legi iustitiae
424 594 1384 679 intendit et non remittit libertatem
419 664 1392 765 / 4o arguit sic nichil iniustius quam
426 731 1404 829 quod creatura debitum honorem an
428 797 1365 915 fferat et non solvat nature istam sic
431 870 1390 988 iacet informa 5to sicut nichil in
442 942 1417 1057 stius quod quod deus homorem suum in ten
419 1011 1386 1125 gratias servat posset rationabiliter negari
428 1068 1422 1186 assumptum sed nego consequentiam 6o aruit
429 1144 1385 1265 sic si peccatum dimittitur inpratum igitur
431 1205 1389 1338 non primitur poena dampni sed conclusio
459 1299 489 1337 e
464 1272 1416 1393 quia talis sic habens numquam erit
436 1352 1374 1472 beatus secundum loycam pureorum posse
427 1402 1414 1540 sibi respondere quod talis sic habens erit beatus
430 1487 1420 1610 et tamen numquam erit beatus sic habens peccatum
429 1551 1409 1689 dico tamen quod ex 2a distinctione patet quid
448 1641 1402 1763 sit dicendum qui sufficit michi
451 1697 1423 1829 quod deus potest dimitte peccatum non prn
445 1763 1408 1876 intum vel remittendo vel quocumque
446 1839 1405 1949 alio modo / Ad ultimum cum arguit exverbs
439 1905 1388 2031 augustinus libro ofionum inisisti duae etc Respondeo
452 1979 1379 2096 quod intelligit de poena contracta
451 2042 1441 2164 vel relicta de qua conclusio non solum
452 2121 1406 2230 esset vera de deo ymmo nec ego pos
466 2185 1423 2320 sem peccatum dimittere in praemtum quod cum
461 2266 1417 2379 quod de mundo sic loquendo Et haec
472 2348 777 2455 sufficiant
670 2376 1457 2497 trum veritatem sinceam tece scicud
652 2459 1405 2568 christiannae inpossibile sit matero
655 2520 1392 2636 rem perfecte cognoscere effica
460 2582 1389 2701 tia rationis quanae sine spececiali
445 2639 1414 2757 dei illustratione et fundamento si
465 2708 1440 2816 dei katholice ac fina adhesive
462 2777 1425 2887 quod non homo viator potest efficacia
469 2848 1422 2962 rationis humanae sive tali ilustrati
456 2909 1425 3042 one aliquid cognoscere et aeque primo
473 2987 1423 3103 potest notitiam cuiuslibet veri habe igitur
468 3055 1426 3186 quaestio falsa prima pars antecetis est doctoris
486 3116 1418 3254 olempnis parte prima articul 1 quaestione 2
462 3208 1456 3328 et eodem articulo quaestione 4 ubi sic arguitur quia
475 3304 1413 3428 potentia naturalis potest naturaliter in suam actionem
1550 401 2523 530 naturalem sed intellectus est potentia naturalis et
1555 480 2541 612 sua operatio est scire et intelligere igitur meam
1565 545 2524 669 potest naturaliter 2a pars eiusdem autem argu
1561 618 2558 725 eodem articulo quaestione 12 sic snsus aequprimo
1569 682 2529 797 potest habere notitiam cuiuslibet sensibilis
1547 749 2560 878 igitur et intellectus cuius libet scili ¶ 2o sic quiarum
1561 823 2487 920 ratio est eadem aeprimo apta
1552 880 2517 1010 crata sunt agere suam naturalem ac
1558 940 2541 1067 tionem in quodlibet subiectum passibile ab ipsis
1554 1019 2503 1129 sed omnia vera unica bent rationem
1566 1084 2509 1190 agendi in ipsum intellectum igitur omnia
1555 1149 2529 1272 ab ipso aequpimo sunt apta vata
1570 1209 2556 1337 cognosci ¶ 3o potest per hoc argui sicut
1577 1289 2525 1414 scotus quaestione 1 prologi arguit quia ratio
1578 1364 2555 1460 naturalis potest mens commune perceptibiliter
1568 1418 2558 1543 perceptione naturali sive tali illustra
1561 1486 2534 1596 tione igitur et in quolibet ens spceciale
1567 1556 2548 1669 et per consequens mens domvinum consequentia tenet quia
1580 1609 2531 1740 potens perceptiliter in aliquod obecitum natura
1570 1688 2543 1809 le commune primum potest in quodlibet contentii
1585 1762 2594 1882 sub ipso pro hoc sunt plures rationes ipsius
1575 1821 2577 1957 ex quibus sequitur propositum ¶ 2o sic dampna
1584 1892 2564 2027 tus potest scientiae vritatem sinceream igitur etc
1583 1980 2537 2089 et homo mator potest eam scientiae sive
1576 2050 2547 2162 tali illustratione vel fundamento si
1577 2119 2583 2234 dei katholicae assumptum patet primo luntis
1582 2186 2556 2290 16 divinite / 2o quia potsibile est aliquem
1581 2244 2598 2351 haereticum dampnatum scientiae efficacia
1589 2318 2584 2411 rationis falsitatem sui erroris tmn pro hoc
1595 2376 2568 2488 primatur ut spito igitur et homo mator
1597 2446 2532 2554 potest hoc scientiae Sed quia dictiones cog
1591 2507 2567 2590 noscunt hanc veritatem sive tali il
1589 2577 2552 2686 lustratione igitur et homuo mator potest
1575 2632 2581 2754 hoc scire assumptum patet consequentia probatur
1583 2699 2584 2819 quia agente et paciente aequaliter
1594 2779 2574 2898 approximatis aequaliter Sequitur actio sed nunc
1593 2849 2579 2957 intellectus agens est potens omnia fa
1588 2914 2571 3036 ce et possibilis omnia fieri ut patet 3 de a
1594 2992 2580 3099 nimnmma igitur ipsis in homine approximatis
1595 3058 2571 3166 aequaliter / Sequitur actio meo sicut in
1592 3119 2575 3231 angelo ratio est michil de massa quaestione 1
1580 3189 2579 3318 prologis articulo primo Et recitat eam
1577 3251 2575 3396 dlphonsus quaestione 1 articulo 2o sui prologi et
