2964 4314
510 403 1502 569 ex motivo boneventurae ubi supra
535 508 1527 631 quia semper tam respectu tanti quamdam priori
514 585 1526 696 tatem ducit Ex quibus potest quid
515 657 1539 782 dicendum ad quaestionem et ad 3am principalem
529 750 1526 833 rationem quare autem deus unum
540 802 1476 934 praedestinet alium non ad gloriam
523 856 1609 978 elective Respondeo primo per augustinum in libro
523 955 1529 1083 de spiritu et littera proprie finem dicentem
527 1015 1533 1149 Si ad illam profunditatem scru
530 1096 1504 1219 tandam quisquam nos coarcet cur
547 1156 1542 1304 illi illi suadeatur ut est persuadeatur
531 1228 1563 1371 illi aute non Ista duo sola occrunt
537 1314 1554 1435 in terminum quae respondere michi placeat o
541 1385 1562 1516 alter dividitur et numquim iniquitas
538 1460 1525 1581 aput deum cui responsio ista disp
537 1536 1539 1668 liceat quaerat doctores sed caveat
537 1595 1530 1724 ne ne inveniat praesumptores 2o
535 1679 1535 1797 respondeo per hugonem libro primo de sacramentis
532 1738 1543 1876 parte 5 capitulo 35 ubi dicit quod certum esse
549 1818 1527 1936 non potest melius inter occulta de
541 1887 1548 2003 putatur ubi ignoratia non culpatur
535 1966 1537 2090 praesumptio arguitur Ex quibus patet quod
541 2036 1549 2176 potius est silentio hic perire cre
544 2117 1534 2248 dendo transeundem quam scrutivio prae
552 2182 1532 2311 sumendum et haec de ista quaestione in
544 2254 1462 2387 toto sufficiant ad praesens causa brevitatis
769 2317 1572 2435 unc vero de omnipotentia etc postquam
781 2399 1516 2489 magister determinavit de dei
757 2460 1529 2580 scientia in fallibili nunc inci
524 2541 1529 2672 pit tractare de eius inmensa potentia
547 2610 1556 2710 et interminabili Et dividitur haec pars
548 2678 1574 2795 in tres partes nam primo magister
546 2738 1552 2876 manifestat dei omnipotentiam per respectum ad
528 2817 1550 2947 productorum entitatem 2o ad ipsorum quan
541 2890 1511 3008 titatem et 3o ad eorum bonitatem
540 2955 1559 3081 tunc 2a pars incipit in 43 distinctione Quidam
531 3028 1538 3156 tamen etc et 3a in 44 distinctione ibi
533 3090 1537 3234 nunc restat prima pars dividitur in tres
527 3162 1530 3301 partes nam primo magister movet
525 3241 1538 3350 unam quaestionem et tenetur parte unam
521 3306 1546 3440 ¶ 2o obicit per variam instantiam contrari
538 3373 1553 3528 am et 3o ponit notabile ex quo quilibet
1697 408 2707 561 elicere poterit solutionem veram tunc
1695 491 2700 605 2a pars incipit ibi sed quaeritur 3a ibi
1695 553 2687 711 hic diligens Et tunc sequitur 2a pars
1693 648 2689 771 principalis quae est distinctio 43
1696 688 2701 845 quae dividitur in tres partes nam primo
1702 757 2692 905 magister refellit unam oppinionem
1708 841 2730 987 falsam ¶ 2o adiungit et solvit eius
1696 915 2731 1056 argumentionem soptam  Et 3o magister ponit
1706 984 2711 1109 determinationem suam veridicam tunc
1696 1055 2717 1170 2a pars est ibi non potest 3a in fateamur
1697 1132 2724 1256 itaque deum multa posse Et tunc
1721 1227 2708 1343 sequitur 3a pars principalis quae est
1696 1290 2709 1404 distinctio 44 Et dividitur in tres partes 2m
1697 1367 2728 1482 quod 3 movet quaestiones nam primo quaerit
1697 1427 2697 1551 utrum modo meliori Et 3o utrum
1708 1491 2709 1613 omne quod potuit possit scatum uni
1708 1565 2700 1680 formi et tunc pars est post haec con
1708 1634 2691 1785 siderandum est et 3a ibi praeterea
1696 1701 2308 1864 quaeri soret etc ¶
1925 1770 2734 1901 trum inmensus vigor simpliciter
1912 1839 2736 1982 divinae essentiae sit ratio forma
1900 1902 2684 2026 lis convertibiliter adaequata
1709 1973 2697 2115 omnipotentiae et arguitur primo quod non
1709 2064 2694 2173 quia entia divina non est immen
1713 2127 2666 2251 sus vigor igitur quaestio falsa tenet consequentia
1707 2199 2657 2320 antecedens arguitur tum primo quia nulla
1721 2274 2699 2415 potentia passiva correspondet sibi
1701 2347 2674 2460 immensa tamen 2o sequitur quod motus po
1696 2419 2667 2551 sset fieri in instanti tamen 3o quia non
1721 2487 2692 2633 posset reduci ad actu nec mediate
1714 2561 2668 2676 nec immentate igitur frustra ponitur
1706 2647 2701 2757 talis ponitur vel vigore immensus 2o
1696 2711 2682 2839 sic si quaestio esset vera circa per inmen
1720 2775 2737 2921 sum vigorem simpliciter probaretur
1705 2863 2706 2966 divina omnipotentiam pertinenter
1717 2922 2742 3065 consequentia nota et consequens falsum igitur et quaestio falsas
1714 2999 2711 3129 consequenter apparet 2m quod dicit magister Iohannes
1717 3072 2677 3202 de braculis in de simbolo articulo 3o
1715 3156 2713 3291 capitulo 2 corollario 4o tamen primo quia posset
1717 3238 2704 3359 dicere fligrasus quod inmensus vigior
1716 3315 2754 3479 esset prior respectu omnipotentiae et per consequens posset unum
