2964 4443
243 497 1250 663 Solus illae est omnipotens qui
262 582 1257 742 ptest omnia qui posse est aliquid po
256 628 1242 823 se Item auctor de fide et legi
238 717 1291 881 bus libro primo capitulo 5 ubi dicit quod opieni
239 790 1279 959 a est vissima ratione potentia potentia libera
238 849 1206 1047 iultimis libertatis et formalitet in ultrmum fotus
235 939 1277 1095 et ampla in ultrmus amplitudinis
249 981 1264 1190 uteria exprimit quae explicat opentiam
248 1054 1288 1258 suffintum slicet libertas fortitudo et ampli
243 1118 1273 1336 tudo ex quo patet quod plus est dicere omni
233 1224 1233 1410 potentia quamt infinita potentiam quia
250 1308 1242 1451 in esset infinita potentia et non libera no
250 1364 1235 1559 esset omnipotentia propter quod non potentia simpliciter
241 1445 1263 1628 quod per infinitatem sed potius per im
256 1525 1230 1694 itatem cum aliis quae ponunt ibi
249 1576 1256 1774 in conclusione ¶ Sed contra istam conclusionem sunt
245 1653 1252 1841 rationes tacte in 2o principali et potest
237 1714 1210 1924 aliquis dicere quod inmensitas esset
247 1797 1220 1967 prior omnipotentiae ¶ 2o si forent duo
238 1868 1220 2060 infiniti 3o quia possent esse in
246 1925 1246 2129 finite potentiae et solum finite po
256 1994 1260 2185 s Confirmatur quia ex ultima ratione
247 2084 1246 2285 conclusionis argulo titu quod creatura potest esse opostus
241 2153 1244 2338 probatio quia potest infinita producere 2o
253 2223 1219 2411 contra primam et 2am quia deus non
259 2311 1237 2491 potest facere inpossibile possibile igitur aput
249 2354 1255 2575 spiritum aliquid est inpossibile nec primia ¶
242 2424 1246 2642 Ad ista respondeo et primo ad primum
243 2509 1253 2715 quodnon sufficit dicere teligsus posset sit
239 2585 1245 2754 dicere sed debet addi sive reductione
251 2628 1241 2839 vel redargnore vel inplicatione nam
253 2701 1224 2929 dixit insipiens in corde suo etc
256 2782 1268 3009 et tunc si sic diceretur negaretur ipsum
255 2851 1263 3060 assumptum quia non posset sic dici
257 2942 1271 3162 tun talibus circumstantis sicut satis
254 2992 1245 3226 faciliter potest pater ¶ ad 2m si duus
268 3090 1271 3283 etc dico primo si duo forent ta
265 3143 1234 3369 leo nullus eorum proprie diceretur nec
243 3243 1250 3462 infinitus nec immensus cum quilibet
253 3309 1291 3507 eorum mensura extrinseca scilicet altero eorum
270 3378 1302 3644 foret comprehensus et nensus pro isto iecto
1420 527 2499 666 est damascenus libro primo capitulo 5 ubi dicit a
1415 632 2461 723 et multis existitentibs incirtumsci
1408 698 2461 816 tibile servabitur ¶ 2o dico quod illo
1427 779 2463 891 supposito diceretur per omnia pro ipsis
1417 842 2496 972 in pluri sicut nunc de personis divinis
1425 917 2466 1040 in singulaitri valet quod propter eorum perfectionem
1419 986 2470 1116 inmensam non esset dicordia et
1414 1058 2454 1190 sicut adhuc quilibet diceret operats
1415 1130 2459 1246 Ad 3m dico sicut ad primum non
1417 1208 2478 1322 sufficit dicere sed oportet rationem reddere
1408 1281 2494 1417 quod non potest fligsus dire quo esset
1411 1356 2480 1489 possibile quod deus esset potentiae immense
1402 1435 2464 1565 et infinite et tamen non posset nisi si
1410 1505 2468 1614 nite ad confirmationem primo cum
1406 1571 2482 1704 dicitur quod probaretur quod creatura esset omni
1416 1650 2467 1783 potens nego consequentiam Et cum dicitur
1419 1707 2452 1855 quia potest producere infinita dico
1413 1795 2491 1930 quod non potest virtute propria independet
1415 1868 2493 2002 a nullo extrinseco actuata sicut deus
1421 1948 2472 2063 quare non est simile ¶ ad 2m respondet
1410 2018 2449 2162 sanctus thomas parte prima quaestione 25 articulo
1405 2077 2496 2269 3o quod in hiis quae inplicat contradictonem
1408 2177 2461 2339 convenientius dicitur non possunt fieri
1421 2238 2438 2377 quam deus non potest facere non tamen propter
1405 2323 2466 2475 hoc det dici aliquod verbum esse in
1402 2364 2512 2559 possibile aput deum quia inpossibile
1413 2454 2437 2607 non dicitur verbum cum proprie dici vel
1397 2522 2418 2684 intelligi non possit qIaetio inpossibilia
1418 2608 2526 2762 inpediunt istud dictum in veritate pr
1403 2694 2440 2840 primum corollarium contra Iohannes de braculis
1412 2773 2500 2907 ubi supra corollario 3o non omnis propositio ex qua
1404 2835 2491 3000 non secuatur contradicoria est tamquam possibis
1413 2920 2473 3041 admittenda probatur quia haec spiritus
1427 2996 2472 3139 sanctus vel filius non sprirat non infert
1428 3077 2450 3204 contradtio et tamen non est comprocedenda
1405 3139 2489 3275 igitur corollarium verum patet consequentia et antecedens probatur
1420 3218 2482 3341 aliter enim graeci reduci possent ad
1414 3308 2447 3435 contradictionem quod videt diffile sed
1417 3368 2466 3527 contra quia si hoc est possibile cilicet ali
1432 3468 2523 3621 quam persona spirari igitur continetur suboio
