2964 4377
256 479 1287 661 quia quidquid potest velle potest non vel
268 588 1272 744 le ad extra Et quidquid potest non vel
247 649 1265 820 le potest nolle igitur una conceditur et al
253 746 1252 891 tera negatur quia non quidquid potest
244 810 1251 966 non velle potest velle Et haec dif
253 888 1280 1024 ficultas male poterit solvi a nega
253 969 1261 1126 tibus nolle in deo ¶ ad 2m distinc
259 1062 1268 1187 vo consequens quod potest dupliciter intelli
232 1131 1264 1291 gi scilicet aliquod deo intrinsecum immesa
250 1203 1278 1344 indifferentia conpetit deo quia vel in
246 1291 1296 1413 telligitur intrinsetce et entitative
253 1364 1275 1502 et tunc negatur vel extrinsece phihosophiu
238 1415 1290 1555 diem respectivam de nominative
247 1489 1275 1622 et sic conceditur sed hoc non est po
251 1561 1276 1705 nere contingentiam in deo nisi
250 1631 1273 1791 recipietur contingentia pro ratione
257 1705 1278 1865 indifferenter librtatis secundum quod credo
247 1769 1244 1926 eos recepisse qui eam in deo
246 1858 1275 1985 posuerunt ¶ ad 3 dico negan
251 1924 1257 2060 do consequens quamvis illi concedant et
259 1988 1258 2147 ad rationem nulla immensa etc nego
247 2060 1285 2232 aionem et probationem quia quodlibet talem
256 2137 1251 2304 velle cum sit liberum potest non esse
244 2227 1262 2353 nego hoc sed bene potest de nomiari
244 2283 1275 2422 non velle cum hoc vult ad extra
264 2368 1272 2480 nec ex hoc sequitur propositum ut videtur
282 2426 1274 2560 sprimum corollarium divinum velle omnia
261 2502 1289 2641 existentia aequaliter attingit immediante
257 2572 1265 2692 ad intra libere contingentem ad extra
266 2638 1252 2803 productive existentis probatur corollarium sicut
265 2719 1287 2858 enum adintra quodlibet possibili aequali in
259 2759 1311 2947 differentia divinae volunta est propositum ita
261 2850 1295 3033 ad extra ad quodabet existens per se
266 2923 1263 3104 spraecise inmediate est determinatum
257 3025 1259 3181 patet nam aliter fle esset sibi quodlibet
274 3113 1286 3254 adintra propositum si non aequali tra
277 3159 1292 3330 ad extra per suum velle posset ex
286 3246 1265 3410 re in actum ¶ 2m corollarium aeque
275 3310 1248 3470 primo immediate ex quo concurrit ad
266 3416 1292 3558 omnem effectum ad extra intellectus
1439 509 2499 639 ydealiter raespeontans et nos fective ap
1446 595 2455 719 plicans patet quia 2m augustinum 11 conf
1450 671 2484 786 capitulo qa non aliter facit quodcumque facit
1433 741 2458 868 quam dicendo Et gense primo dixit
1421 819 2517 946 et facta sunt sed tale dicere aeque primo
1441 895 2481 1026 competit Et facta sunt utraque potentiae
1443 974 2473 1096 simul consuative praectite igitur corollarium
1445 1050 2443 1169 verum Et sequitur informa ex corollarium
1438 1116 2498 1240 primo haec dicto ¶ 3m corollarium sicut vello
1441 1189 2484 1302 diinum principale est omnium efficiens
1460 1259 2508 1372 sic inmediate causaliter illative est
1438 1335 2499 1460 est omnem effectum omnino indistan
1437 1406 2523 1550 ter attingens prima pars est beata anus
1437 1472 2477 1620 primo de trinitate capitulo 15 ubi dicit non est
1443 1565 2512 1664 ulla natura etiam in ex trinis in finus quod
1430 1620 2479 1756 bestialibus quam non ille con
1430 1701 2445 1865 stituit a quo est omnis motus
1428 1751 2510 1904 omnis ordo omnis species sive quibus
1446 1862 2473 1988 nichil rerum inveniri autm ex cogi
1448 1919 2499 2053 tari potest Et 3o de trinitate capitulo 6 voluntas dei
1438 1999 2449 2135 est summa causa omnium motivi atque
1445 2074 2472 2232 specieruulte sunt ad hoc auctoritates
1449 2139 2488 2278 scripturae non solum christianorum sed etiam
1455 2225 2488 2362 philosophorum 2a pars patet expraemissius quia ex
1444 2286 2481 2444 quo aequpimo se habet respectu cuilibet ad
1440 2371 2471 2525 extra sed aliquid attingit immediate causaite
1442 2446 2471 2599 illative igitur et omnem effectum quia
1429 2521 2458 2649 aliter non aeque immediate se haberet respectu
1443 2591 2520 2752 omnium causaliter productorum quod est contra dicta
1435 2675 2512 2826 igitur corollarium verum proutque parte ¶ Sed contra
1450 2745 2501 2890 ista corollaria sunt rationes tatte in primo
1444 2831 2439 3004 principali quia primo 2m quod tenet
1453 2907 2464 3057 votferedus quia exemplar fcimum
1441 2984 2475 3131 immediatius attingit 2a cum vo
1435 3079 2527 3206 luntas sit aeterna et sufficiens sequitur
1452 3152 2527 3313 effectum semperfuisse ¶ 3a quaelibet a
1447 3229 2498 3374 lia causa superfluit Et confirmatur
1451 3318 2479 3445 primo ex intentione doctoris solempn
1456 3394 2520 3488 19 quolibet quaestione prima quia potentia
1455 3457 2495 3555 ex etuntiva divina immediatius
