2964 4377
257 490 1295 650 omne verum de compotest facere pecitum et veum igitur ti
250 553 1267 710 ¶ 2o quia de coscit peccatum prohibere potest et non
243 610 1255 774 prohibes igitur est causa peccati tum n caret scru
258 699 1298 852 pulo alienae conscientiae quiaito facinori
240 761 1266 918 dsuit obiectivare ¶ 3o quia deus est
241 809 1279 984 causa omnis motionis nostre puod augustinum 3 d trinia
250 893 1259 1055 capitulo 6 sed multemotiones sunt peccata
221 938 1262 1122 igitur talium deus est causa ¶ In oppositum argu
235 1028 1235 1191 ex dictis magistri in ista 46 distinctione et 4a
243 1088 1211 1234 dbet in multis capitulis ¶ prima conclusio omne
235 1163 1275 1303 ymaginale vel intelligibile vere posset
253 1221 1288 1376 i per aliquam potentiam potest fi per voluntatem diam
242 1301 1290 1439 promo istam primo ratione sic attributa divina
240 1392 1296 1528 sunt aequalia igitur tantum deu est b nolitivus
228 1450 1239 1592 quantum est ymaginativus vel intellectivus
247 1526 1268 1639 consequentia cum haec sint divina attributa et
243 1581 1268 1732 aio est verum propter umpatatem adintra divinam tunc
237 1652 1236 1805 ultra tam deus est ad extra fectius quid
240 1716 1277 1859 est volitivus igitur sequitur conclusio vera ¶ 2o ymagi
244 1782 1287 1946 si potest fieri vel a potentia finita vel infinita
249 1873 1273 2020 sed omne quod potest fieri per potentiam finita potest
249 1935 1291 2084 firi per divinam voluntate et omne ymagibile
244 2017 1288 2163 si per potentiam infinitam potest fieri per volunta
244 2089 1287 2247 te divinam cum nulla infita eni sola
231 2155 1286 2300 voluntas divina igitur conclusio vera ¶ 3o arguo auc
237 2217 1292 2353 tibus primo magistri distinctione 9a voluntas dei in exple
244 2296 1277 2439 ta esse non potest ¶ 2o per augustinum enchidion
244 2387 1263 2507 12 neccesse est fi voluerit deus Et in
252 2438 1239 2582 fra oprs in amentis velle non potest quod
235 2523 1242 2645 cumque voluerit 3o enchion capitulo 3 dei o
225 2573 1253 2724 opoerats voluntas semper nncta contra istam
234 2655 1248 2795 conclusionem primo contra modum loqudi quia nulla
250 2744 1280 2849 ymaginatio sine ymaginatitas cadit
245 2810 1313 2944 nec est in deo sed hoc poosis igitur maiae ¶ 2o yia
238 2872 1254 3012 ginabile et intelligibile est per potentiam siu
239 2953 1253 3084 a voluntate divina igitur etc ¶ 3o d posset
244 3011 1256 3164 ymagiseri vel intentie quantum potest efficere et non
235 3078 1268 3226 potest ymaginari quno pri abeo esse cogitater
235 3146 1263 3288 igitur non sequitur quod non sit ad invice aeuantlis la
244 3223 1258 3370 titiis immense et per consequens cntr conclusione/ Ad primum
244 3278 1243 3425 dico quod summo ymaginationem non 2m quod
243 3353 1257 3495 convenit creaturis sed large probant con
266 3396 1284 3574 sititur cum memorari et inteletie et sic
1432 536 2514 656 recipio eam pro memorativa potentia probant
1438 611 2436 712 est ydea et ymago habitualis omnem
1442 682 2467 789 et sic enon dicit inperfectione sed perfectione
1439 748 2460 866 ¶ ad 2m dico quod difformitas non
1430 816 2455 926 dicitur proprie si cum nichil fit sic sed
1435 898 2435 994 est potius defieri 3o dico quod probant
1437 949 2488 1075 sit non proprie fit ab aliqua potentia sed poon
1420 1035 2446 1142 cius iipostetio cum posse peccare non sit
1429 1088 2467 1210 potentiae sed inpotentiaesecundum quod dicit magister supr distinction
1438 1172 2473 1281 42 ¶ ad 3m dico quod deus non yma
1418 1244 2494 1344 ginatur nec ymaginari potest tam perfectum
1427 1305 2448 1437 fectibile cui non perfectius facere potest sit
1424 1377 2469 1492 non ymaginatur quantum ymanari et no
1424 1439 2468 1557 plus intelligere potest et hoc quo adterminum
1426 1514 2440 1626 vel obiectum extrinsecae licet enim ipse sit
1411 1587 2452 1700 in ultimo intellectionis sui ipsius quia
1420 1657 2442 1765 actualissie et summus actus notante
1419 1722 2481 1856 potest tam perfectum intelligibile ab extra intelicitur
1429 1792 2481 1920 vel velequi possit perfectius velle
1424 1867 2451 2001 similiter et facere Et in hoc diceret ab
1422 1933 2408 2069 ymaginativis poteneiis creatis quae
1431 2011 2457 2139 licet non possuit ymaginari et facere
1426 2079 2437 2196 adaequate potest tamen deus hoc perfecte
1437 2161 2440 2285 ratio quia idem est deus ymaginativus in
1428 2216 2451 2328 tellectius et factivus ¶ primum corollarium one
1422 2291 2443 2433 ymaginabile per aliquam potentiam atra
1419 2358 2450 2504 ipsum possibile eveniere potest deus infrustr
1433 2429 2467 2575 biliter impedir probatur ex conclusione quia quodlibet
1419 2517 2478 2650 tale potest efficaciter velle sed ex conclusione
1439 2587 2460 2702 prima praecedentis conclusionis aequa in differentia
1434 2647 2446 2805 sibi proponitur ad velle et non velle
1417 2742 2474 2863 igitur sicut efficaciter potest vellere evenire
1423 2812 2466 2931 infrustrabiliter potest illud inpedire
1419 2893 2505 3029 sed contra istud corollarium est ratio tactain littera
1420 2953 2499 3095 dem et scribit mathaeus 23 Qnociens volu
1432 3021 2458 3169 cogregare filios tuos et noliusti
1415 3103 2491 3231 Et ad idm est ratio tacta prima in primo principali
1422 3192 2474 3332 quia vitium est contra deum igitur videtur
1420 3274 2453 3412 quod corollarium non sit verum Ad primum respondet
1424 3348 2442 3484 magister in littera non quod christus voluerit
1420 3430 2433 3570 et non poterit sed quociens voluit
