2964 4377
233 438 1218 610 Et omnes catholici cum eo saltem
226 531 1235 698 per maiori parte Et tamen oppositum huius
223 629 1251 775 arguit doctor profundus in hac
231 678 1252 846 parte plus confusus quam profundus
223 741 1248 925 libro primo summe suae 3 et 34 clipi
240 823 1231 993 et aliis multis locis per rationes tac
232 891 1248 1051 tas in 3o principali primo quia peciats
232 964 1252 1122 est verum 2o deus non impedit cum po
232 1036 1202 1169 ssit 3o quia est causa omnium motionum quae
232 1130 1225 1262 rum multe sunt male Et potest con
232 1205 1230 1319 firmari deus omnis boni est causa
234 1244 1234 1415 sed malum esse est bonum igitur conclusio falsariuitur
232 1347 1237 1476 nota minor est augustinus enchium 26
229 1398 1242 1555 iudicat melius de malis beneface
217 1476 1230 1624 quam mala nulla esse ¶ 2o sic anstens
219 1548 1207 1694 iusti deus est causa peccatum est huius
204 1602 1227 1764 igitur minor habetur ex dictis augustini 5 contra
212 1679 1241 1843 Iulianum crt hrisum 9aetione gregorius super ezech
220 1768 1235 1897 omni 3 syisuus de summo bono libo et capitulo 19
225 1810 1225 1985 ubi habetur quod unum peccatum alterius
212 1889 1216 2037 est causa et poena in ad primum is
210 1952 1228 2115 torum respondet magister in ista 46 didus
208 2040 1200 2158 quod est indignum solutione quare
214 2091 1188 2251 dicit branwardini quod indigno
232 2160 1216 2309 soluit dictus thomas dicit quaestionbus
217 2228 1238 2390 de veritate quaestione 6 quod est fallcia accdent
219 2312 1235 2470 quod non videtur cum medium non variaeum
225 2384 1234 2538 in aliquo ideo respondetur aliter negatio
221 2443 1210 2590 maiorem scilicet istam omne verum est
232 2516 1202 2676 a deo Et si doctores sicut sanctus
227 2584 1195 2740 ambso dicunt oppositum intelligendi
225 2640 1326 2818 sunt de veritatibus incomplexis suc i
228 2720 1190 2889 respondet Iohannes Clenkoc et aliquod
226 2793 1232 2943 alii pro me ego in telibus formis ne
209 2880 1239 3050 garem semper minoris summendo verum
219 2955 1211 3123 non pro signo veri nec pro dictio sed pro re
229 3017 1200 3192 dicti unde licet haec sit vera sortes
222 3117 1176 3270 peccat tamen haec difformitas formatus
211 3194 1202 3342 peccare non dicitur verum Et patet quid
228 3242 1206 3418 dicendum Et ad 2m dico quod licet permit
226 3321 1171 3469 tat tamen iudico suo occulto nec
238 3383 1254 3572 credo quod hus rationum causa potest assigi
1409 472 2440 607 nisi quod 2m alteritudinem suam mul
1401 553 2429 676 tiplicat filios hominum id  pecctores da
1401 615 2391 750 prvatos 2m augustinum ¶ Ad 3m potest dici
1402 679 2441 816 quod augustinus recipit causam large pro eo
1399 754 2431 892 quod est causa cae sive ut sit sine
1401 845 2436 949 ut causa sit et sic est verum quia in
1402 910 2416 1023 bonis est causa ut sit et ut causa
1410 969 2438 1107 sit in malis solum est causa ut
1385 1029 2431 1176 sit noquid ut causa sit ¶ ad 4m et ad
1406 1112 2398 1254 nllum simul potest dici similes propositiones scilicet
1398 1167 2452 1322 peccatum esse est bonum iustum utilen
1402 1252 2433 1399 et pulchrum et huius distinguere
1392 1315 2410 1458 vel intelligit sic quod peccatum in se fit a
1400 1389 2450 1525 liquid bonum et hoc est falsum vel sic quod
1386 1474 2439 1612 aliquod iustum vel bonum sequitur peractides
1385 1529 2446 1684 ad ipsum et tunc est verum et si sic uni
1376 1619 2449 1732 formaitr recipitur maior negaretur tales
1386 1679 2440 1828 propositiones omnes quia false sunt quia
1396 1757 2424 1861 non omne aliquod per accidens sequitur
1391 1829 2422 1969 aliquod iustum vel bonum deus
1394 1895 2455 2036 vult ¶ primum corollarium nullius mali vel
1388 1954 2473 2121 culpae est causale antecedens divinum velle
1380 2027 2414 2200 probatur quia aliter velet malum
1388 2094 2470 2260 contra dicta ¶ 2m corollarium non omne possibile
1400 2171 2403 2337 ut possibile nec omne futurum ut fu
1385 2242 2432 2393 turum est a deo autem volitum patet quia
1383 2311 2422 2473 tunc qualitercumque esset futurum
1380 2378 2437 2540 taliter esset a deo audentis volitum
1380 2457 2435 2612 et tunc facerem minoris sed ut culpa est
1384 2540 2434 2707 est futurum vel possibile igitur ut sic est
1395 2614 2458 2750 volitu a deo Ex quo patet quod fuga illa
1398 2674 2454 2836 non valet depossibili 2m quod possibile vel
1394 2772 2455 2923 inquantum possibile et in quantum malum patet quia
1391 2829 2439 2983 distinctio nulla est nam si possibile quodlibet est
1395 2920 2434 3067 a deo in esse possibli et futuri quodlibet
1392 3003 2403 3120 in esse futuri et malum ut malum
1379 3057 2438 3201 est futurum igitur deus esset causa mali
1384 3135 2442 3286 et sic patet quod distinctio nichil valet ¶ 3m corollarium
1397 3204 2463 3340 Qmis nali culpae rationalis creaturae
1392 3296 2475 3429 in quantum culpa homo vel creatura non
1392 3358 2469 3483 deus est causa principalis atedentis
1384 3450 2506 3565 et causative patet quia neccessario habebit causam
