2964 4309
516 417 1515 563 quam deus deus vult eum velle vel
530 485 1566 654 nolle probatur conclusio nam talis conforma
521 572 1563 708 tas in aliquo consistit et non in nole
535 649 1543 789 do quod deus vult nec etiam in nole
524 720 1549 869 do quod deus vult me velle sicut
522 796 1543 927 patet ex 2a conclusione Et suis corollaris igitur con
533 871 1545 1031 sistit in ista ratione et confirmatur per beat
544 939 1549 1074 augustinus supr 3 et 32 Recte cordesutri
536 1022 1519 1174 qui dirigunt corollari 2m voluntatem
543 1087 1572 1222 dei Confirmatur per vnraebilem anselmus primo
536 1155 1561 1304 cur deus homo capitulo 12 omnis volun
547 1227 1546 1368 tas rationalis creaturae subiecta esse
550 1312 1577 1439 debet noluntati dei Et simle notat
549 1376 1526 1521 beatus augustinum 8 super gese capitulo 22 haec
550 1439 1564 1599 conclusio est expressa sententia venerabilis anselmum de simili
534 1530 1545 1664 tudinibus capitulo 153 ubi dicit quod non
532 1592 1558 1747 debemus quod deus vult sed hoc velle
536 1677 1561 1818 debemus quod deus vult nos velle de
548 1750 1552 1879 bere sed contra istam conclusionem si esset
539 1826 1561 1959 vera sequitur quod aliquis deberet velleno
541 1886 1557 2025 esse in gratia quod est falsum simpliciter quia
543 1957 1588 2104 tunc posset velle nolentas sua recitudine
532 2034 1579 2168 carere patet consequentia de peccante et caden
537 2121 1549 2235 te agra infusa quia scienter scit quod
527 2191 1572 2308 deus ipsum gratia praevare et mult spisum
517 2260 1551 2389 hoc idem velle ¶ ad hoc responde magiestur
523 2315 1547 2459 thomas de argentinis dicens quod hominem
537 2417 1542 2526 non esse in gratia non est simpliciter no
522 2478 1568 2607 litum sed sub contraditione Et quandocumque homo
510 2566 1567 2681 potest velle licite oppositum conditionis potest etiam
513 2635 1505 2758 licite velle oppositum noliti sic est in
498 2697 1549 2837 proposito deus nmult michi auffere igita
517 2771 1534 2891 tiam si peccato modo licitum est velle
520 2852 1515 2982 oppositum contraditionis igitur et noliti quia liter
527 2921 1555 3051 respondet gregorius in ista ultera dbtio dicens quod
521 2991 1569 3137 peccans et sciens volentatem dei utique
523 3078 1539 3196 debet velle et sibi placere quod ei deus
518 3132 1548 3281 tunc subthit gratiam quia est iustum
521 3215 1513 3366 in deo benplacitum enim sequitur ex hoc quod
513 3289 1563 3439 ipse debeat velle non esse in gratia quia
530 3362 1557 3512 consequens impertat quod pro quolibet tempore velit non
1702 410 2758 565 esse in gratia ¶ Aliter respondet magister hun
1687 493 2710 630 go in ista vultims ditntine quod vitali ab
1702 554 2761 714 latione grartiaeduo considerantur scilicet pra
1703 630 2719 763 ri gratia ut accidens est ipsa gratia et
1705 703 2743 845 sic est me penale ¶ aliud est indici
1715 784 2737 912 tas gratiae et repugnantia ad illa
1715 861 2702 994 et illud est peccati formale et fugnter
1710 932 2724 1065 bile ¶ primum igitur scilicet penam ut praestiu
1718 1007 2730 1145 datur a culpa potest ille velle iuste
1714 1078 2734 1218 sed indignitatem tenere fugere pro me
1724 1146 2721 1285 dicerem sicut supra dicebam de eo
1715 1224 2712 1358 cui revelaretur sua dapnatio quod
1721 1290 2730 1423 deus potest velle me privari gratia et
1720 1361 2727 1492 tamen me velle hoc non velle vel non
1722 1429 2745 1575 velle me hoc velle tunc talis potest
1720 1499 2729 1638 licite illud non velle iuxta dictali
1715 1571 2712 1690 in conclusione ¶ primum corollarium contra magistrum
1720 1637 2747 1773 thomam de argustinum ad voluntais rectitudium
1730 1717 2709 1841 nem non requiritur neccessario ut nos
1720 1782 2754 1911 omne illud velit quod sine ambigum
1738 1844 2719 1976 itate scit deum velle probatur
1738 1926 2709 2042 ex dictis nam stat me scire sive
1720 1984 2739 2128 ambiguitate quod deus mult me
1739 2071 2763 2194 perdere veniarium si per do et tamen nens
1733 2132 2755 2279 potest velleme non velle nec debee
1729 2206 2752 2338 velle igitur corollarium verum prima pars patet de
1729 2276 2776 2432 se et 2a probatur quia si essem in
1733 2341 2748 2475 itinere et non haberem aliud lici
1724 2422 2766 2572 te possem velle habere bremarium
1725 2498 2740 2641 meum ne neglem horas sed contra
1724 2570 2718 2730 istud corollarium arguit praedictus doctor
1732 2644 2715 2815 in ista distinctione articulo 3o per glossa super illo
1738 2727 2746 2856 as non adhaesit michi corprii
1720 2813 2726 2934 ubi glossa corpii et distortu habet
1721 2874 2728 2997 qui non vult illud quod deus mut
1726 2951 2767 3094 Et ibidem voluntas dei est reula gni
1717 3025 2719 3161 portet nos corformari ¶ Ad istud n
1726 3096 2765 3240 primo quod glossa non dicit quod non mult
1720 3169 2683 3286 omne quod deus nult sed quod non
1726 3254 2737 3374 vult iblud quod deus vult moctum
1717 3330 2733 3470 est quod inter haec est differentia ¶ 2o dico
