<?xml version="1.0" encoding="UTF-8" standalone="yes"?>
<PcGts xmlns="http://schema.primaresearch.org/PAGE/gts/pagecontent/2013-07-15" xmlns:xsi="http://www.w3.org/2001/XMLSchema-instance" xsi:schemaLocation="http://schema.primaresearch.org/PAGE/gts/pagecontent/2013-07-15 http://schema.primaresearch.org/PAGE/gts/pagecontent/2013-07-15/pagecontent.xsd">
    <Metadata>
        <Creator>prov=University of Rostock/Institute of Mathematics/CITlab|PLANET AI GmbH/Gundram Leifert/gundram.leifert@planet-ai.de:name=clm26711-m6(htr_id=25168)::::v=2.6.6
prov=University of Rostock/Institute of Mathematics/CITlab|PLANET AI GmbH/Tobias Gruening/tobias.gruening@planet-ai.de:name=de.uros.citlab.module.baseline2polygon.B2PSeamMultiOriented:v=2.6.6
prov=University of Rostock/Institute of Mathematics/CITlab|PLANET AI GmbH/Tobias Gruening/tobias.gruening@planet-ai.de:name=/net_tf/LA73_249_0mod360.pb:de.uros.citlab.segmentation.CITlab_LA_ML:v=2.6.6
Transkribus</Creator>
        <Created>2020-02-15T09:48:17.624-05:00</Created>
        <LastChange>2020-07-06T17:51:56.465+02:00</LastChange>
        <TranskribusMetadata docId="324541" pageId="12773116" pageNr="31" tsid="33591633" status="IN_PROGRESS" userId="25065" imgUrl="https://files.transkribus.eu/Get?id=KYQEEKCROZVDZPPDBJZCWUTM&amp;fileType=view" xmlUrl="https://files.transkribus.eu/Get?id=AXOERCPUNDLPQOZUHPOAEBJG" imageId="9020368"/>
    </Metadata>
    <Page imageFilename="17r.jpg" imageWidth="2964" imageHeight="4161">
        <ReadingOrder>
            <OrderedGroup id="ro_1594074119273" caption="Regions reading order">
                <RegionRefIndexed index="0" regionRef="r2"/>
                <RegionRefIndexed index="1" regionRef="r4"/>
            </OrderedGroup>
        </ReadingOrder>
        <TextRegion orientation="0.0" id="r2" custom="readingOrder {index:0;}">
            <Coords points="359,464 359,3368 1380,3368 1380,464"/>
            <TextLine id="r2l1" custom="readingOrder {index:0;}">
                <Coords points="377,531 1110,500 1163,537 1220,504 1381,505 1380,437 931,461 645,411 377,433"/>
                <Baseline points="384,495 433,498 483,500 532,501 582,503 631,503 681,503 730,503 780,503 829,503 879,501 928,501 978,500 1027,499 1077,498 1126,497 1176,497 1225,496 1275,495 1324,495 1374,495"/>
                <TextEquiv>
                    <Unicode>ab illa transcribitur inmediante vel saltenum </Unicode>
                </TextEquiv>
            </TextLine>
            <TextLine id="r2l2" custom="readingOrder {index:1;}">
                <Coords points="377,583 610,570 841,620 928,577 1356,585 1357,524 885,509 754,542 589,501 378,532"/>
                <Baseline points="384,563 432,564 480,566 528,567 577,569 625,570 673,570 722,570 770,571 818,572 867,572 915,572 963,572 1011,572 1060,572 1108,573 1156,573 1205,573 1253,575 1301,575 1350,576"/>
                <TextEquiv>
                    <Unicode>medicae naturali lege ¶ 3o ad haec arguitur extre</Unicode>
                </TextEquiv>
            </TextLine>
            <TextLine id="r2l3" custom="readingOrder {index:2;}">
                <Coords points="368,656 455,630 626,662 768,639 803,670 903,642 1280,656 1340,649 1341,589 983,609 933,579 845,621 633,573 369,586"/>
                <Baseline points="375,626 425,628 475,630 526,631 576,633 627,633 677,635 728,636 778,638 829,638 879,639 930,639 980,641 1031,641 1081,641 1132,641 1182,641 1233,642 1283,642 1334,642"/>
                <TextEquiv>
                    <Unicode>xtu michi et mataes ultinis capitulis </Unicode>
                </TextEquiv>
            </TextLine>
            <TextLine id="r2l4" custom="readingOrder {index:3;}">
                <Coords points="380,702 488,730 565,699 612,736 798,710 860,750 924,711 986,743 1084,720 1223,743 1347,729 1349,653 381,653"/>
                <Baseline points="387,687 434,690 482,692 530,694 577,696 625,698 673,699 720,701 768,702 816,702 864,704 911,705 959,705 1007,705 1054,705 1102,705 1150,705 1197,705 1245,705 1293,705 1341,704"/>
                <TextEquiv>
                    <Unicode>2a pars conclusionis patet per augustinum 2o de fidem </Unicode>
                </TextEquiv>
            </TextLine>
            <TextLine id="r2l5" custom="readingOrder {index:4;}">
                <Coords points="359,779 947,780 1078,822 1109,792 1367,792 1369,718 1008,750 860,750 798,710 554,740 419,698 360,725"/>
                <Baseline points="365,765 414,765 464,764 514,765 564,765 614,767 663,767 713,768 763,770 813,771 863,773 912,774 962,776 1012,777 1062,779 1112,779 1161,780 1211,780 1261,780 1311,779 1361,777"/>
                <TextEquiv>
                    <Unicode>christiana capitulo 5 2m unam quotationem vel </Unicode>
                </TextEquiv>
            </TextLine>
            <TextLine id="r2l6" custom="readingOrder {index:5;}">
                <Coords points="368,840 770,840 831,874 873,844 1035,852 1200,894 1385,860 1375,792 1174,786 1077,821 947,781 858,812 453,768 369,800"/>
                <Baseline points="374,834 424,833 474,833 524,833 575,834 625,834 675,836 725,837 776,837 826,839 876,840 926,842 977,843 1027,845 1077,846 1127,847 1178,848 1228,849 1278,849 1328,851 1379,851"/>
                <TextEquiv>
                    <Unicode>ultimo 2m aliam ubi augustini quidquid </Unicode>
                </TextEquiv>
            </TextLine>
            <TextLine id="r2l7" custom="readingOrder {index:6;}">
                <Coords points="376,924 1145,918 1283,970 1352,956 1354,867 1240,900 874,843 831,873 770,841 448,872 378,842"/>
                <Baseline points="383,900 431,900 479,902 527,902 575,902 623,903 671,904 720,905 768,906 816,907 864,908 912,910 960,911 1008,912 1057,914 1105,916 1153,918 1201,919 1249,921 1297,923 1346,924"/>
                <TextEquiv>
                    <Unicode>homo extra didicerit si noxium est </Unicode>
                </TextEquiv>
            </TextLine>
            <TextLine id="r2l8" custom="readingOrder {index:7;}">
                <Coords points="373,977 1342,1014 1375,966 1028,915 819,915 743,948 529,905 375,924"/>
                <Baseline points="380,963 429,966 478,968 528,970 577,971 626,973 676,974 725,975 774,977 824,978 873,979 922,980 972,981 1021,983 1070,984 1120,986 1169,989 1218,990 1268,993 1317,996 1367,999"/>
                <TextEquiv>
                    <Unicode>ibi dampnatur si nututile ibi inveni</Unicode>
                </TextEquiv>
            </TextLine>
            <TextLine id="r2l9" custom="readingOrder {index:8;}">
                <Coords points="379,1065 485,1039 712,1043 806,1089 1018,1047 1108,1098 1328,1073 1329,1003 1096,1022 975,991 874,1018 703,990 654,1013 612,980 382,974"/>
                <Baseline points="387,1037 433,1037 480,1038 527,1039 574,1040 620,1041 667,1042 714,1043 761,1044 807,1046 854,1047 901,1049 948,1050 994,1052 1041,1053 1088,1054 1135,1055 1181,1056 1228,1058 1275,1059 1322,1059"/>
                <TextEquiv>
                    <Unicode>¶ primum corollarium perceptum iustum dei </Unicode>
                </TextEquiv>
            </TextLine>
            <TextLine id="r2l10" custom="readingOrder {index:9;}">
                <Coords points="366,1113 1266,1145 1380,1135 1381,1100 1241,1074 1108,1098 1034,1052 942,1090 806,1089 707,1043 367,1058"/>
                <Baseline points="372,1103 422,1104 472,1107 522,1109 572,1110 622,1112 672,1113 722,1114 772,1115 822,1116 873,1118 923,1118 973,1119 1023,1121 1073,1122 1123,1124 1173,1125 1223,1125 1273,1127 1323,1128 1374,1130"/>
                <TextEquiv>
                    <Unicode>dubito obligationis divinae cogrue </Unicode>
                </TextEquiv>
            </TextLine>
            <TextLine id="r2l11" custom="readingOrder {index:10;}">
                <Coords points="371,1182 1297,1222 1387,1207 1388,1147 782,1120 669,1150 372,1113"/>
                <Baseline points="378,1167 428,1170 478,1173 528,1175 578,1176 628,1178 678,1179 728,1181 778,1182 828,1182 879,1184 929,1185 979,1185 1029,1187 1079,1187 1129,1188 1179,1188 1229,1190 1279,1190 1329,1192 1380,1193"/>
                <TextEquiv>
                    <Unicode>obligat nas dampnantas adiustum </Unicode>
                </TextEquiv>
            </TextLine>
            <TextLine id="r2l12" custom="readingOrder {index:11;}">
                <Coords points="371,1243 585,1246 717,1287 865,1291 923,1254 1176,1290 1383,1271 1384,1207 1142,1229 1025,1205 968,1232 372,1183"/>
                <Baseline points="378,1235 427,1238 477,1241 527,1242 577,1245 627,1245 677,1247 727,1248 777,1250 827,1250 877,1251 926,1251 976,1253 1026,1253 1076,1254 1126,1255 1176,1256 1226,1258 1276,1259 1326,1262 1376,1263"/>
                <TextEquiv>
                    <Unicode>bne velle patet ex conclusione Cum sint naturae</Unicode>
                </TextEquiv>
            </TextLine>
            <TextLine id="r2l13" custom="readingOrder {index:12;}">
                <Coords points="383,1315 640,1316 683,1346 844,1312 996,1315 1073,1352 1165,1322 1367,1341 1369,1272 1296,1290 1265,1262 1176,1290 926,1254 863,1292 385,1255"/>
                <Baseline points="390,1302 438,1304 487,1306 535,1307 584,1309 632,1310 681,1311 729,1311 778,1313 826,1313 875,1314 924,1314 972,1314 1021,1316 1069,1317 1118,1317 1166,1319 1215,1321 1263,1323 1312,1325 1361,1328"/>
                <TextEquiv>
                    <Unicode>rationales quae omnies obligantur ad </Unicode>
                </TextEquiv>
            </TextLine>
            <TextLine id="r2l14" custom="readingOrder {index:13;}">
                <Coords points="377,1376 487,1366 548,1406 647,1379 1189,1392 1274,1428 1368,1406 1370,1343 378,1317"/>
                <Baseline points="384,1359 432,1362 481,1366 530,1369 579,1371 628,1373 677,1374 726,1376 775,1377 824,1377 873,1379 921,1380 970,1380 1019,1381 1068,1382 1117,1383 1166,1384 1215,1385 1264,1386 1313,1389 1362,1391"/>
                <TextEquiv>
                    <Unicode>dei et proximi dilectionem talem qualis </Unicode>
                </TextEquiv>
            </TextLine>
            <TextLine id="r2l15" custom="readingOrder {index:14;}">
                <Coords points="377,1435 691,1439 762,1474 855,1439 1060,1448 1161,1480 1351,1467 1378,1411 1273,1428 1103,1390 1002,1427 891,1387 659,1410 378,1376"/>
                <Baseline points="384,1424 433,1427 482,1430 532,1433 581,1435 630,1437 680,1439 729,1440 778,1440 828,1442 877,1443 926,1443 976,1445 1025,1445 1074,1446 1124,1446 1173,1448 1222,1448 1272,1449 1321,1449 1371,1451"/>
                <TextEquiv>
                    <Unicode>haberi non potest sine iusto uene ne</Unicode>
                </TextEquiv>
            </TextLine>
            <TextLine id="r2l16" custom="readingOrder {index:15;}">
                <Coords points="371,1499 889,1550 1129,1509 1375,1577 1378,1472 1302,1457 1023,1480 865,1442 766,1474 568,1443 493,1469 374,1429"/>
                <Baseline points="378,1490 427,1491 477,1494 526,1497 576,1499 626,1502 675,1503 725,1505 775,1506 824,1509 874,1510 924,1512 973,1513 1023,1514 1073,1515 1122,1517 1172,1518 1222,1520 1271,1521 1321,1521 1371,1523"/>
                <TextEquiv>
                    <Unicode>lle igitur corollarium verum ¶ 2m corollarium angelus </Unicode>
                </TextEquiv>
            </TextLine>
            <TextLine id="r2l17" custom="readingOrder {index:16;}">
                <Coords points="374,1571 530,1599 587,1568 718,1574 797,1612 873,1579 1056,1623 1213,1591 1273,1633 1364,1597 1365,1572 1145,1522 904,1551 377,1498"/>
                <Baseline points="381,1554 429,1557 478,1560 527,1562 576,1565 625,1568 674,1569 722,1572 771,1574 820,1577 869,1578 918,1580 967,1581 1016,1583 1064,1584 1113,1586 1162,1587 1211,1589 1260,1590 1309,1592 1358,1593"/>
                <TextEquiv>
                    <Unicode>dampnatus quamvis sit sibi inpo-</Unicode>
                </TextEquiv>
            </TextLine>
            <TextLine id="r2l18" custom="readingOrder {index:17;}">
                <Coords points="360,1622 586,1631 672,1675 894,1639 1312,1667 1358,1666 1360,1603 1273,1633 1212,1591 1087,1634 873,1579 809,1616 718,1574 605,1599 361,1578"/>
                <Baseline points="366,1617 415,1621 464,1625 513,1626 563,1629 612,1632 661,1634 711,1637 760,1638 809,1641 859,1643 908,1644 957,1646 1006,1647 1056,1649 1105,1651 1154,1652 1204,1654 1253,1655 1302,1658 1352,1659"/>
                <TextEquiv>
                    <Unicode>tum tenetur suum diformae velle de</Unicode>
                </TextEquiv>
            </TextLine>
            <TextLine id="r2l19" custom="readingOrder {index:18;}">
                <Coords points="379,1734 500,1699 567,1736 732,1745 1386,1734 1387,1698 1282,1696 1239,1655 1094,1689 382,1631"/>
                <Baseline points="386,1695 435,1697 485,1698 535,1700 584,1701 634,1703 684,1704 733,1707 783,1708 833,1710 883,1712 932,1713 982,1715 1032,1716 1081,1718 1131,1719 1181,1721 1230,1722 1280,1724 1330,1725 1380,1727"/>
                <TextEquiv>
                    <Unicode>ponere prima pars patet quia aliter no ni </Unicode>
                </TextEquiv>
            </TextLine>
            <TextLine id="r2l20" custom="readingOrder {index:19;}">
                <Coords points="372,1777 454,1814 514,1778 798,1782 928,1822 968,1794 1255,1798 1292,1830 1334,1823 1336,1749 506,1738 454,1706 373,1732"/>
                <Baseline points="378,1767 425,1769 473,1771 520,1772 568,1773 615,1776 663,1777 710,1779 758,1781 805,1782 853,1784 901,1785 948,1787 996,1788 1043,1788 1091,1790 1138,1790 1186,1790 1233,1790 1281,1788 1329,1787"/>
                <TextEquiv>
                    <Unicode>obstinatus 2o sequitur ex conclusione et corollario primo </Unicode>
                </TextEquiv>
            </TextLine>
            <TextLine id="r2l21" custom="readingOrder {index:20;}">
                <Coords points="364,1879 447,1845 623,1847 1170,1857 1329,1894 1330,1819 1214,1801 1139,1831 1034,1792 901,1824 598,1781 486,1813 366,1794"/>
                <Baseline points="372,1836 419,1839 467,1842 514,1845 562,1847 609,1850 657,1850 704,1851 752,1853 799,1853 847,1854 895,1854 942,1854 990,1854 1037,1854 1085,1854 1132,1856 1180,1856 1227,1856 1275,1857 1323,1857"/>
                <TextEquiv>
                    <Unicode>quia tenetur ad dei dilectionem talem </Unicode>
                </TextEquiv>
            </TextLine>
            <TextLine id="r2l22" custom="readingOrder {index:21;}">
                <Coords points="368,1930 468,1956 558,1921 614,1960 732,1926 769,1961 812,1925 842,1956 925,1928 1015,1962 1072,1932 1154,1930 1187,1964 1345,1941 1345,1892 1160,1863 643,1890 433,1853 369,1882"/>
                <Baseline points="375,1919 423,1919 471,1919 519,1919 567,1919 615,1919 663,1919 712,1920 760,1920 808,1920 856,1922 904,1922 952,1923 1000,1923 1049,1923 1097,1925 1145,1925 1193,1926 1241,1926 1289,1928 1338,1928"/>
                <TextEquiv>
                    <Unicode>ad quam non sufficit su depositio </Unicode>
                </TextEquiv>
            </TextLine>
            <TextLine id="r2l23" custom="readingOrder {index:22;}">
                <Coords points="378,1996 1093,2019 1182,1995 1349,2026 1349,1943 1322,1935 1190,1964 1148,1929 1019,1962 958,1932 769,1962 733,1926 616,1961 514,1922 469,1956 378,1943"/>
                <Baseline points="384,1980 434,1983 484,1985 535,1988 585,1989 636,1989 686,1989 737,1991 787,1991 838,1989 888,1989 939,1989 989,1989 1040,1989 1090,1989 1141,1989 1191,1989 1242,1989 1292,1991 1343,1992"/>
                <TextEquiv>
                    <Unicode>ne sui velle difformis igitur corollarium verum </Unicode>
                </TextEquiv>
            </TextLine>
            <TextLine id="r2l24" custom="readingOrder {index:23;}">
                <Coords points="366,2074 561,2057 645,2096 719,2061 1049,2059 1104,2096 1188,2062 1350,2091 1350,2026 1181,1994 1093,2018 366,2002"/>
                <Baseline points="372,2052 420,2052 469,2053 517,2054 566,2054 615,2054 663,2054 712,2055 760,2055 809,2055 858,2057 906,2057 955,2057 1003,2057 1052,2058 1101,2058 1149,2058 1198,2058 1246,2057 1295,2057 1344,2055"/>
                <TextEquiv>
                    <Unicode>¶ 3m corollarium omnis doctrina asserens opp</Unicode>
                </TextEquiv>
            </TextLine>
            <TextLine id="r2l25" custom="readingOrder {index:24;}">
                <Coords points="375,2135 1223,2152 1325,2145 1326,2097 920,2073 830,2099 718,2061 630,2102 541,2057 376,2071"/>
                <Baseline points="381,2123 427,2122 474,2121 521,2121 568,2121 615,2122 662,2123 709,2124 756,2124 803,2126 850,2127 896,2129 943,2129 990,2130 1037,2132 1084,2132 1131,2133 1178,2133 1225,2133 1272,2133 1319,2133"/>
                <TextEquiv>
                    <Unicode>nostrae legis vel contrariae est error non </Unicode>
                </TextEquiv>
            </TextLine>
            <TextLine id="r2l26" custom="readingOrder {index:25;}">
                <Coords points="370,2205 695,2196 746,2238 802,2202 862,2238 933,2195 1143,2235 1205,2203 1371,2212 1371,2149 1309,2137 1211,2170 1159,2144 724,2166 664,2126 371,2148"/>
                <Baseline points="377,2199 426,2198 475,2196 525,2195 574,2195 624,2195 673,2193 722,2195 772,2195 821,2195 871,2195 920,2196 969,2196 1019,2198 1068,2198 1118,2198 1167,2199 1216,2199 1266,2199 1315,2199 1365,2199"/>
                <TextEquiv>
                    <Unicode>scientia dicunda patet hoc corollarium quia lex </Unicode>
                </TextEquiv>
            </TextLine>
            <TextLine id="r2l27" custom="readingOrder {index:26;}">
                <Coords points="356,2278 1298,2290 1368,2269 1369,2228 1224,2201 1158,2236 1073,2206 864,2237 807,2203 737,2236 691,2198 504,2234 356,2219"/>
                <Baseline points="363,2262 415,2261 468,2261 520,2261 573,2261 625,2261 678,2262 731,2262 783,2264 836,2264 888,2264 941,2265 993,2265 1046,2265 1099,2265 1151,2265 1204,2265 1256,2264 1309,2262 1362,2259"/>
                <TextEquiv>
                    <Unicode>nostra est vera aliter non esset obliga</Unicode>
                </TextEquiv>
            </TextLine>
            <TextLine id="r2l28" custom="readingOrder {index:27;}">
                <Coords points="359,2340 498,2365 692,2332 843,2372 916,2345 981,2377 1118,2334 1269,2380 1344,2354 1337,2278 359,2278"/>
                <Baseline points="365,2331 413,2331 462,2330 510,2330 559,2330 608,2330 656,2330 705,2331 754,2331 802,2331 851,2333 900,2333 948,2334 997,2334 1046,2335 1094,2336 1143,2336 1192,2336 1240,2336 1289,2336 1338,2334"/>
                <TextEquiv>
                    <Unicode>toria igitur omnis sibi repugnans est </Unicode>
                </TextEquiv>
            </TextLine>
            <TextLine id="r2l29" custom="readingOrder {index:28;}">
                <Coords points="362,2445 450,2405 596,2446 678,2408 1277,2459 1367,2436 1368,2388 1172,2358 1017,2386 947,2347 862,2380 692,2345 364,2354"/>
                <Baseline points="369,2402 418,2402 468,2402 517,2402 567,2402 617,2403 666,2405 716,2406 765,2408 815,2409 865,2411 914,2412 964,2414 1013,2414 1063,2415 1113,2417 1162,2417 1212,2418 1261,2418 1311,2417 1361,2417"/>
                <TextEquiv>
                    <Unicode>falsa patet consequentia cum verum vero non repesen</Unicode>
                </TextEquiv>
            </TextLine>
            <TextLine id="r2l30" custom="readingOrder {index:29;}">
                <Coords points="368,2498 713,2480 830,2522 1344,2485 1329,2453 1115,2427 369,2438"/>
                <Baseline points="375,2474 423,2474 471,2474 519,2474 567,2474 615,2475 663,2476 711,2477 759,2478 807,2480 856,2481 904,2482 952,2483 1000,2484 1048,2486 1096,2487 1144,2487 1192,2487 1240,2487 1288,2487 1337,2487"/>
                <TextEquiv>
                    <Unicode>guret circa idem Ex hiis sequitur quod ne</Unicode>
                </TextEquiv>
            </TextLine>
            <TextLine id="r2l31" custom="readingOrder {index:30;}">
                <Coords points="371,2551 573,2535 681,2580 826,2548 959,2596 1057,2558 1208,2598 1271,2563 1365,2573 1352,2486 1118,2529 1049,2489 830,2523 713,2480 373,2498"/>
                <Baseline points="378,2535 427,2535 476,2535 525,2537 574,2538 623,2540 672,2541 721,2543 770,2545 819,2546 868,2549 917,2550 966,2551 1015,2552 1064,2553 1113,2553 1162,2553 1211,2553 1260,2553 1309,2552 1359,2550"/>
                <TextEquiv>
                    <Unicode>ritas nostre fectae non solum est vera </Unicode>
                </TextEquiv>
            </TextLine>
            <TextLine id="r2l32" custom="readingOrder {index:31;}">
                <Coords points="372,2590 499,2636 853,2618 888,2649 957,2626 1197,2659 1253,2626 1365,2641 1367,2577 1312,2560 1209,2598 1107,2561 942,2597 827,2549 662,2581 373,2547"/>
                <Baseline points="378,2606 427,2606 476,2607 525,2609 574,2610 623,2612 672,2613 721,2615 770,2616 819,2618 868,2620 917,2622 966,2622 1015,2624 1064,2625 1113,2625 1162,2625 1211,2625 1260,2625 1309,2624 1359,2622"/>
                <TextEquiv>
                    <Unicode>capictulo 2 sincea ¶ 2a conclusionis principalis </Unicode>
                </TextEquiv>
            </TextLine>
            <TextLine id="r2l33" custom="readingOrder {index:32;}">
                <Coords points="368,2717 467,2681 511,2715 740,2725 1360,2707 1361,2642 1297,2629 1199,2665 627,2612 500,2636 370,2587"/>
                <Baseline points="375,2681 423,2679 472,2678 521,2678 570,2678 619,2678 668,2679 717,2680 766,2681 815,2682 864,2684 912,2685 961,2687 1010,2688 1059,2690 1108,2691 1157,2691 1206,2691 1255,2691 1304,2691 1353,2690"/>
                <TextEquiv>
                    <Unicode>fit ista licet stante lege nullus </Unicode>
                </TextEquiv>
            </TextLine>
            <TextLine id="r2l34" custom="readingOrder {index:33;}">
                <Coords points="376,2755 1181,2806 1335,2790 1337,2716 377,2711"/>
                <Baseline points="383,2748 430,2748 477,2750 524,2750 572,2752 619,2754 666,2755 714,2756 761,2758 808,2760 856,2762 903,2763 950,2764 997,2765 1045,2766 1092,2766 1139,2766 1187,2766 1234,2766 1281,2765 1329,2763"/>
                <TextEquiv>
                    <Unicode>mator cognoscat perfecte simpliciter et </Unicode>
                </TextEquiv>
            </TextLine>
            <TextLine id="r2l35" custom="readingOrder {index:34;}">
                <Coords points="364,2836 676,2824 1013,2875 1363,2848 1364,2811 1301,2789 366,2784"/>
                <Baseline points="372,2813 421,2815 470,2816 519,2819 568,2820 618,2822 667,2824 716,2826 765,2828 814,2829 864,2831 913,2832 962,2834 1011,2835 1060,2835 1110,2837 1159,2837 1208,2838 1257,2838 1306,2838 1356,2838"/>
                <TextEquiv>
                    <Unicode>intuitive aliquam veritatem sui </Unicode>
                </TextEquiv>
            </TextLine>
            <TextLine id="r2l36" custom="readingOrder {index:35;}">
                <Coords points="362,2902 1215,2953 1316,2929 1318,2850 1020,2879 801,2871 739,2832 683,2860 556,2834 363,2854"/>
                <Baseline points="369,2886 416,2888 463,2889 510,2889 557,2892 604,2893 651,2895 698,2897 745,2900 792,2901 840,2903 887,2904 934,2904 981,2906 1028,2906 1075,2904 1122,2903 1169,2902 1216,2900 1263,2897 1311,2892"/>
                <TextEquiv>
                    <Unicode>ceam taum quodlibet cognitum per thomicam </Unicode>
                </TextEquiv>
            </TextLine>
            <TextLine id="r2l37" custom="readingOrder {index:36;}">
                <Coords points="364,3002 446,2964 565,3011 668,2978 1013,3031 1340,3019 1318,2928 824,2950 367,2902"/>
                <Baseline points="372,2958 420,2961 468,2963 516,2966 564,2967 612,2970 660,2972 709,2975 757,2976 805,2978 853,2979 901,2981 949,2982 997,2984 1046,2985 1094,2985 1142,2985 1190,2985 1238,2985 1286,2984 1335,2982"/>
                <TextEquiv>
                    <Unicode>scientiam perfectius cognoscitur quod per a</Unicode>
                </TextEquiv>
            </TextLine>
            <TextLine id="r2l38" custom="readingOrder {index:37;}">
                <Coords points="377,3054 709,3056 799,3095 929,3063 1365,3085 1366,3017 1148,3042 680,2979 494,3021 378,2997"/>
                <Baseline points="384,3047 432,3047 481,3047 530,3048 579,3050 627,3051 676,3053 725,3054 774,3056 822,3057 871,3059 920,3060 969,3062 1017,3063 1066,3063 1115,3063 1164,3063 1212,3063 1261,3063 1310,3062 1359,3060"/>
                <TextEquiv>
                    <Unicode>licius alterius scientiae creatae matoris </Unicode>
                </TextEquiv>
            </TextLine>
            <TextLine id="r2l39" custom="readingOrder {index:38;}">
                <Coords points="359,3128 669,3122 710,3154 764,3121 883,3170 1089,3132 1167,3177 1233,3133 1324,3136 1325,3078 799,3095 724,3060 621,3083 500,3056 360,3082"/>
                <Baseline points="366,3107 413,3109 461,3111 508,3111 556,3113 603,3115 651,3116 698,3117 746,3119 793,3120 841,3122 889,3123 936,3124 984,3125 1031,3126 1079,3126 1126,3126 1174,3126 1221,3126 1269,3126 1317,3125"/>
                <TextEquiv>
                    <Unicode>eviudentiam prima pars probatur quia </Unicode>
                </TextEquiv>
            </TextLine>
            <TextLine id="r2l40" custom="readingOrder {index:39;}">
                <Coords points="355,3190 806,3203 1000,3251 1051,3218 1122,3249 1350,3209 1342,3147 1166,3177 558,3153 499,3113 389,3148 357,3128"/>
                <Baseline points="362,3180 411,3183 460,3186 509,3188 558,3190 607,3193 656,3195 705,3197 754,3198 803,3201 852,3203 901,3204 950,3206 999,3206 1048,3207 1097,3207 1146,3207 1195,3207 1244,3207 1293,3206 1343,3204"/>
                <TextEquiv>
                    <Unicode>nullus mator cognoscit proprie perfecte</Unicode>
                </TextEquiv>
            </TextLine>
            <TextLine id="r2l41" custom="readingOrder {index:40;}">
                <Coords points="352,3280 675,3273 923,3321 1097,3285 1368,3295 1369,3218 999,3251 769,3208 683,3245 353,3212"/>
                <Baseline points="359,3267 409,3269 459,3270 509,3272 559,3273 609,3274 659,3275 709,3276 759,3278 809,3278 860,3279 910,3279 960,3279 1010,3281 1060,3281 1110,3281 1160,3281 1210,3281 1260,3281 1310,3279 1361,3279"/>
                <TextEquiv>
                    <Unicode>et intuitive differentias specificas reimvul </Unicode>
                </TextEquiv>
            </TextLine>
            <TextLine id="r2l42" custom="readingOrder {index:41;}">
                <Coords points="367,3363 540,3377 593,3343 1015,3385 1385,3359 1386,3296 1333,3286 1205,3327 1155,3289 923,3321 673,3273 570,3307 369,3284"/>
                <Baseline points="374,3333 424,3333 474,3333 524,3333 575,3335 625,3336 675,3338 725,3339 776,3342 826,3343 876,3345 926,3347 977,3348 1027,3350 1077,3351 1127,3353 1178,3353 1228,3353 1278,3353 1328,3351 1379,3350"/>
                <TextEquiv>
                    <Unicode>etiam individuales igitur conclusio vera antecedens </Unicode>
                </TextEquiv>
            </TextLine>
            <TextEquiv>
                <Unicode>ab illa transcribitur inmediante vel saltenum 
medicae naturali lege ¶ 3o ad haec arguitur extre
xtu michi et mataes ultinis capitulis 
2a pars conclusionis patet per augustinum 2o de fidem 
christiana capitulo 5 2m unam quotationem vel 
ultimo 2m aliam ubi augustini quidquid 
homo extra didicerit si noxium est 
ibi dampnatur si nututile ibi inveni
¶ primum corollarium perceptum iustum dei 
dubito obligationis divinae cogrue 
obligat nas dampnantas adiustum 
bne velle patet ex conclusione Cum sint naturae
rationales quae omnies obligantur ad 
dei et proximi dilectionem talem qualis 
haberi non potest sine iusto uene ne
lle igitur corollarium verum ¶ 2m corollarium angelus 
dampnatus quamvis sit sibi inpo-
tum tenetur suum diformae velle de
ponere prima pars patet quia aliter no ni 
obstinatus 2o sequitur ex conclusione et corollario primo 
quia tenetur ad dei dilectionem talem 
ad quam non sufficit su depositio 
ne sui velle difformis igitur corollarium verum 
¶ 3m corollarium omnis doctrina asserens opp
nostrae legis vel contrariae est error non 
scientia dicunda patet hoc corollarium quia lex 
nostra est vera aliter non esset obliga
toria igitur omnis sibi repugnans est 
falsa patet consequentia cum verum vero non repesen
guret circa idem Ex hiis sequitur quod ne
ritas nostre fectae non solum est vera 
capictulo 2 sincea ¶ 2a conclusionis principalis 
fit ista licet stante lege nullus 
mator cognoscat perfecte simpliciter et 
intuitive aliquam veritatem sui 
ceam taum quodlibet cognitum per thomicam 
scientiam perfectius cognoscitur quod per a
licius alterius scientiae creatae matoris 
eviudentiam prima pars probatur quia 
nullus mator cognoscit proprie perfecte
et intuitive differentias specificas reimvul 
etiam individuales igitur conclusio vera antecedens </Unicode>
            </TextEquiv>
        </TextRegion>
        <TextRegion orientation="0.0" id="r4" custom="readingOrder {index:1;}">
            <Coords points="1496,450 1496,3362 2538,3362 2538,450"/>
            <TextLine id="r4l1" custom="readingOrder {index:0;}">
                <Coords points="1499,530 1551,497 1686,532 1779,492 1850,525 1897,495 1951,524 1986,493 2047,523 2102,490 2160,524 2224,487 2437,508 2517,487 2517,425 2366,394 2203,438 1893,409 1792,446 1498,431"/>
                <Baseline points="1505,488 1555,489 1605,489 1655,489 1706,489 1756,489 1806,488 1857,488 1907,486 1957,486 2008,485 2058,485 2108,483 2158,483 2209,483 2259,483 2309,483 2360,483 2410,483 2460,485 2511,486"/>
                <TextEquiv>
                    <Unicode>satis patet ad sensum et consequentia etvidens </Unicode>
                </TextEquiv>
            </TextLine>
            <TextLine id="r4l2" custom="readingOrder {index:1;}">
                <Coords points="1501,591 1727,562 1965,564 2014,598 2161,561 2287,600 2412,564 2497,584 2497,534 2339,511 1501,528"/>
                <Baseline points="1508,555 1557,557 1606,558 1655,560 1704,560 1753,560 1802,560 1851,560 1900,560 1949,560 1999,558 2048,558 2097,558 2146,557 2195,557 2244,557 2293,557 2342,558 2391,559 2440,561 2490,563"/>
                <TextEquiv>
                    <Unicode>quia intuitive perfecte rem proprie con</Unicode>
                </TextEquiv>
            </TextLine>
            <TextLine id="r4l3" custom="readingOrder {index:2;}">
                <Coords points="1505,640 1733,635 1788,665 1854,630 1982,661 2115,632 2184,661 2293,641 2352,678 2483,650 2460,595 2367,575 2283,602 2162,560 2015,597 1721,565 1505,597"/>
                <Baseline points="1512,632 1560,632 1608,632 1656,632 1705,632 1753,630 1801,630 1849,630 1898,629 1946,629 1994,629 2042,629 2091,629 2139,629 2187,630 2235,630 2284,632 2332,634 2380,636 2428,638 2477,641"/>
                <TextEquiv>
                    <Unicode>tnoscere est rem taliter cognoscere </Unicode>
                </TextEquiv>
            </TextLine>
            <TextLine id="r4l4" custom="readingOrder {index:3;}">
                <Coords points="1511,725 2089,705 2490,735 2490,660 2365,679 2256,643 2151,668 1832,633 1778,667 1511,638"/>
                <Baseline points="1517,698 1565,699 1613,701 1662,702 1710,704 1758,704 1807,704 1855,704 1903,704 1952,704 2000,702 2048,702 2097,702 2145,702 2193,701 2242,701 2290,701 2338,702 2387,702 2435,704 2484,705"/>
                <TextEquiv>
                    <Unicode>¶ 2o sic intellectus matoris 2m legem </Unicode>
                </TextEquiv>
            </TextLine>
            <TextLine id="r4l5" custom="readingOrder {index:4;}">
                <Coords points="1523,800 1585,776 1764,806 1877,779 1921,817 2036,778 2143,815 2205,782 2496,788 2496,752 2399,726 1523,724"/>
                <Baseline points="1530,771 1580,773 1630,774 1681,774 1731,774 1782,774 1832,774 1883,774 1933,774 1984,774 2034,773 2085,773 2135,773 2186,773 2236,774 2287,774 2337,776 2388,778 2438,780 2489,783"/>
                <TextEquiv>
                    <Unicode>stantem non sufficit praiecipam vel ex iten </Unicode>
                </TextEquiv>
            </TextLine>
            <TextLine id="r4l6" custom="readingOrder {index:5;}">
                <Coords points="1519,860 1716,851 1778,885 1841,845 2243,855 2352,895 2402,859 2493,862 2493,787 2273,823 2203,783 2148,819 2096,785 1952,819 1878,779 1696,816 1577,780 1519,818"/>
                <Baseline points="1526,848 1574,848 1622,846 1670,846 1718,846 1766,846 1814,846 1862,846 1910,846 1958,848 2006,848 2054,848 2102,848 2150,849 2198,849 2246,849 2294,849 2342,849 2390,849 2438,849 2487,849"/>
                <TextEquiv>
                    <Unicode>alicuius substetiae evidenter et inflliter </Unicode>
                </TextEquiv>
            </TextLine>
            <TextLine id="r4l7" custom="readingOrder {index:6;}">
                <Coords points="1508,927 2073,932 2161,961 2255,925 2516,935 2516,896 2349,896 2277,859 1944,892 1703,850 1508,886"/>
                <Baseline points="1514,920 1563,920 1613,920 1663,920 1713,920 1763,920 1812,921 1862,921 1912,921 1962,921 2012,922 2061,923 2111,923 2161,924 2211,924 2261,924 2310,926 2360,926 2410,927 2460,927 2510,929"/>
                <TextEquiv>
                    <Unicode>intueri igitur conclusio vera antecedens patet in sacro a</Unicode>
                </TextEquiv>
            </TextLine>
            <TextLine id="r4l8" custom="readingOrder {index:7;}">
                <Coords points="1510,995 1656,991 1744,1036 1802,994 1931,1027 2284,1006 2402,1052 2499,1010 2500,964 2412,939 2274,969 2219,932 2066,971 1871,930 1715,964 1669,928 1511,927"/>
                <Baseline points="1517,987 1565,987 1614,987 1663,987 1712,988 1761,989 1809,989 1858,990 1907,992 1956,992 2005,993 2053,994 2102,995 2151,996 2200,997 2249,998 2297,999 2346,999 2395,999 2444,1000 2493,1001"/>
                <TextEquiv>
                    <Unicode>ltaris et consequentia patet quia taliter posse </Unicode>
                </TextEquiv>
            </TextLine>
            <TextLine id="r4l9" custom="readingOrder {index:8;}">
                <Coords points="1501,1066 1765,1063 1863,1096 1945,1059 2318,1077 2410,1122 2519,1098 2520,1048 2342,1045 2266,1009 1502,1032"/>
                <Baseline points="1508,1061 1558,1059 1608,1058 1658,1058 1709,1057 1759,1056 1809,1057 1859,1058 1910,1058 1960,1059 2010,1061 2060,1062 2111,1064 2161,1065 2211,1067 2261,1070 2312,1072 2362,1074 2412,1077 2462,1080 2513,1083"/>
                <TextEquiv>
                    <Unicode>intueri requiritur ad intuite proprie </Unicode>
                </TextEquiv>
            </TextLine>
            <TextLine id="r4l10" custom="readingOrder {index:9;}">
                <Coords points="1501,1169 1956,1135 2058,1169 2192,1134 2450,1172 2505,1159 2506,1118 1991,1063 1870,1100 1714,1069 1502,1084"/>
                <Baseline points="1508,1131 1557,1131 1607,1131 1656,1131 1706,1131 1755,1131 1805,1130 1854,1130 1904,1130 1953,1131 2003,1131 2053,1131 2102,1133 2152,1134 2201,1135 2251,1137 2300,1139 2350,1142 2399,1145 2449,1149 2499,1154"/>
                <TextEquiv>
                    <Unicode>et perfecte cognoscere ¶ 3o nullum obiectum cre</Unicode>
                </TextEquiv>
            </TextLine>
            <TextLine id="r4l11" custom="readingOrder {index:10;}">
                <Coords points="1508,1217 1669,1240 1704,1213 1743,1242 1879,1213 1925,1241 1995,1210 2072,1248 2223,1207 2453,1236 2481,1165 2132,1144 2020,1174 1913,1142 1508,1171"/>
                <Baseline points="1515,1205 1563,1205 1611,1205 1659,1206 1707,1206 1755,1206 1803,1206 1851,1206 1899,1206 1947,1205 1995,1205 2043,1205 2091,1205 2139,1205 2187,1205 2235,1203 2283,1203 2331,1203 2379,1203 2427,1205 2475,1205"/>
                <TextEquiv>
                    <Unicode>atu sufficientr ad sui ipsius obiectralem </Unicode>
                </TextEquiv>
            </TextLine>
            <TextLine id="r4l12" custom="readingOrder {index:11;}">
                <Coords points="1518,1281 1591,1311 1823,1276 1967,1303 2296,1268 2487,1293 2487,1217 2440,1245 2232,1207 2076,1245 1999,1215 1518,1232"/>
                <Baseline points="1524,1272 1571,1271 1619,1269 1667,1269 1715,1269 1763,1269 1810,1269 1858,1271 1906,1271 1954,1272 2002,1272 2049,1274 2097,1274 2145,1274 2193,1274 2241,1274 2288,1274 2336,1274 2384,1272 2432,1271 2480,1268"/>
                <TextEquiv>
                    <Unicode>repeutationem sed requiritur luca aliud </Unicode>
                </TextEquiv>
            </TextLine>
            <TextLine id="r4l13" custom="readingOrder {index:12;}">
                <Coords points="1503,1356 2200,1369 2428,1349 2464,1299 2359,1278 2142,1315 2003,1278 1889,1310 1823,1276 1503,1300"/>
                <Baseline points="1509,1335 1556,1335 1603,1335 1651,1337 1698,1337 1746,1338 1793,1339 1840,1340 1888,1340 1935,1341 1983,1341 2030,1343 2077,1343 2125,1343 2172,1342 2220,1341 2267,1340 2314,1339 2362,1338 2409,1335 2457,1334"/>
                <TextEquiv>
                    <Unicode>sed nullum lunum intellectus agentis est </Unicode>
                </TextEquiv>
            </TextLine>
            <TextLine id="r4l14" custom="readingOrder {index:13;}">
                <Coords points="1499,1441 1548,1416 1592,1441 1661,1395 2126,1438 2277,1417 2323,1450 2485,1412 2485,1361 2414,1382 2316,1348 1500,1358"/>
                <Baseline points="1506,1403 1554,1403 1603,1404 1651,1404 1700,1406 1749,1406 1797,1407 1846,1407 1894,1409 1943,1409 1992,1410 2040,1410 2089,1410 2137,1410 2186,1410 2235,1410 2283,1410 2332,1409 2380,1407 2429,1407 2478,1404"/>
                <TextEquiv>
                    <Unicode>sufficietis dirtorium ad sic perfecte proprie et </Unicode>
                </TextEquiv>
            </TextLine>
            <TextLine id="r4l15" custom="readingOrder {index:14;}">
                <Coords points="1518,1484 2506,1506 2506,1419 2234,1448 2183,1416 2071,1450 1518,1429"/>
                <Baseline points="1524,1475 1572,1475 1621,1476 1670,1476 1719,1476 1767,1476 1816,1478 1865,1478 1914,1478 1962,1478 2011,1478 2060,1478 2109,1478 2157,1478 2206,1478 2255,1478 2304,1478 2352,1478 2401,1478 2450,1478 2499,1478"/>
                <TextEquiv>
                    <Unicode>intuitive repesetandum maior est </Unicode>
                </TextEquiv>
            </TextLine>
            <TextLine id="r4l16" custom="readingOrder {index:15;}">
                <Coords points="1509,1566 1920,1538 2080,1585 2202,1550 2239,1573 2443,1556 2454,1505 2060,1512 1938,1481 1798,1515 1509,1509"/>
                <Baseline points="1515,1545 1561,1545 1608,1544 1654,1544 1701,1544 1748,1544 1794,1544 1841,1544 1888,1544 1934,1544 1981,1544 2028,1544 2074,1544 2121,1544 2168,1544 2214,1544 2261,1543 2308,1542 2354,1541 2401,1540 2448,1539"/>
                <TextEquiv>
                    <Unicode>non nam aliter semper se praesentare </Unicode>
                </TextEquiv>
            </TextLine>
            <TextLine id="r4l17" custom="readingOrder {index:16;}">
                <Coords points="1508,1634 1818,1617 2016,1664 2090,1620 2355,1643 2460,1618 2460,1576 2409,1549 2060,1586 1918,1548 1508,1570"/>
                <Baseline points="1515,1616 1564,1614 1613,1613 1663,1613 1712,1611 1762,1611 1811,1611 1860,1611 1910,1611 1959,1611 2009,1611 2058,1613 2108,1613 2157,1613 2206,1613 2256,1611 2305,1611 2355,1610 2404,1609 2454,1608"/>
                <TextEquiv>
                    <Unicode>cum obiectaliter se praesentare fit sibi </Unicode>
                </TextEquiv>
            </TextLine>
            <TextLine id="r4l18" custom="readingOrder {index:17;}">
                <Coords points="1495,1693 1839,1688 1878,1727 1958,1690 2452,1695 2493,1689 2494,1651 2221,1625 2058,1660 1999,1624 1940,1652 1769,1615 1495,1650"/>
                <Baseline points="1502,1686 1551,1685 1600,1683 1649,1682 1699,1682 1748,1682 1797,1683 1846,1683 1896,1685 1945,1685 1994,1686 2043,1688 2093,1688 2142,1689 2191,1689 2240,1689 2290,1689 2339,1688 2388,1686 2437,1685 2487,1682"/>
                <TextEquiv>
                    <Unicode>nale et minor est vera cum tale luimen </Unicode>
                </TextEquiv>
            </TextLine>
            <TextLine id="r4l19" custom="readingOrder {index:18;}">
                <Coords points="1496,1768 1678,1754 1811,1799 1907,1773 1981,1802 2093,1772 2185,1806 2311,1766 2505,1795 2506,1709 2416,1694 2078,1734 1994,1696 1880,1726 1649,1691 1497,1718"/>
                <Baseline points="1503,1754 1552,1754 1602,1754 1652,1754 1702,1755 1752,1755 1801,1755 1851,1757 1901,1757 1951,1757 2001,1758 2050,1758 2100,1760 2150,1760 2200,1761 2250,1761 2299,1762 2349,1763 2399,1763 2449,1763 2499,1763"/>
                <TextEquiv>
                    <Unicode>intellectus a fantasmatibus falibilibus </Unicode>
                </TextEquiv>
            </TextLine>
            <TextLine id="r4l20" custom="readingOrder {index:19;}">
                <Coords points="1505,1862 1991,1830 2188,1873 2514,1860 2515,1795 2447,1780 2180,1805 2089,1779 1984,1811 1904,1780 1810,1800 1739,1762 1507,1766"/>
                <Baseline points="1512,1830 1561,1830 1611,1829 1661,1829 1711,1829 1761,1829 1810,1829 1860,1829 1910,1829 1960,1830 2010,1830 2059,1831 2109,1832 2159,1833 2209,1834 2259,1835 2308,1836 2358,1836 2408,1838 2458,1839 2508,1841"/>
                <TextEquiv>
                    <Unicode>suat originem et ortum igitur etc 2a pars </Unicode>
                </TextEquiv>
            </TextLine>
            <TextLine id="r4l21" custom="readingOrder {index:20;}">
                <Coords points="1511,1915 1612,1949 1686,1912 1945,1952 2027,1915 2228,1924 2279,1961 2325,1936 2369,1964 2416,1925 2535,1943 2537,1874 2447,1883 2415,1850 2194,1892 2118,1845 1841,1877 1661,1834 1513,1866"/>
                <Baseline points="1518,1901 1568,1901 1619,1902 1669,1904 1720,1905 1770,1907 1821,1907 1871,1908 1922,1908 1972,1910 2023,1911 2074,1911 2124,1913 2175,1914 2225,1916 2276,1917 2326,1919 2377,1921 2427,1924 2478,1926 2529,1928"/>
                <TextEquiv>
                    <Unicode>eiusdem conclusionis probatur nam quodlibet un</Unicode>
                </TextEquiv>
            </TextLine>
            <TextLine id="r4l22" custom="readingOrder {index:21;}">
                <Coords points="1496,2016 1694,1987 1918,2032 2006,1987 2091,2015 2523,2006 2523,1956 2421,1929 2370,1968 2226,1925 2054,1947 2017,1917 1926,1954 1874,1925 1497,1932"/>
                <Baseline points="1503,1982 1553,1983 1604,1985 1654,1985 1705,1986 1756,1986 1806,1986 1857,1986 1908,1986 1958,1986 2009,1986 2060,1986 2110,1986 2161,1986 2212,1988 2262,1988 2313,1988 2364,1989 2414,1990 2465,1991 2516,1992"/>
                <TextEquiv>
                    <Unicode>quod cognoscitur per theologiam actu vel habitu</Unicode>
                </TextEquiv>
            </TextLine>
            <TextLine id="r4l23" custom="readingOrder {index:22;}">
                <Coords points="1497,2100 1606,2061 1788,2090 2336,2070 2496,2123 2515,2028 2342,1997 2105,2036 1868,2003 1497,2034"/>
                <Baseline points="1503,2061 1553,2063 1603,2064 1653,2064 1704,2066 1754,2066 1804,2066 1854,2066 1905,2067 1955,2067 2005,2067 2055,2067 2106,2067 2156,2067 2206,2067 2256,2067 2307,2067 2357,2069 2407,2069 2457,2071 2508,2072"/>
                <TextEquiv>
                    <Unicode>cognoscitur in deo tuae et uno immense </Unicode>
                </TextEquiv>
            </TextLine>
            <TextLine id="r4l24" custom="readingOrder {index:23;}">
                <Coords points="1511,2149 1685,2146 1777,2186 1912,2144 1962,2174 2181,2141 2266,2190 2314,2156 2501,2140 2501,2114 2360,2085 2216,2108 2109,2078 2045,2106 1877,2076 1756,2111 1667,2064 1511,2096"/>
                <Baseline points="1517,2136 1565,2138 1614,2139 1663,2140 1712,2141 1761,2142 1810,2142 1859,2142 1908,2143 1957,2144 2006,2144 2054,2144 2103,2144 2152,2144 2201,2144 2250,2143 2299,2142 2348,2142 2397,2142 2446,2141 2495,2141"/>
                <TextEquiv>
                    <Unicode>aeternaliter perfecte ydealiter repraesentatu </Unicode>
                </TextEquiv>
            </TextLine>
            <TextLine id="r4l25" custom="readingOrder {index:24;}">
                <Coords points="1497,2217 1912,2220 1947,2250 2126,2218 2239,2262 2288,2228 2474,2240 2475,2148 2363,2187 2303,2160 2178,2186 2134,2148 1920,2184 1857,2152 1780,2183 1497,2162"/>
                <Baseline points="1503,2210 1551,2210 1599,2210 1647,2210 1696,2210 1744,2211 1792,2211 1840,2212 1889,2213 1937,2213 1985,2214 2033,2214 2082,2216 2130,2216 2178,2217 2226,2217 2275,2217 2323,2217 2371,2217 2419,2217 2468,2217"/>
                <TextEquiv>
                    <Unicode>et temporaliter perliberam productionem </Unicode>
                </TextEquiv>
            </TextLine>
            <TextLine id="r4l26" custom="readingOrder {index:25;}">
                <Coords points="1499,2335 1684,2283 1827,2326 1894,2291 2126,2324 2472,2296 2472,2246 2368,2226 2239,2262 2110,2230 1996,2262 1919,2228 1761,2245 1712,2211 1500,2235"/>
                <Baseline points="1506,2288 1554,2286 1602,2286 1650,2286 1698,2286 1746,2286 1794,2288 1842,2288 1890,2288 1938,2289 1986,2289 2034,2291 2082,2291 2130,2291 2178,2292 2226,2292 2274,2292 2322,2292 2370,2292 2418,2292 2466,2292"/>
                <TextEquiv>
                    <Unicode>fabribile vel fabricatum et taliter non </Unicode>
                </TextEquiv>
            </TextLine>
            <TextLine id="r4l27" custom="readingOrder {index:26;}">
                <Coords points="1502,2401 1609,2365 1671,2394 1983,2363 2222,2394 2483,2368 2483,2311 2310,2300 2193,2335 2054,2332 1991,2294 1953,2331 1698,2300 1502,2333"/>
                <Baseline points="1508,2360 1556,2360 1604,2360 1653,2360 1701,2360 1750,2361 1798,2361 1847,2361 1895,2361 1944,2363 1992,2363 2040,2363 2089,2363 2137,2363 2186,2363 2234,2362 2283,2361 2331,2360 2380,2358 2428,2356 2477,2354"/>
                <TextEquiv>
                    <Unicode>cognoscitur per evidentiam alicuis </Unicode>
                </TextEquiv>
            </TextLine>
            <TextLine id="r4l28" custom="readingOrder {index:27;}">
                <Coords points="1514,2450 1791,2476 1868,2446 2190,2445 2258,2481 2359,2446 2505,2476 2494,2389 2372,2408 2274,2372 2224,2402 2178,2370 2041,2402 1865,2375 1804,2404 1583,2372 1514,2399"/>
                <Baseline points="1521,2439 1569,2439 1618,2438 1667,2438 1716,2438 1765,2438 1814,2438 1862,2438 1911,2438 1960,2438 2009,2438 2058,2438 2107,2438 2156,2438 2204,2438 2253,2437 2302,2436 2351,2436 2400,2436 2449,2435 2498,2435"/>
                <TextEquiv>
                    <Unicode>alterius scientiae igitur tota conclusio vera prima pars </Unicode>
                </TextEquiv>
            </TextLine>
            <TextLine id="r4l29" custom="readingOrder {index:28;}">
                <Coords points="1506,2559 1681,2510 2031,2549 2092,2516 2168,2546 2256,2508 2469,2511 2468,2473 2257,2480 2199,2447 1766,2481 1505,2465"/>
                <Baseline points="1512,2514 1559,2513 1607,2513 1654,2511 1702,2510 1749,2510 1797,2510 1844,2510 1892,2510 1939,2510 1987,2508 2034,2508 2082,2508 2129,2508 2177,2508 2224,2508 2272,2508 2319,2507 2367,2507 2414,2505 2462,2504"/>
                <TextEquiv>
                    <Unicode>istius conclusionis est magistri herimavi</Unicode>
                </TextEquiv>
            </TextLine>
            <TextLine id="r4l30" custom="readingOrder {index:29;}">
                <Coords points="1505,2602 1842,2600 1893,2630 1940,2598 1974,2630 2090,2591 2204,2628 2243,2592 2321,2628 2526,2579 2491,2539 2167,2546 2105,2515 1883,2556 1710,2521 1505,2539"/>
                <Baseline points="1511,2589 1561,2588 1611,2586 1662,2586 1712,2586 1763,2586 1813,2586 1864,2586 1914,2586 1965,2588 2015,2588 2065,2588 2116,2588 2166,2589 2217,2588 2267,2588 2318,2587 2368,2586 2419,2583 2469,2582 2520,2579"/>
                <TextEquiv>
                    <Unicode>de schidicet in postilla sua super </Unicode>
                </TextEquiv>
            </TextLine>
            <TextLine id="r4l31" custom="readingOrder {index:30;}">
                <Coords points="1499,2681 1933,2675 1980,2703 2063,2655 2157,2655 2341,2702 2448,2659 2509,2675 2485,2621 2307,2628 2243,2593 2203,2629 2080,2605 1970,2633 1735,2597 1499,2648"/>
                <Baseline points="1506,2676 1555,2673 1605,2670 1655,2668 1705,2667 1755,2664 1804,2663 1854,2661 1904,2660 1954,2660 2004,2658 2053,2658 2103,2658 2153,2657 2203,2657 2253,2657 2302,2657 2352,2657 2402,2657 2452,2657 2502,2657"/>
                <TextEquiv>
                    <Unicode>cantitis capitulo 6 super isto verbo quae es </Unicode>
                </TextEquiv>
            </TextLine>
            <TextLine id="r4l32" custom="readingOrder {index:31;}">
                <Coords points="1494,2763 1563,2789 1776,2738 2319,2741 2414,2772 2523,2744 2481,2695 2296,2677 1494,2709"/>
                <Baseline points="1500,2739 1550,2738 1601,2738 1652,2736 1703,2735 1754,2735 1805,2733 1855,2733 1906,2733 1957,2733 2008,2733 2059,2733 2110,2733 2161,2733 2211,2735 2262,2735 2313,2736 2364,2738 2415,2739 2466,2741 2517,2742"/>
                <TextEquiv>
                    <Unicode>ista quae ascendit etc Et magistri </Unicode>
                </TextEquiv>
            </TextLine>
            <TextLine id="r4l33" custom="readingOrder {index:32;}">
                <Coords points="1512,2850 2100,2812 2204,2852 2300,2819 2348,2851 2490,2800 2490,2758 2403,2777 2160,2740 1912,2786 1684,2747 1562,2790 1512,2766"/>
                <Baseline points="1518,2814 1566,2813 1614,2812 1662,2811 1711,2810 1759,2810 1807,2810 1856,2810 1904,2808 1952,2808 2001,2808 2049,2810 2097,2810 2145,2810 2194,2810 2242,2810 2290,2810 2339,2810 2387,2810 2435,2808 2484,2808"/>
                <TextEquiv>
                    <Unicode>ugusltinus quaestione 1 prologi articulo 3m circa principium </Unicode>
                </TextEquiv>
            </TextLine>
            <TextLine id="r4l34" custom="readingOrder {index:33;}">
                <Coords points="1502,2905 1653,2936 1726,2900 1879,2921 2051,2888 2500,2905 2499,2831 1501,2859"/>
                <Baseline points="1508,2892 1557,2894 1606,2895 1655,2895 1705,2895 1754,2895 1803,2895 1852,2894 1902,2892 1951,2891 2000,2889 2049,2888 2099,2886 2148,2885 2197,2885 2246,2883 2296,2883 2345,2882 2394,2883 2443,2883 2493,2885"/>
                <TextEquiv>
                    <Unicode>ubi ponit quod cognitiones rereum</Unicode>
                </TextEquiv>
            </TextLine>
            <TextLine id="r4l35" custom="readingOrder {index:34;}">
                <Coords points="1490,3015 1605,2972 1715,3008 1853,2969 2030,3001 2156,2968 2231,3016 2340,2976 2498,2979 2477,2931 2123,2932 2052,2889 1864,2935 1763,2904 1629,2941 1490,2919"/>
                <Baseline points="1496,2967 1545,2967 1595,2969 1645,2969 1695,2969 1745,2969 1794,2969 1844,2969 1894,2969 1944,2967 1994,2967 2043,2967 2093,2966 2143,2966 2193,2966 2243,2967 2292,2967 2342,2969 2392,2970 2442,2972 2492,2973"/>
                <TextEquiv>
                    <Unicode>sunt quaem modis prima 3 una et </Unicode>
                </TextEquiv>
            </TextLine>
            <TextLine id="r4l36" custom="readingOrder {index:35;}">
                <Coords points="1489,3070 1638,3052 1723,3086 1785,3050 2119,3045 2281,3079 2494,3042 2470,2977 2234,3016 2142,2982 1936,3011 1861,2974 1489,3014"/>
                <Baseline points="1496,3048 1545,3048 1595,3048 1644,3047 1694,3047 1743,3047 1793,3045 1842,3045 1892,3044 1941,3044 1991,3044 2041,3042 2090,3042 2140,3042 2189,3042 2239,3041 2288,3041 2338,3041 2387,3042 2437,3042 2487,3042"/>
                <TextEquiv>
                    <Unicode>unita substantialis intuitio rerum ceaeliter </Unicode>
                </TextEquiv>
            </TextLine>
            <TextLine id="r4l37" custom="readingOrder {index:36;}">
                <Coords points="1514,3129 1571,3158 1642,3119 1887,3151 1978,3118 2068,3167 2147,3119 2403,3114 2461,3152 2511,3127 2511,3068 1514,3080"/>
                <Baseline points="1520,3120 1569,3120 1618,3120 1667,3119 1717,3119 1766,3119 1815,3118 1864,3117 1914,3117 1963,3117 2012,3117 2061,3116 2111,3116 2160,3116 2209,3116 2258,3116 2308,3114 2357,3114 2406,3114 2455,3114 2505,3114"/>
                <TextEquiv>
                    <Unicode>infinita et hoc est deus ¶ 2a est </Unicode>
                </TextEquiv>
            </TextLine>
            <TextLine id="r4l38" custom="readingOrder {index:37;}">
                <Coords points="1500,3203 1706,3227 1771,3189 1862,3220 1951,3191 2033,3222 2304,3190 2407,3226 2517,3209 2517,3142 2342,3116 2223,3158 2063,3128 2007,3153 1960,3122 1874,3157 1499,3146"/>
                <Baseline points="1506,3197 1556,3194 1606,3192 1656,3191 1707,3191 1757,3189 1807,3189 1857,3189 1908,3189 1958,3189 2008,3189 2058,3189 2109,3189 2159,3189 2209,3189 2259,3189 2310,3189 2360,3189 2410,3188 2460,3187 2511,3185"/>
                <TextEquiv>
                    <Unicode>clara exemplaris cognitio beatifica</Unicode>
                </TextEquiv>
            </TextLine>
            <TextLine id="r4l39" custom="readingOrder {index:38;}">
                <Coords points="1499,3296 1661,3264 1757,3305 1836,3260 2126,3307 2213,3270 2476,3279 2476,3229 2318,3238 2229,3199 1943,3230 1784,3197 1742,3229 1500,3219"/>
                <Baseline points="1506,3260 1554,3260 1602,3260 1650,3260 1698,3260 1746,3261 1794,3261 1843,3261 1891,3261 1939,3263 1987,3263 2035,3263 2083,3263 2131,3264 2180,3264 2228,3264 2276,3264 2324,3266 2372,3266 2420,3266 2469,3266"/>
                <TextEquiv>
                    <Unicode>quae visio est dei ¶ 3a est emgts </Unicode>
                </TextEquiv>
            </TextLine>
            <TextLine id="r4l40" custom="readingOrder {index:39;}">
                <Coords points="1507,3351 2061,3389 2497,3358 2545,3340 2546,3267 2450,3302 2384,3276 2131,3310 2076,3284 1507,3299"/>
                <Baseline points="1514,3332 1565,3335 1616,3336 1667,3338 1718,3339 1770,3341 1821,3342 1872,3343 1923,3344 1974,3345 2026,3345 2077,3345 2128,3345 2179,3345 2230,3345 2282,3345 2333,3345 2384,3344 2435,3342 2486,3342 2538,3341"/>
                <TextEquiv>
                    <Unicode>maise inevidens habitualis vel actutis </Unicode>
                </TextEquiv>
            </TextLine>
            <TextEquiv>
                <Unicode>satis patet ad sensum et consequentia etvidens 
quia intuitive perfecte rem proprie con
tnoscere est rem taliter cognoscere 
¶ 2o sic intellectus matoris 2m legem 
stantem non sufficit praiecipam vel ex iten 
alicuius substetiae evidenter et inflliter 
intueri igitur conclusio vera antecedens patet in sacro a
ltaris et consequentia patet quia taliter posse 
intueri requiritur ad intuite proprie 
et perfecte cognoscere ¶ 3o nullum obiectum cre
atu sufficientr ad sui ipsius obiectralem 
repeutationem sed requiritur luca aliud 
sed nullum lunum intellectus agentis est 
sufficietis dirtorium ad sic perfecte proprie et 
intuitive repesetandum maior est 
non nam aliter semper se praesentare 
cum obiectaliter se praesentare fit sibi 
nale et minor est vera cum tale luimen 
intellectus a fantasmatibus falibilibus 
suat originem et ortum igitur etc 2a pars 
eiusdem conclusionis probatur nam quodlibet un
quod cognoscitur per theologiam actu vel habitu
cognoscitur in deo tuae et uno immense 
aeternaliter perfecte ydealiter repraesentatu 
et temporaliter perliberam productionem 
fabribile vel fabricatum et taliter non 
cognoscitur per evidentiam alicuis 
alterius scientiae igitur tota conclusio vera prima pars 
istius conclusionis est magistri herimavi
de schidicet in postilla sua super 
cantitis capitulo 6 super isto verbo quae es 
ista quae ascendit etc Et magistri 
ugusltinus quaestione 1 prologi articulo 3m circa principium 
ubi ponit quod cognitiones rereum
sunt quaem modis prima 3 una et 
unita substantialis intuitio rerum ceaeliter 
infinita et hoc est deus ¶ 2a est 
clara exemplaris cognitio beatifica
quae visio est dei ¶ 3a est emgts 
maise inevidens habitualis vel actutis </Unicode>
            </TextEquiv>
        </TextRegion>
    </Page>
</PcGts>
