2964 4220
490 412 1454 526 adhaesio et hoc quendam revelativo
504 501 1443 610 dei simpliciter inflibilis ¶ 4ta est sui
498 568 1467 678 cea prospicua intellectualis et haec
507 641 1444 750 est intuita in proprio genere rei non
494 712 1482 822 inpedita corollarioe vel fantasmatice
490 788 1482 894 5ta est intuitiva causata per fan
487 848 1470 975 tasmata naturalis cogctio per actum
501 926 1470 1047 sensus et effectus ¶ de4 igitur cogtio
503 1005 1449 1124 ne intelligere hanc 2am conclusionem
497 1076 1461 1196 ec videtur habere veritatem ¶ primum
488 1147 1439 1262 corollarium stante lege non contingit
494 1233 1471 1345 aliquem purum matorem sive
492 1303 1458 1402 exemplari aeterno de re aliqua
481 1374 1449 1468 creata certitudinem evidentiae
502 1438 1480 1559 incomplexam inflibilem et since
493 1510 1483 1624 ram habere hoc informa docto
502 1579 1439 1698 ris sollempnis per in articulo 2o quaestione 1
501 1636 1471 1771 probatur ex conclusione quia talis certitudo
499 1723 1467 1838 foret simpliciter intellective insualis
508 1795 1464 1902 et perfecte intuitiva quod est contra primam
513 1865 1461 1991 partem conclusionis ¶ 2m corollarium non omnis
515 1937 1446 2040 ctitudo omne ei ratio errorem ex
499 2008 1485 2135 cludens est simpliciter sincea certitu
501 2077 1465 2195 do et notitia perfecte intuitive evi
501 2136 1489 2265 deus patet quia prima est postntialis siv
487 2221 1468 2338 exemplari aeterno materi et non
501 2286 1471 2413 2a ut patet per praedictum doctoris in eadem
486 2347 1485 2472 quaestione ex quibus patet quod multi falsum inpoo
502 2424 1467 2557 nunt hinc doctori in in ista ali
499 2489 1453 2621 qui dicentes quod ponat nullam rem
497 2556 1474 2683 creatam nos posse certitudinaliter
494 2618 1474 2757 cognoscere nam huius oppositum dicit artiula
509 2699 1453 2825 1 quaestione 3 alii posntes ipsum tenere quod
490 2764 1477 2895 nullam notitiam rei hic in via
506 2844 1477 2950 ini suo exemplari aeterno possumus
505 2910 1458 3041 habere huius oppositum patet ex dictis suis
506 2986 1470 3104 eodem argucunt quaestione 3 ¶ 3m corollarium est domini
499 3063 1479 3166 egidii per id est prologi quaestione 2 licet sincereti
501 3119 1456 3243 mveritas theolgica scientia sectae christianae fit
489 3178 1457 3296 maxime abstcta et speciecialis impra
494 3229 1468 3365 tum perfectissime tractat decnnctis prima
474 3298 1475 3460 pars patet quia eius primaria obiectum
1615 433 2646 522 est maxime simplex et unum 2a pars ex 2a
1610 497 2597 597 parte conclusionis Et deducitur totum corollarium perep
1612 553 2581 669 lchre per hunc doctorem ubi est dictum ¶
1613 621 2585 737 3o conclusio fides christiana est certitudo fima
1615 700 2583 792 circa theogiam notitia vel evidentiam ad
1618 768 2578 874 causa tamen prima requisita prima pars
1618 835 2591 949 huius quis patet ex descriptione 5 2t 6
1613 907 2556 1012 ti11 et pars probatur primo per beatium
1593 966 2626 1079 augustinus epstola ad consevaium et est dctio ubi
1612 1030 2605 1128 dicit quod fides habet oculos suos et cra
1619 1115 2616 1230 principium libr de perserverantia sanctorum
1613 1182 2588 1290 ubi dicit Eredere nichil aliud est
1618 1272 2591 1379 quam tamen assertione Cogitare igitur sequitur
1620 1324 2568 1449 quod fides aliqualiter notitia vel
1619 1399 2587 1516 evidentiam patet hoc et per hugolinem libro 1
1619 1484 2604 1594 de sacris parte 10 capitulo 3 diffinitione pro hiis
1620 1544 2619 1657 non magistrum libro 13 distinctione 24 capitulo pultimo
1628 1606 2578 1747 Ccsas fides nichoat cognitio Item
1615 1702 2591 1818 nica sed sciendum est fides est
1620 1772 2545 1883 de hiis quae vsu interiori utrumque
1613 1845 2551 1955 capientur quod circa theologicam patet quia
1610 1925 2609 2031 hac scientia secundum augustini non pollent
1619 1978 2586 2098 fideles plurum quamvis fide plurum
1631 2059 2580 2181 polleant 14 de trinitate capitulo 1 igitur est pars
1624 2133 2580 2248 conclusionis vera est pars probatur primo ex
1611 2202 2551 2311 dictis dyoum de divinis noibus capitulo
1613 2274 2607 2390 et ubi sic in quid si eium aliquis
1601 2342 2583 2458 prorsus divinis eloquiis in surgens
1609 2418 2578 2537 longe erit et a sapientia quae aput
1619 2493 2569 2613 nos est et nisi ei cura divinae sa
1622 2570 2559 2685 pientiae quomam curabimus
1615 2654 2555 2732 ei manum porrigere ad theogicam
1618 2711 2569 2829 cientiam ¶ 2o patet haec partila per verabilem
1610 2792 2581 2898 nselmum i1llo Cur deus homo capitulo 1 di
1601 2868 2592 2970 centem non ut per rationem ad fidem
1607 2933 2581 3019 accedant sed ut eorum quae cre
1606 3000 2604 3081 dunt intellectum et conteplione delecta
1609 3062 2558 3183 ntur ¶ 3 per euudem eodem libro capitulo 2o
1605 3141 2595 3249 dicentem rectus ordo exigit ut
1613 3204 2608 3324 profunda christianae fidei prius credamus
1600 3276 2536 3403 quod causa praesummaus ratione distucen
