<?xml version="1.0" encoding="UTF-8" standalone="yes"?>
<PcGts xmlns="http://schema.primaresearch.org/PAGE/gts/pagecontent/2013-07-15" xmlns:xsi="http://www.w3.org/2001/XMLSchema-instance" xsi:schemaLocation="http://schema.primaresearch.org/PAGE/gts/pagecontent/2013-07-15 http://schema.primaresearch.org/PAGE/gts/pagecontent/2013-07-15/pagecontent.xsd">
    <Metadata>
        <Creator>prov=University of Rostock/Institute of Mathematics/CITlab|PLANET AI GmbH/Gundram Leifert/gundram.leifert@planet-ai.de:name=clm26711-m6(htr_id=25168)::::v=2.6.6
prov=University of Rostock/Institute of Mathematics/CITlab|PLANET AI GmbH/Tobias Gruening/tobias.gruening@planet-ai.de:name=de.uros.citlab.module.baseline2polygon.B2PSeamMultiOriented:v=2.6.6
prov=University of Rostock/Institute of Mathematics/CITlab|PLANET AI GmbH/Tobias Gruening/tobias.gruening@planet-ai.de:name=/net_tf/LA73_249_0mod360.pb:de.uros.citlab.segmentation.CITlab_LA_ML:v=2.6.6
Transkribus</Creator>
        <Created>2020-02-15T09:48:17.806-05:00</Created>
        <LastChange>2020-07-06T17:54:04.012+02:00</LastChange>
        <TranskribusMetadata docId="324541" pageId="12773121" pageNr="36" tsid="33591727" status="IN_PROGRESS" userId="25065" imgUrl="https://files.transkribus.eu/Get?id=LYWZJZKEECBELWZMFFJVVJWI&amp;fileType=view" xmlUrl="https://files.transkribus.eu/Get?id=RBUZKFTEYDSEFQMPZGGTEVZO" imageId="9020373"/>
    </Metadata>
    <Page imageFilename="19v.jpg" imageWidth="2964" imageHeight="4220">
        <ReadingOrder>
            <OrderedGroup id="ro_1594074120080" caption="Regions reading order">
                <RegionRefIndexed index="0" regionRef="r1"/>
                <RegionRefIndexed index="1" regionRef="r2"/>
            </OrderedGroup>
        </ReadingOrder>
        <TextRegion orientation="0.0" id="r1" custom="readingOrder {index:0;}">
            <Coords points="501,447 501,3397 1482,3397 1482,447"/>
            <TextLine id="r1l1" custom="readingOrder {index:0;}">
                <Coords points="511,514 628,498 706,535 749,498 948,521 1440,487 1439,423 1379,405 1123,449 1034,421 938,448 511,439"/>
                <Baseline points="518,494 563,494 609,494 655,494 701,495 746,495 792,495 838,497 884,497 929,497 975,497 1021,497 1067,497 1112,497 1158,495 1204,494 1250,492 1295,489 1341,486 1387,483 1433,479"/>
                <TextEquiv>
                    <Unicode>manifestum igitur non potest dici talis </Unicode>
                </TextEquiv>
            </TextLine>
            <TextLine id="r1l2" custom="readingOrder {index:1;}">
                <Coords points="525,579 654,601 689,568 786,568 869,608 1042,571 1140,611 1318,556 1437,574 1437,489 851,524 751,498 708,537 572,496 524,523"/>
                <Baseline points="531,558 576,558 621,558 666,558 711,559 756,560 801,561 846,563 891,563 936,564 981,565 1026,566 1071,566 1116,566 1161,564 1206,563 1251,562 1296,559 1341,556 1386,551 1431,546"/>
                <TextEquiv>
                    <Unicode>illustratio fore dus ¶ Contra 2m </Unicode>
                </TextEquiv>
            </TextLine>
            <TextLine id="r1l3" custom="readingOrder {index:2;}">
                <Coords points="519,653 807,640 912,684 1060,637 1117,671 1175,642 1424,639 1439,588 1372,558 1140,610 1041,571 874,605 741,567 592,609 518,587"/>
                <Baseline points="525,636 570,636 615,636 661,636 706,638 752,638 797,638 842,638 888,638 933,638 979,639 1024,638 1069,638 1115,638 1160,636 1206,635 1251,634 1296,632 1342,630 1387,627 1433,624"/>
                <TextEquiv>
                    <Unicode>menibrum eiusdem termini quia talis </Unicode>
                </TextEquiv>
            </TextLine>
            <TextLine id="r1l4" custom="readingOrder {index:3;}">
                <Coords points="526,728 638,712 696,745 791,710 844,742 916,710 1042,746 1158,706 1446,714 1460,662 1276,637 913,683 873,648 526,666"/>
                <Baseline points="533,707 579,707 625,707 671,707 717,707 763,707 809,707 855,707 901,707 947,707 993,707 1039,707 1085,705 1131,705 1177,705 1223,704 1269,704 1315,703 1361,702 1407,702 1454,701"/>
                <TextEquiv>
                    <Unicode>motus vel est motus potentiae vel rei ex </Unicode>
                </TextEquiv>
            </TextLine>
            <TextLine id="r1l5" custom="readingOrder {index:4;}">
                <Coords points="524,792 610,778 712,829 796,780 884,810 998,783 1057,816 1095,783 1282,782 1375,819 1467,775 1466,712 1409,703 1042,746 524,727"/>
                <Baseline points="530,779 576,780 623,780 669,782 716,782 762,782 809,782 855,782 902,780 948,780 995,779 1042,779 1088,777 1135,777 1181,776 1228,774 1274,774 1321,773 1367,773 1414,773 1461,773"/>
                <TextEquiv>
                    <Unicode>tentis inpotentia sed nullum istorum igitur etc ¶ contra </Unicode>
                </TextEquiv>
            </TextLine>
            <TextLine id="r1l6" custom="readingOrder {index:5;}">
                <Coords points="513,882 877,851 976,884 1156,843 1229,886 1309,849 1459,861 1475,785 1420,780 1370,821 1159,816 1116,782 1058,816 1023,788 953,815 808,788 711,829 589,792 512,814"/>
                <Baseline points="519,857 566,857 614,857 661,855 709,855 756,855 804,854 851,854 899,852 946,852 994,851 1041,851 1089,849 1136,849 1184,848 1231,848 1279,846 1326,846 1374,846 1421,845 1469,845"/>
                <TextEquiv>
                    <Unicode>3m menibrum eiusdem terminum quia talis </Unicode>
                </TextEquiv>
            </TextLine>
            <TextLine id="r1l7" custom="readingOrder {index:6;}">
                <Coords points="513,948 1483,936 1481,864 1398,849 1228,887 1156,844 1078,880 879,853 512,889"/>
                <Baseline points="519,930 566,927 614,926 662,923 710,921 758,920 806,920 853,918 901,918 949,917 997,917 1045,915 1093,915 1141,915 1188,915 1236,914 1284,914 1332,913 1380,912 1428,912 1476,911"/>
                <TextEquiv>
                    <Unicode>actus fit de lictus vel procedit solum </Unicode>
                </TextEquiv>
            </TextLine>
            <TextLine id="r1l8" custom="readingOrder {index:7;}">
                <Coords points="512,1016 717,1000 800,1039 886,995 991,1029 1079,993 1409,999 1430,949 1313,920 1108,959 983,927 885,969 710,966 616,931 511,978"/>
                <Baseline points="518,1004 563,1002 608,1001 653,1001 699,999 744,998 789,995 835,994 880,992 925,991 971,990 1016,989 1061,987 1106,987 1152,986 1197,986 1242,986 1288,987 1333,987 1378,990 1424,992"/>
                <TextEquiv>
                    <Unicode>active a postentio et hoc non potest dici </Unicode>
                </TextEquiv>
            </TextLine>
            <TextLine id="r1l9" custom="readingOrder {index:8;}">
                <Coords points="513,1081 971,1062 1111,1094 1191,1060 1357,1073 1390,1104 1489,1057 1488,1012 1435,1000 1327,1030 1275,1003 1196,1041 1105,992 991,1030 885,995 735,1051 595,1005 512,1024"/>
                <Baseline points="519,1071 567,1071 615,1071 663,1070 711,1070 759,1068 807,1067 856,1067 904,1065 952,1064 1000,1063 1048,1062 1096,1061 1144,1061 1193,1059 1241,1059 1289,1059 1337,1059 1385,1059 1433,1059 1482,1061"/>
                <TextEquiv>
                    <Unicode>vel a potentia et obiectio simul et tunc sequitur </Unicode>
                </TextEquiv>
            </TextLine>
            <TextLine id="r1l11" custom="readingOrder {index:9;}">
                <Coords points="510,1186 904,1138 1407,1171 1463,1157 1461,1072 1390,1104 1262,1072 1213,1105 1135,1086 999,1124 805,1076 701,1117 644,1082 603,1117 508,1121"/>
                <Baseline points="516,1154 565,1152 614,1151 664,1149 713,1148 763,1146 812,1146 861,1144 911,1142 960,1140 1010,1140 1059,1139 1109,1137 1158,1136 1207,1136 1257,1134 1306,1134 1356,1133 1405,1133 1455,1133"/>
                <TextEquiv>
                    <Unicode>quod obiectum corollario agat in spiritum contra </Unicode>
                </TextEquiv>
            </TextLine>
            <TextLine id="r1l12" custom="readingOrder {index:10;}">
                <Coords points="513,1254 1126,1212 1247,1245 1457,1219 1457,1157 1280,1182 1183,1146 993,1184 923,1154 844,1185 773,1149 512,1192"/>
                <Baseline points="519,1226 565,1224 612,1223 658,1221 705,1220 752,1218 798,1218 845,1217 891,1217 938,1215 985,1215 1031,1215 1078,1214 1124,1214 1171,1214 1218,1212 1264,1212 1311,1212 1357,1212 1404,1212 1451,1211"/>
                <TextEquiv>
                    <Unicode>augustinus 6 musite Et hoc consequens re</Unicode>
                </TextEquiv>
            </TextLine>
            <TextLine id="r1l13" custom="readingOrder {index:11;}">
                <Coords points="519,1335 737,1288 810,1336 906,1300 1012,1332 1452,1296 1450,1233 1403,1222 1242,1253 1152,1221 517,1254"/>
                <Baseline points="525,1302 571,1301 617,1301 663,1299 709,1299 755,1298 801,1297 847,1296 893,1295 939,1293 985,1293 1031,1292 1077,1290 1123,1290 1169,1289 1215,1287 1261,1286 1307,1286 1353,1284 1399,1284 1445,1283"/>
                <TextEquiv>
                    <Unicode>praesentat et falsum Schardus barbe</Unicode>
                </TextEquiv>
            </TextLine>
            <TextLine id="r1l14" custom="readingOrder {index:12;}">
                <Coords points="511,1408 779,1375 837,1406 1012,1361 1408,1382 1481,1360 1479,1282 1300,1332 1128,1302 947,1338 878,1305 811,1341 668,1305 509,1343"/>
                <Baseline points="516,1370 566,1371 616,1371 667,1371 717,1371 768,1371 818,1370 869,1370 919,1369 970,1368 1020,1367 1071,1366 1121,1365 1172,1362 1222,1361 1273,1359 1323,1358 1374,1356 1424,1353 1475,1352"/>
                <TextEquiv>
                    <Unicode>quaestione 1 lecutrae suae et iohannes de marchia</Unicode>
                </TextEquiv>
            </TextLine>
            <TextLine id="r1l15" custom="readingOrder {index:13;}">
                <Coords points="512,1460 991,1458 1087,1427 1258,1456 1468,1428 1467,1361 1380,1402 1101,1368 1003,1400 920,1380 831,1406 780,1376 735,1405 674,1376 511,1403"/>
                <Baseline points="518,1439 565,1439 612,1440 659,1440 706,1440 753,1440 800,1440 848,1440 895,1440 942,1440 989,1440 1036,1439 1083,1439 1130,1437 1178,1436 1225,1434 1272,1433 1319,1431 1366,1428 1413,1425 1461,1424"/>
                <TextEquiv>
                    <Unicode>2 quaestione determinationeum articulo 2o ubi etiam </Unicode>
                </TextEquiv>
            </TextLine>
            <TextLine id="r1l16" custom="readingOrder {index:14;}">
                <Coords points="510,1527 1093,1532 1183,1502 1299,1524 1336,1491 1403,1512 1459,1481 1458,1434 1044,1478 939,1442 813,1473 671,1443 509,1461"/>
                <Baseline points="516,1508 562,1508 609,1508 656,1506 703,1506 750,1506 796,1506 843,1506 890,1506 937,1506 984,1506 1030,1505 1077,1505 1124,1503 1171,1503 1218,1501 1264,1499 1311,1497 1358,1494 1405,1490 1452,1487"/>
                <TextEquiv>
                    <Unicode>tractat materiam qualiter areis est </Unicode>
                </TextEquiv>
            </TextLine>
            <TextLine id="r1l17" custom="readingOrder {index:15;}">
                <Coords points="509,1597 874,1573 973,1617 1057,1573 1291,1569 1358,1606 1479,1568 1470,1506 1397,1537 1272,1507 1178,1542 1000,1515 932,1542 851,1508 672,1545 586,1512 508,1529"/>
                <Baseline points="516,1572 563,1574 611,1576 659,1577 707,1578 755,1578 803,1578 850,1578 898,1578 946,1578 994,1577 1042,1576 1090,1575 1138,1574 1185,1572 1233,1571 1281,1569 1329,1568 1377,1568 1425,1566 1473,1565"/>
                <TextEquiv>
                    <Unicode>ipsa anima cirea medium istius articuli ¶ Contra </Unicode>
                </TextEquiv>
            </TextLine>
            <TextLine id="r1l18" custom="readingOrder {index:16;}">
                <Coords points="512,1649 727,1674 1088,1643 1221,1678 1451,1628 1435,1566 1357,1606 1237,1576 1163,1609 1046,1583 969,1618 921,1577 836,1613 557,1577 512,1597"/>
                <Baseline points="518,1634 564,1638 610,1640 657,1643 703,1644 749,1646 796,1646 842,1646 888,1646 935,1646 981,1645 1027,1644 1074,1643 1120,1641 1166,1640 1213,1638 1259,1637 1305,1635 1352,1634 1398,1632 1445,1631"/>
                <TextEquiv>
                    <Unicode>lmum terminum nullus est habitus supernalis </Unicode>
                </TextEquiv>
            </TextLine>
            <TextLine id="r1l19" custom="readingOrder {index:17;}">
                <Coords points="498,1737 557,1724 612,1760 680,1724 794,1755 931,1714 1038,1753 1083,1714 1176,1715 1376,1747 1412,1714 1458,1733 1458,1662 1371,1644 1242,1683 1186,1653 911,1644 697,1692 598,1647 497,1677"/>
                <Baseline points="504,1721 551,1719 598,1719 646,1718 693,1718 741,1717 788,1716 835,1716 883,1716 930,1715 978,1715 1025,1715 1072,1714 1120,1713 1167,1713 1215,1713 1262,1712 1309,1712 1357,1710 1404,1710 1452,1709"/>
                <TextEquiv>
                    <Unicode>igitur prima partibula descriptionis falsa coaentra </Unicode>
                </TextEquiv>
            </TextLine>
            <TextLine id="r1l20" custom="readingOrder {index:18;}">
                <Coords points="522,1810 707,1803 776,1839 825,1805 897,1833 1175,1787 1269,1822 1312,1785 1425,1784 1423,1724 1288,1753 1176,1718 1070,1766 859,1726 794,1755 706,1733 623,1771 521,1764"/>
                <Baseline points="528,1803 572,1802 617,1800 661,1800 706,1799 750,1797 795,1796 839,1795 884,1794 928,1793 973,1791 1017,1790 1062,1789 1106,1787 1151,1785 1195,1784 1240,1782 1284,1781 1329,1778 1373,1776 1418,1773"/>
                <TextEquiv>
                    <Unicode>non antecedens probatur quia si talis habitus </Unicode>
                </TextEquiv>
            </TextLine>
            <TextLine id="r1l21" custom="readingOrder {index:19;}">
                <Coords points="516,1885 664,1904 694,1878 966,1873 1043,1909 1106,1869 1194,1900 1245,1864 1373,1856 1421,1886 1488,1851 1486,1813 1414,1784 1309,1788 1269,1822 1106,1790 1052,1836 613,1810 514,1839"/>
                <Baseline points="522,1874 572,1874 622,1874 673,1874 723,1873 774,1872 824,1871 875,1870 925,1869 976,1868 1026,1866 1077,1864 1127,1862 1178,1860 1228,1857 1279,1854 1329,1853 1380,1850 1430,1847 1481,1842"/>
                <TextEquiv>
                    <Unicode>esset habens eos posset scire se ipsos ha</Unicode>
                </TextEquiv>
            </TextLine>
            <TextLine id="r1l22" custom="readingOrder {index:20;}">
                <Coords points="515,1968 717,1945 990,1978 1061,1944 1246,1971 1477,1921 1461,1851 1420,1888 1388,1859 1193,1900 1106,1869 1051,1914 926,1922 811,1880 513,1899"/>
                <Baseline points="521,1947 568,1947 615,1947 663,1947 710,1947 758,1946 805,1946 853,1944 900,1943 948,1943 995,1941 1042,1938 1090,1937 1137,1935 1185,1934 1232,1931 1280,1928 1327,1925 1375,1923 1422,1920 1470,1917"/>
                <TextEquiv>
                    <Unicode>bere et per consequens aliquid posset se scire </Unicode>
                </TextEquiv>
            </TextLine>
            <TextLine id="r1l23" custom="readingOrder {index:21;}">
                <Coords points="518,2072 582,2030 669,2065 743,2030 813,2056 844,2025 980,2016 1389,2025 1467,1996 1465,1927 1367,1971 1125,1974 1060,1945 800,1994 670,1945 514,1974"/>
                <Baseline points="522,2027 571,2027 620,2025 670,2024 719,2024 769,2022 818,2022 867,2021 917,2019 966,2018 1016,2017 1065,2015 1115,2013 1164,2011 1213,2009 1263,2006 1312,2003 1362,2000 1411,1997 1461,1992"/>
                <TextEquiv>
                    <Unicode>habere fidem de articulo christiano Sed contra </Unicode>
                </TextEquiv>
            </TextLine>
            <TextLine id="r1l24" custom="readingOrder {index:22;}">
                <Coords points="512,2127 676,2092 736,2126 901,2129 941,2097 1008,2125 1115,2083 1254,2123 1300,2086 1471,2087 1469,1994 1352,2036 1020,2024 959,2063 846,2024 806,2063 510,2064"/>
                <Baseline points="518,2099 565,2097 612,2097 659,2097 707,2096 754,2096 801,2096 849,2094 896,2094 943,2093 991,2093 1038,2091 1085,2090 1132,2089 1180,2088 1227,2085 1274,2083 1322,2080 1369,2077 1416,2073 1464,2069"/>
                <TextEquiv>
                    <Unicode>quilibet quilibet qui scit se habere fidem </Unicode>
                </TextEquiv>
            </TextLine>
            <TextLine id="r1l25" custom="readingOrder {index:23;}">
                <Coords points="515,2184 648,2175 708,2215 810,2176 875,2214 1027,2170 1225,2160 1282,2187 1356,2151 1442,2161 1451,2100 1338,2120 1289,2093 1245,2126 1128,2083 902,2141 672,2093 513,2133"/>
                <Baseline points="521,2174 567,2175 613,2175 659,2174 706,2174 752,2172 798,2172 844,2170 891,2168 937,2166 983,2164 1029,2162 1076,2160 1122,2158 1168,2156 1214,2154 1261,2153 1307,2151 1353,2150 1399,2148 1446,2148"/>
                <TextEquiv>
                    <Unicode>articuli scit ipsum articulium verum et cum </Unicode>
                </TextEquiv>
            </TextLine>
            <TextLine id="r1l26" custom="readingOrder {index:24;}">
                <Coords points="506,2270 644,2254 715,2285 763,2250 1139,2228 1392,2252 1473,2219 1471,2172 1226,2160 1172,2195 868,2215 802,2179 711,2215 502,2185"/>
                <Baseline points="512,2255 559,2253 607,2251 655,2250 703,2248 750,2246 798,2244 846,2243 894,2240 941,2238 989,2237 1037,2234 1085,2232 1132,2230 1180,2228 1228,2225 1276,2223 1323,2222 1371,2219 1419,2217 1467,2214"/>
                <TextEquiv>
                    <Unicode>habitus fidei aeque inmediate se ha</Unicode>
                </TextEquiv>
            </TextLine>
            <TextLine id="r1l27" custom="readingOrder {index:25;}">
                <Coords points="515,2331 866,2321 1001,2348 1123,2305 1333,2339 1372,2299 1457,2305 1456,2249 1276,2270 1139,2228 1090,2272 986,2241 944,2280 849,2284 755,2255 703,2285 513,2262"/>
                <Baseline points="521,2318 567,2318 614,2318 660,2318 707,2318 753,2316 800,2315 846,2314 893,2313 939,2312 986,2309 1032,2309 1079,2306 1125,2305 1172,2304 1218,2303 1265,2301 1311,2301 1358,2300 1404,2300 1451,2300"/>
                <TextEquiv>
                    <Unicode>beat respectu cuiuslibet articentli Sequitur </Unicode>
                </TextEquiv>
            </TextLine>
            <TextLine id="r1l28" custom="readingOrder {index:26;}">
                <Coords points="518,2398 584,2433 688,2428 767,2384 929,2425 995,2391 1123,2407 1219,2377 1426,2399 1438,2309 1369,2301 1330,2340 1033,2317 988,2356 948,2331 516,2332"/>
                <Baseline points="524,2381 569,2383 614,2385 660,2386 705,2387 751,2387 796,2387 842,2387 887,2387 933,2386 978,2385 1023,2384 1069,2383 1114,2381 1160,2380 1205,2378 1251,2376 1296,2374 1342,2372 1387,2369 1433,2367"/>
                <TextEquiv>
                    <Unicode>quod si quis potest scire unum articulm quod </Unicode>
                </TextEquiv>
            </TextLine>
            <TextLine id="r1l29" custom="readingOrder {index:27;}">
                <Coords points="516,2513 585,2475 860,2505 907,2461 1070,2494 1331,2460 1381,2491 1481,2467 1479,2381 1302,2419 1002,2391 899,2433 768,2385 680,2431 513,2412"/>
                <Baseline points="522,2472 569,2472 617,2472 664,2471 712,2469 760,2467 807,2465 855,2463 903,2460 950,2459 998,2457 1046,2455 1093,2453 1141,2451 1189,2450 1236,2450 1284,2450 1332,2450 1379,2451 1427,2453 1475,2456"/>
                <TextEquiv>
                    <Unicode>scieret quomlibet et per consequens posset quis scientiae </Unicode>
                </TextEquiv>
            </TextLine>
            <TextLine id="r1l30" custom="readingOrder {index:28;}">
                <Coords points="515,2555 1280,2525 1327,2557 1477,2528 1475,2479 1422,2463 1133,2499 919,2464 858,2507 779,2476 711,2510 655,2485 514,2520"/>
                <Baseline points="522,2553 569,2550 616,2549 664,2546 711,2543 759,2541 806,2538 853,2536 901,2533 948,2532 996,2529 1043,2528 1090,2525 1138,2523 1185,2523 1233,2521 1280,2520 1327,2519 1375,2519 1422,2519 1470,2519"/>
                <TextEquiv>
                    <Unicode>omnia neccessaria ad veritatem nostrae sectae </Unicode>
                </TextEquiv>
            </TextLine>
            <TextLine id="r1l31" custom="readingOrder {index:29;}">
                <Coords points="498,2641 549,2664 587,2630 776,2621 867,2647 993,2604 1310,2590 1461,2610 1480,2529 1323,2558 1283,2527 1212,2561 902,2535 692,2589 496,2590"/>
                <Baseline points="504,2627 552,2625 601,2624 649,2622 698,2620 747,2618 795,2615 844,2612 892,2609 941,2606 990,2603 1038,2601 1087,2598 1135,2595 1184,2594 1233,2592 1281,2592 1330,2592 1378,2592 1427,2594 1476,2595"/>
                <TextEquiv>
                    <Unicode>quod non videtur ¶ 2o circa eundem terminum nulla </Unicode>
                </TextEquiv>
            </TextLine>
            <TextLine id="r1l32" custom="readingOrder {index:30;}">
                <Coords points="514,2715 744,2716 958,2673 1162,2701 1244,2671 1334,2706 1480,2671 1478,2625 1375,2597 1140,2631 1015,2607 961,2646 676,2632 511,2670"/>
                <Baseline points="519,2702 566,2702 614,2700 662,2698 709,2696 757,2693 805,2691 852,2687 900,2684 948,2680 996,2677 1043,2673 1091,2671 1139,2668 1186,2666 1234,2664 1282,2664 1329,2664 1377,2664 1425,2667 1473,2670"/>
                <TextEquiv>
                    <Unicode>est veritas suprenaturalis igitur de scriptio </Unicode>
                </TextEquiv>
            </TextLine>
            <TextLine id="r1l33" custom="readingOrder {index:31;}">
                <Coords points="518,2810 583,2778 660,2807 794,2776 967,2796 1055,2756 1227,2747 1305,2793 1365,2742 1465,2749 1464,2708 1131,2692 1062,2717 981,2692 845,2734 514,2725"/>
                <Baseline points="522,2765 568,2769 615,2771 662,2772 709,2772 756,2771 802,2769 849,2767 896,2764 943,2762 990,2758 1036,2754 1083,2751 1130,2747 1177,2744 1224,2741 1270,2739 1317,2738 1364,2738 1411,2738 1458,2739"/>
                <TextEquiv>
                    <Unicode>falsa patet consequentia assumptum arguitur sic quia </Unicode>
                </TextEquiv>
            </TextLine>
            <TextLine id="r1l34" custom="readingOrder {index:32;}">
                <Coords points="507,2873 729,2853 807,2888 994,2842 1263,2880 1401,2819 1476,2828 1472,2749 1355,2746 1307,2793 1263,2763 1112,2807 991,2773 930,2815 855,2783 691,2819 602,2782 504,2821"/>
                <Baseline points="512,2855 559,2855 607,2853 655,2852 703,2850 751,2849 799,2847 846,2846 894,2843 942,2842 990,2840 1038,2837 1086,2834 1134,2832 1181,2829 1229,2826 1277,2824 1325,2821 1373,2819 1421,2816 1469,2813"/>
                <TextEquiv>
                    <Unicode>anima nostra potest naturaliter cognoscere prinium </Unicode>
                </TextEquiv>
            </TextLine>
            <TextLine id="r1l35" custom="readingOrder {index:33;}">
                <Coords points="499,2970 561,2937 833,2928 880,2961 1462,2903 1458,2822 1411,2819 1264,2880 1063,2881 995,2842 828,2899 743,2854 585,2898 495,2879"/>
                <Baseline points="504,2927 551,2925 599,2925 646,2924 694,2922 741,2922 789,2921 836,2919 884,2918 931,2916 979,2915 1026,2913 1074,2911 1121,2908 1169,2905 1216,2902 1264,2899 1311,2895 1359,2892 1406,2887 1454,2882"/>
                <TextEquiv>
                    <Unicode>principium igitur et quodlibet contentum nullo </Unicode>
                </TextEquiv>
            </TextLine>
            <TextLine id="r1l36" custom="readingOrder {index:34;}">
                <Coords points="509,3024 964,2989 1123,3022 1189,2984 1456,2978 1443,2902 1026,2956 928,2936 876,2961 836,2927 507,2965"/>
                <Baseline points="515,3002 561,3000 608,2999 655,2996 701,2994 748,2993 795,2991 841,2990 888,2989 935,2987 982,2985 1028,2984 1075,2982 1122,2981 1168,2979 1215,2977 1262,2973 1308,2971 1355,2968 1402,2966 1449,2961"/>
                <TextEquiv>
                    <Unicode>sed omnis veritas in ipsa continetur vir</Unicode>
                </TextEquiv>
            </TextLine>
            <TextLine id="r1l37" custom="readingOrder {index:35;}">
                <Coords points="503,3078 684,3073 734,3111 815,3104 874,3055 961,3090 996,3057 1479,3044 1477,2991 1346,2982 1128,3022 792,2999 502,3031"/>
                <Baseline points="509,3074 557,3071 605,3069 653,3066 701,3065 749,3063 797,3060 846,3059 894,3056 942,3054 990,3052 1038,3051 1086,3050 1134,3048 1183,3047 1231,3045 1279,3044 1327,3044 1375,3044 1423,3044 1472,3044"/>
                <TextEquiv>
                    <Unicode>tualiter igitur sequitur quod omni veritatem anima </Unicode>
                </TextEquiv>
            </TextLine>
            <TextLine id="r1l38" custom="readingOrder {index:36;}">
                <Coords points="503,3162 671,3144 730,3184 865,3148 1012,3171 1081,3127 1450,3127 1462,3063 1375,3088 1315,3054 1237,3081 1114,3050 956,3091 857,3066 738,3110 684,3073 500,3088"/>
                <Baseline points="509,3143 556,3143 603,3143 651,3143 698,3141 746,3140 793,3138 840,3137 888,3135 935,3133 983,3131 1030,3128 1077,3126 1125,3125 1172,3122 1220,3120 1267,3119 1314,3117 1362,3116 1409,3116 1457,3116"/>
                <TextEquiv>
                    <Unicode>naturaliter potest sicirere ¶ 2o anima nostra non </Unicode>
                </TextEquiv>
            </TextLine>
            <TextLine id="r1l39" custom="readingOrder {index:37;}">
                <Coords points="500,3223 715,3235 874,3198 976,3246 1199,3193 1462,3183 1459,3126 1369,3118 1327,3146 1150,3132 952,3169 750,3142 685,3183 498,3179"/>
                <Baseline points="507,3221 554,3218 601,3215 649,3212 696,3210 744,3208 791,3206 838,3204 886,3201 933,3200 981,3197 1028,3195 1075,3192 1123,3191 1170,3189 1218,3188 1265,3185 1312,3183 1360,3181 1407,3179 1455,3176"/>
                <TextEquiv>
                    <Unicode>non moluntatur inperteptione verorum </Unicode>
                </TextEquiv>
            </TextLine>
            <TextLine id="r1l40" custom="readingOrder {index:38;}">
                <Coords points="495,3301 631,3323 793,3285 1063,3314 1120,3273 1428,3282 1453,3274 1450,3194 976,3245 846,3210 735,3249 493,3246"/>
                <Baseline points="501,3296 548,3296 595,3295 642,3294 690,3291 737,3290 784,3288 831,3285 879,3283 926,3281 973,3278 1020,3276 1068,3273 1115,3270 1162,3269 1209,3267 1257,3266 1304,3264 1351,3264 1398,3264 1446,3264"/>
                <TextEquiv>
                    <Unicode>diviniorum igitur talis perceptio non est sibi </Unicode>
                </TextEquiv>
            </TextLine>
            <TextLine id="r1l41" custom="readingOrder {index:39;}">
                <Coords points="501,3436 658,3381 892,3423 1157,3350 1356,3396 1451,3381 1446,3297 1333,3277 1027,3324 979,3297 937,3340 855,3299 823,3334 757,3309 688,3355 494,3330"/>
                <Baseline points="504,3378 550,3380 597,3381 644,3381 691,3381 738,3380 785,3377 832,3375 879,3372 926,3368 973,3364 1019,3362 1066,3357 1113,3354 1160,3350 1207,3347 1254,3344 1301,3340 1348,3338 1395,3336 1442,3335"/>
                <TextEquiv>
                    <Unicode>supernalis ¶ 3o homo est eiusdem </Unicode>
                </TextEquiv>
            </TextLine>
            <TextEquiv>
                <Unicode>manifestum igitur non potest dici talis 
illustratio fore dus ¶ Contra 2m 
menibrum eiusdem termini quia talis 
motus vel est motus potentiae vel rei ex 
tentis inpotentia sed nullum istorum igitur etc ¶ contra 
3m menibrum eiusdem terminum quia talis 
actus fit de lictus vel procedit solum 
active a postentio et hoc non potest dici 
vel a potentia et obiectio simul et tunc sequitur 
quod obiectum corollario agat in spiritum contra 
augustinus 6 musite Et hoc consequens re
praesentat et falsum Schardus barbe
quaestione 1 lecutrae suae et iohannes de marchia
2 quaestione determinationeum articulo 2o ubi etiam 
tractat materiam qualiter areis est 
ipsa anima cirea medium istius articuli ¶ Contra 
lmum terminum nullus est habitus supernalis 
igitur prima partibula descriptionis falsa coaentra 
non antecedens probatur quia si talis habitus 
esset habens eos posset scire se ipsos ha
bere et per consequens aliquid posset se scire 
habere fidem de articulo christiano Sed contra 
quilibet quilibet qui scit se habere fidem 
articuli scit ipsum articulium verum et cum 
habitus fidei aeque inmediate se ha
beat respectu cuiuslibet articentli Sequitur 
quod si quis potest scire unum articulm quod 
scieret quomlibet et per consequens posset quis scientiae 
omnia neccessaria ad veritatem nostrae sectae 
quod non videtur ¶ 2o circa eundem terminum nulla 
est veritas suprenaturalis igitur de scriptio 
falsa patet consequentia assumptum arguitur sic quia 
anima nostra potest naturaliter cognoscere prinium 
principium igitur et quodlibet contentum nullo 
sed omnis veritas in ipsa continetur vir
tualiter igitur sequitur quod omni veritatem anima 
naturaliter potest sicirere ¶ 2o anima nostra non 
non moluntatur inperteptione verorum 
diviniorum igitur talis perceptio non est sibi 
supernalis ¶ 3o homo est eiusdem </Unicode>
            </TextEquiv>
        </TextRegion>
        <TextRegion orientation="0.0" id="r2" custom="readingOrder {index:1;}">
            <Coords points="1617,439 1617,3372 2657,3372 2657,439"/>
            <TextLine id="r2l1" custom="readingOrder {index:0;}">
                <Coords points="1620,511 2616,484 2616,418 2240,399 2136,435 2070,405 1984,433 1881,409 1620,430"/>
                <Baseline points="1626,479 1675,480 1724,480 1773,480 1822,480 1872,480 1921,480 1970,480 2019,479 2068,479 2118,478 2167,477 2216,476 2265,476 2314,474 2364,474 2413,474 2462,474 2511,474 2560,474 2610,476"/>
                <TextEquiv>
                    <Unicode>speciei nunc sicut fuit in statum inno</Unicode>
                </TextEquiv>
            </TextLine>
            <TextLine id="r2l2" custom="readingOrder {index:1;}">
                <Coords points="1637,562 2350,547 2404,582 2600,544 2600,484 1636,511"/>
                <Baseline points="1643,549 1690,549 1738,549 1785,551 1833,551 1880,551 1928,551 1975,551 2023,551 2070,551 2118,551 2166,551 2213,549 2261,549 2308,548 2356,548 2403,546 2451,545 2498,543 2546,541 2594,539"/>
                <TextEquiv>
                    <Unicode>tcene sed tunc nulla veritas fuisset sibi </Unicode>
                </TextEquiv>
            </TextLine>
            <TextLine id="r2l3" custom="readingOrder {index:2;}">
                <Coords points="1627,661 1797,626 2094,618 2312,663 2366,620 2622,628 2621,557 2401,583 2310,548 2153,593 2030,552 1626,562"/>
                <Baseline points="1634,623 1683,623 1732,624 1781,624 1830,624 1879,624 1928,624 1977,624 2026,624 2075,624 2124,623 2173,623 2222,623 2271,621 2320,621 2369,620 2418,618 2467,618 2516,617 2565,615 2615,614"/>
                <TextEquiv>
                    <Unicode>supernatualis igitur nec nunc ¶ 3a circra eundem </Unicode>
                </TextEquiv>
            </TextLine>
            <TextLine id="r2l4" custom="readingOrder {index:3;}">
                <Coords points="1640,715 1852,702 1968,734 2018,698 2229,721 2378,684 2519,726 2655,700 2655,652 2502,622 2154,663 1973,624 1639,658"/>
                <Baseline points="1646,698 1696,698 1746,698 1796,698 1846,698 1896,697 1946,696 1997,695 2047,695 2097,693 2147,693 2197,692 2247,692 2297,690 2348,690 2398,690 2448,690 2498,690 2548,691 2598,692 2649,693"/>
                <TextEquiv>
                    <Unicode>terminum haec de scriptio non videtur descriptione </Unicode>
                </TextEquiv>
            </TextLine>
            <TextLine id="r2l5" custom="readingOrder {index:4;}">
                <Coords points="1631,788 2160,795 2252,766 2365,798 2625,759 2624,701 1630,728"/>
                <Baseline points="1637,768 1686,770 1735,770 1784,770 1833,770 1882,770 1931,770 1980,770 2029,768 2078,768 2128,767 2177,766 2226,765 2275,764 2324,762 2373,762 2422,761 2471,759 2520,758 2569,757 2619,756"/>
                <TextEquiv>
                    <Unicode>apostoli convenere ad haebris 11 ubi dicit</Unicode>
                </TextEquiv>
            </TextLine>
            <TextLine id="r2l6" custom="readingOrder {index:5;}">
                <Coords points="1640,889 1744,849 1934,883 2077,844 2244,880 2291,841 2484,887 2538,839 2641,856 2641,783 1640,787"/>
                <Baseline points="1647,846 1696,845 1745,843 1795,843 1844,842 1893,840 1943,840 1992,839 2041,839 2091,839 2140,839 2189,837 2239,837 2288,837 2337,837 2387,837 2436,837 2485,837 2535,837 2584,837 2634,837"/>
                <TextEquiv>
                    <Unicode>fides est substantia etc igitur ipsa non est bene</Unicode>
                </TextEquiv>
            </TextLine>
            <TextLine id="r2l7" custom="readingOrder {index:6;}">
                <Coords points="1630,937 2647,933 2654,870 2480,886 2374,853 2284,894 2058,849 1988,881 1629,882"/>
                <Baseline points="1637,929 1687,926 1738,923 1788,921 1839,920 1889,918 1940,917 1990,915 2041,915 2091,914 2142,914 2193,914 2243,914 2294,914 2344,914 2395,914 2445,912 2496,912 2546,912 2597,912 2648,911"/>
                <TextEquiv>
                    <Unicode>data assumptum argui quia omne </Unicode>
                </TextEquiv>
            </TextLine>
            <TextLine id="r2l8" custom="readingOrder {index:7;}">
                <Coords points="1635,1040 1723,1006 1877,1044 2061,992 2193,1021 2362,985 2496,1045 2638,997 2636,934 2482,947 2451,919 2372,951 2053,925 1859,966 1713,930 1633,963"/>
                <Baseline points="1641,1010 1690,1005 1740,1001 1789,997 1839,994 1888,992 1938,990 1987,989 2037,987 2086,987 2136,986 2185,986 2235,986 2284,986 2334,986 2383,984 2433,984 2482,984 2532,983 2581,983 2631,981"/>
                <TextEquiv>
                    <Unicode>congtive perceptvum est a pprius vel perceptivo </Unicode>
                </TextEquiv>
            </TextLine>
            <TextLine id="r2l9" custom="readingOrder {index:8;}">
                <Coords points="1632,1098 1708,1117 1917,1073 2001,1102 2068,1064 2310,1092 2463,1071 2545,1110 2623,1082 2622,1013 2371,996 1632,1044"/>
                <Baseline points="1638,1083 1686,1079 1735,1074 1784,1071 1833,1069 1882,1067 1931,1065 1980,1064 2029,1062 2078,1062 2127,1062 2175,1062 2224,1062 2273,1062 2322,1062 2371,1064 2420,1064 2469,1065 2518,1065 2567,1067 2616,1067"/>
                <TextEquiv>
                    <Unicode>appesuetium sed fides 2m aposteolum non est </Unicode>
                </TextEquiv>
            </TextLine>
            <TextLine id="r2l10" custom="readingOrder {index:9;}">
                <Coords points="1635,1189 1875,1145 1995,1179 2173,1135 2368,1178 2411,1142 2597,1163 2638,1147 2637,1092 2526,1110 2355,1066 2199,1101 2081,1075 1944,1110 1633,1097"/>
                <Baseline points="1641,1152 1690,1149 1740,1148 1789,1145 1839,1144 1888,1143 1938,1142 1987,1140 2037,1139 2086,1139 2136,1138 2185,1137 2235,1137 2284,1137 2334,1136 2383,1136 2433,1136 2482,1134 2532,1134 2581,1133 2631,1133"/>
                <TextEquiv>
                    <Unicode>appariuis ut appraesentium igitur etc proprium 6 rguimntum </Unicode>
                </TextEquiv>
            </TextLine>
            <TextLine id="r2l11" custom="readingOrder {index:10;}">
                <Coords points="1619,1237 1796,1271 1852,1232 1894,1260 1959,1221 2245,1211 2332,1251 2445,1213 2655,1221 2654,1155 2361,1178 2173,1135 2044,1182 1861,1153 1618,1204"/>
                <Baseline points="1625,1229 1676,1227 1727,1224 1778,1223 1829,1220 1880,1218 1931,1216 1983,1215 2034,1212 2085,1211 2136,1211 2187,1209 2238,1208 2289,1208 2341,1208 2392,1208 2443,1208 2494,1209 2545,1209 2596,1212 2648,1214"/>
                <TextEquiv>
                    <Unicode>adhaesio fidei includit formidinem </Unicode>
                </TextEquiv>
            </TextLine>
            <TextLine id="r2l12" custom="readingOrder {index:11;}">
                <Coords points="1622,1326 1788,1295 1845,1337 2331,1278 2611,1313 2610,1225 2452,1258 2334,1252 2290,1212 1998,1219 1796,1271 1621,1256"/>
                <Baseline points="1628,1302 1676,1300 1725,1298 1774,1296 1823,1294 1872,1292 1920,1290 1969,1288 2018,1286 2067,1286 2116,1284 2164,1283 2213,1283 2262,1283 2311,1283 2360,1283 2408,1283 2457,1284 2506,1286 2555,1287 2604,1290"/>
                <TextEquiv>
                    <Unicode>igitur non est summa certitudo quua nota </Unicode>
                </TextEquiv>
            </TextLine>
            <TextLine id="r2l13" custom="readingOrder {index:12;}">
                <Coords points="1637,1387 1765,1402 1865,1366 1906,1402 2166,1362 2543,1395 2643,1367 2643,1293 2459,1324 2405,1294 2091,1292 1840,1332 1754,1301 1637,1336"/>
                <Baseline points="1643,1365 1692,1364 1742,1363 1791,1362 1841,1361 1891,1361 1940,1359 1990,1359 2040,1358 2089,1358 2139,1358 2189,1358 2238,1358 2288,1358 2338,1359 2387,1359 2437,1361 2487,1361 2536,1362 2586,1364 2636,1365"/>
                <TextEquiv>
                    <Unicode>assumptum potest haberi ex dictis anichals </Unicode>
                </TextEquiv>
            </TextLine>
            <TextLine id="r2l14" custom="readingOrder {index:13;}">
                <Coords points="1626,1460 1720,1443 1807,1488 1881,1437 2345,1423 2610,1452 2610,1404 2356,1370 2174,1401 1906,1402 1864,1365 1775,1404 1626,1394"/>
                <Baseline points="1632,1434 1680,1434 1729,1434 1777,1434 1826,1434 1875,1434 1923,1434 1972,1433 2020,1433 2069,1433 2118,1433 2166,1433 2215,1433 2263,1433 2312,1433 2361,1433 2409,1433 2458,1433 2506,1433 2555,1433 2604,1433"/>
                <TextEquiv>
                    <Unicode>de massa quae recitantur tam in</Unicode>
                </TextEquiv>
            </TextLine>
            <TextLine id="r2l15" custom="readingOrder {index:14;}">
                <Coords points="1616,1548 2058,1508 2183,1552 2229,1513 2276,1538 2380,1497 2656,1520 2655,1455 2331,1437 1615,1470"/>
                <Baseline points="1622,1508 1673,1509 1724,1511 1776,1511 1827,1511 1878,1511 1930,1511 1981,1509 2032,1508 2084,1508 2135,1506 2186,1505 2238,1503 2289,1503 2340,1502 2392,1502 2443,1502 2494,1502 2546,1503 2597,1505 2649,1506"/>
                <TextEquiv>
                    <Unicode>prologis alphonsi quam thomae de argeni</Unicode>
                </TextEquiv>
            </TextLine>
            <TextLine id="r2l16" custom="readingOrder {index:15;}">
                <Coords points="1626,1606 1739,1581 1916,1617 1985,1576 2246,1579 2302,1624 2412,1592 2601,1605 2645,1594 2645,1533 2399,1509 2180,1552 1839,1516 1626,1549"/>
                <Baseline points="1632,1580 1682,1580 1732,1581 1783,1581 1833,1581 1883,1581 1934,1581 1984,1581 2034,1581 2085,1581 2135,1581 2185,1581 2236,1581 2286,1581 2336,1581 2387,1581 2437,1581 2487,1581 2538,1583 2588,1583 2639,1584"/>
                <TextEquiv>
                    <Unicode>/ 2o adhaesio fidei non est summa trti</Unicode>
                </TextEquiv>
            </TextLine>
            <TextLine id="r2l17" custom="readingOrder {index:16;}">
                <Coords points="1626,1668 2637,1689 2646,1603 1883,1623 1735,1580 1626,1606"/>
                <Baseline points="1632,1649 1682,1649 1732,1650 1783,1651 1833,1652 1883,1652 1934,1652 1984,1653 2034,1653 2085,1653 2135,1653 2185,1655 2236,1655 2286,1655 2336,1655 2387,1656 2437,1656 2487,1658 2538,1658 2588,1659 2639,1661"/>
                <TextEquiv>
                    <Unicode>tudo ut qua maior posset esse igitur </Unicode>
                </TextEquiv>
            </TextLine>
            <TextLine id="r2l18" custom="readingOrder {index:17;}">
                <Coords points="1618,1765 1725,1732 1851,1781 2003,1732 2048,1769 2107,1732 2276,1780 2621,1751 2622,1709 2510,1681 2161,1696 2120,1667 1916,1696 1870,1662 1620,1688"/>
                <Baseline points="1626,1724 1675,1724 1724,1725 1774,1725 1823,1725 1873,1727 1922,1727 1972,1727 2021,1728 2071,1730 2120,1730 2169,1731 2219,1733 2268,1733 2318,1734 2367,1736 2417,1737 2466,1739 2516,1740 2565,1742 2615,1743"/>
                <TextEquiv>
                    <Unicode>ista de scriptio falsa assumptum arguitur quia </Unicode>
                </TextEquiv>
            </TextLine>
            <TextLine id="r2l19" custom="readingOrder {index:18;}">
                <Coords points="1642,1831 1706,1803 1985,1852 2072,1804 2363,1858 2434,1813 2616,1825 2638,1759 2174,1776 2101,1731 2051,1769 1945,1747 1850,1780 1715,1735 1643,1768"/>
                <Baseline points="1649,1803 1698,1803 1747,1805 1796,1805 1845,1805 1894,1805 1943,1805 1992,1806 2041,1806 2090,1806 2139,1807 2188,1808 2237,1808 2286,1809 2335,1811 2384,1811 2433,1813 2482,1815 2531,1817 2580,1819 2630,1821"/>
                <TextEquiv>
                    <Unicode>principium magis est certum quam fides Cum </Unicode>
                </TextEquiv>
            </TextLine>
            <TextLine id="r2l20" custom="readingOrder {index:19;}">
                <Coords points="1625,1915 1716,1877 1902,1913 1973,1880 2195,1920 2312,1887 2376,1930 2448,1889 2565,1932 2607,1913 2608,1834 2436,1815 2365,1856 2199,1823 2148,1848 2076,1808 2005,1852 1729,1810 1626,1832"/>
                <Baseline points="1632,1877 1680,1878 1728,1878 1777,1878 1825,1880 1874,1880 1922,1880 1971,1881 2019,1881 2068,1881 2116,1881 2164,1883 2213,1883 2261,1883 2310,1884 2358,1884 2407,1886 2455,1886 2504,1887 2552,1887 2601,1889"/>
                <TextEquiv>
                    <Unicode>principio nullus contradicere posset et fidei quam </Unicode>
                </TextEquiv>
            </TextLine>
            <TextLine id="r2l21" custom="readingOrder {index:20;}">
                <Coords points="1628,1992 1716,1955 1913,1970 1972,2009 2018,1968 2060,1993 2112,1965 2197,2003 2265,1956 2386,2003 2541,1970 2644,2004 2658,1898 2544,1934 2376,1929 2305,1890 2174,1925 1981,1881 1914,1914 1709,1883 1629,1915"/>
                <Baseline points="1635,1947 1685,1949 1736,1951 1787,1952 1838,1953 1889,1955 1939,1955 1990,1956 2041,1956 2092,1956 2143,1958 2193,1958 2244,1958 2295,1958 2346,1959 2397,1959 2447,1961 2498,1961 2549,1962 2600,1964 2651,1965"/>
                <TextEquiv>
                    <Unicode>plurinim ¶ 3o sequitur quod idem se excedet </Unicode>
                </TextEquiv>
            </TextLine>
            <TextLine id="r2l22" custom="readingOrder {index:21;}">
                <Coords points="1631,2035 1879,2028 1926,2068 1959,2036 2170,2056 2240,2027 2320,2075 2490,2040 2575,2080 2627,2064 2627,1997 2386,2002 2265,1956 2197,2002 2038,1981 1972,2009 1843,1963 1632,1992"/>
                <Baseline points="1638,2025 1687,2027 1736,2028 1785,2030 1834,2030 1883,2030 1932,2030 1982,2030 2031,2030 2080,2030 2129,2030 2178,2030 2227,2030 2276,2030 2326,2031 2375,2031 2424,2033 2473,2036 2522,2037 2571,2041 2621,2045"/>
                <TextEquiv>
                    <Unicode>et excedetur quod est inpossibile patet consequentia quia </Unicode>
                </TextEquiv>
            </TextLine>
            <TextLine id="r2l23" custom="readingOrder {index:22;}">
                <Coords points="1627,2145 1706,2102 1842,2098 2048,2141 2147,2098 2364,2149 2635,2129 2635,2071 2492,2041 2413,2070 2015,2033 1924,2067 1877,2027 1628,2050"/>
                <Baseline points="1634,2099 1683,2099 1733,2099 1783,2099 1832,2099 1882,2099 1932,2099 1981,2099 2031,2100 2081,2100 2131,2100 2180,2102 2230,2102 2280,2103 2329,2103 2379,2105 2429,2106 2478,2106 2528,2108 2578,2109 2628,2111"/>
                <TextEquiv>
                    <Unicode>fides vel ad haesio fidei est summa </Unicode>
                </TextEquiv>
            </TextLine>
            <TextLine id="r2l24" custom="readingOrder {index:23;}">
                <Coords points="1616,2179 1928,2171 2144,2209 2184,2176 2432,2177 2583,2190 2627,2228 2663,2209 2664,2133 2280,2145 2162,2105 1936,2138 1824,2107 1616,2150"/>
                <Baseline points="1622,2174 1673,2174 1725,2174 1777,2174 1829,2174 1880,2174 1932,2174 1984,2174 2036,2174 2087,2174 2139,2174 2191,2174 2243,2174 2294,2175 2346,2175 2398,2177 2450,2178 2501,2180 2553,2183 2605,2184 2657,2187"/>
                <TextEquiv>
                    <Unicode>certituda et remissa cognitio igitur as</Unicode>
                </TextEquiv>
            </TextLine>
            <TextLine id="r2l25" custom="readingOrder {index:24;}">
                <Coords points="1629,2285 1804,2252 2024,2284 2141,2245 2227,2288 2355,2260 2429,2293 2472,2265 2652,2279 2652,2220 2575,2188 2372,2208 2258,2181 2005,2221 1931,2184 1630,2185"/>
                <Baseline points="1635,2244 1685,2246 1736,2247 1786,2249 1837,2250 1887,2250 1938,2250 1988,2250 2039,2249 2089,2249 2140,2249 2191,2249 2241,2249 2292,2249 2342,2249 2393,2250 2443,2252 2494,2253 2544,2257 2595,2261 2646,2265"/>
                <TextEquiv>
                    <Unicode>sumptum verum et consequens descriptio falsa ¶ ponta </Unicode>
                </TextEquiv>
            </TextLine>
            <TextLine id="r2l26" custom="readingOrder {index:25;}">
                <Coords points="1634,2370 1731,2324 1878,2355 1938,2318 2022,2349 2175,2318 2250,2350 2294,2317 2425,2354 2616,2346 2617,2283 2428,2293 2357,2260 2295,2289 2098,2253 2027,2283 1978,2257 1636,2279"/>
                <Baseline points="1641,2315 1689,2315 1737,2316 1786,2316 1834,2316 1883,2316 1931,2316 1980,2315 2028,2315 2077,2315 2125,2315 2173,2315 2222,2315 2270,2316 2319,2316 2367,2319 2416,2321 2464,2323 2513,2326 2561,2331 2610,2336"/>
                <TextEquiv>
                    <Unicode>primam partem primae conclusionis lex nostrae</Unicode>
                </TextEquiv>
            </TextLine>
            <TextLine id="r2l27" custom="readingOrder {index:26;}">
                <Coords points="1628,2431 1702,2396 2130,2385 2586,2410 2624,2399 2624,2347 2483,2330 2423,2358 2293,2319 2251,2351 2217,2324 2023,2349 1938,2318 1862,2359 1734,2324 1682,2364 1628,2353"/>
                <Baseline points="1634,2391 1683,2391 1732,2391 1781,2391 1830,2391 1880,2390 1929,2390 1978,2390 2027,2388 2076,2388 2126,2388 2175,2388 2224,2388 2273,2388 2322,2388 2372,2388 2421,2390 2470,2392 2519,2394 2568,2396 2618,2399"/>
                <TextEquiv>
                    <Unicode>secte multis non est datae igitur multo</Unicode>
                </TextEquiv>
            </TextLine>
            <TextLine id="r2l28" custom="readingOrder {index:27;}">
                <Coords points="1627,2480 1908,2460 2075,2485 2306,2451 2397,2498 2610,2507 2610,2428 2431,2433 2287,2391 2198,2432 2072,2393 1627,2432"/>
                <Baseline points="1634,2462 1682,2462 1730,2462 1779,2462 1827,2462 1876,2462 1924,2462 1973,2460 2021,2460 2070,2460 2118,2460 2166,2460 2215,2460 2263,2460 2312,2460 2360,2460 2409,2460 2457,2462 2506,2462 2554,2463 2603,2465"/>
                <TextEquiv>
                    <Unicode>ruon non est obligatoria tenet quuta per</Unicode>
                </TextEquiv>
            </TextLine>
            <TextLine id="r2l29" custom="readingOrder {index:28;}">
                <Coords points="1618,2547 1743,2565 2121,2522 2579,2544 2579,2502 2348,2475 2213,2503 2127,2468 1963,2495 1907,2460 1770,2497 1619,2487"/>
                <Baseline points="1625,2537 1672,2535 1719,2534 1767,2533 1814,2532 1862,2531 1909,2531 1956,2531 2004,2529 2051,2529 2099,2529 2146,2529 2193,2529 2241,2530 2288,2531 2336,2531 2383,2532 2430,2534 2478,2535 2525,2537 2573,2538"/>
                <TextEquiv>
                    <Unicode>dictum Salvatoris 10 15 si non </Unicode>
                </TextEquiv>
            </TextLine>
            <TextLine id="r2l30" custom="readingOrder {index:29;}">
                <Coords points="1631,2623 1778,2646 1825,2610 1894,2638 2255,2603 2432,2654 2547,2610 2644,2619 2643,2561 2553,2536 2033,2578 1955,2538 1879,2574 1836,2545 1728,2574 1630,2548"/>
                <Baseline points="1637,2603 1687,2604 1737,2606 1787,2606 1837,2607 1887,2607 1937,2607 1987,2606 2037,2606 2087,2604 2137,2604 2187,2603 2237,2601 2287,2600 2337,2599 2387,2598 2437,2597 2487,2597 2537,2596 2587,2595 2637,2597"/>
                <TextEquiv>
                    <Unicode>venissem locutus eis non fuissem </Unicode>
                </TextEquiv>
            </TextLine>
            <TextLine id="r2l31" custom="readingOrder {index:30;}">
                <Coords points="1635,2730 1703,2691 1777,2724 1924,2680 1974,2721 2179,2678 2404,2678 2463,2710 2640,2685 2639,2623 2546,2610 2431,2655 2305,2612 2176,2647 1993,2617 1633,2645"/>
                <Baseline points="1641,2687 1690,2687 1740,2685 1789,2685 1839,2684 1889,2684 1938,2682 1988,2681 2038,2679 2087,2679 2137,2678 2187,2676 2236,2675 2286,2675 2336,2673 2385,2673 2435,2673 2485,2672 2534,2672 2584,2672 2634,2673"/>
                <TextEquiv>
                    <Unicode>peccatum non haberent antecedens arguitur per illud </Unicode>
                </TextEquiv>
            </TextLine>
            <TextLine id="r2l32" custom="readingOrder {index:31;}">
                <Coords points="1630,2787 2009,2755 2058,2787 2113,2752 2208,2781 2351,2741 2399,2774 2509,2750 2576,2793 2648,2775 2618,2683 2459,2710 2179,2678 1977,2720 1933,2687 1630,2726"/>
                <Baseline points="1637,2760 1687,2760 1737,2759 1787,2758 1838,2757 1888,2756 1938,2753 1988,2751 2039,2750 2089,2748 2139,2747 2189,2745 2240,2744 2290,2744 2340,2744 2390,2744 2441,2745 2491,2747 2541,2748 2591,2753 2642,2756"/>
                <TextEquiv>
                    <Unicode>mathanus 24 ubi christus describit signa sum </Unicode>
                </TextEquiv>
            </TextLine>
            <TextLine id="r2l33" custom="readingOrder {index:32;}">
                <Coords points="1627,2850 2063,2827 2156,2863 2413,2818 2458,2850 2600,2841 2655,2819 2654,2770 2563,2793 2361,2744 2281,2783 2233,2758 2048,2791 2009,2761 1792,2798 1714,2766 1626,2803"/>
                <Baseline points="1634,2837 1684,2835 1735,2832 1786,2831 1837,2829 1887,2826 1938,2826 1989,2825 2040,2823 2090,2822 2141,2822 2192,2820 2243,2819 2293,2819 2344,2817 2395,2817 2446,2816 2496,2814 2547,2813 2598,2811 2649,2810"/>
                <TextEquiv>
                    <Unicode>ad ventus dicit praedicabtur hoc exsum </Unicode>
                </TextEquiv>
            </TextLine>
            <TextLine id="r2l34" custom="readingOrder {index:33;}">
                <Coords points="1621,2919 2285,2891 2429,2931 2644,2892 2643,2844 2577,2831 2324,2863 2263,2824 2156,2863 2062,2827 1835,2870 1620,2864"/>
                <Baseline points="1628,2906 1678,2904 1728,2901 1779,2900 1829,2898 1880,2897 1930,2897 1981,2895 2031,2895 2082,2894 2132,2892 2182,2892 2233,2891 2283,2890 2334,2889 2384,2888 2435,2886 2485,2885 2536,2882 2586,2879 2637,2876"/>
                <TextEquiv>
                    <Unicode>regi in universo orbae intestioium </Unicode>
                </TextEquiv>
            </TextLine>
            <TextLine id="r2l35" custom="readingOrder {index:34;}">
                <Coords points="1623,2999 2623,2970 2648,2919 2112,2899 2071,2936 1780,2900 1622,2955"/>
                <Baseline points="1629,2978 1679,2976 1730,2976 1780,2975 1831,2974 1882,2972 1932,2972 1983,2970 2034,2969 2084,2967 2135,2965 2186,2964 2236,2963 2287,2961 2338,2960 2388,2958 2439,2957 2490,2957 2540,2955 2591,2954 2642,2954"/>
                <TextEquiv>
                    <Unicode>omnibus gentibus et tunc erit con</Unicode>
                </TextEquiv>
            </TextLine>
            <TextLine id="r2l36" custom="readingOrder {index:35;}">
                <Coords points="1633,3091 1743,3056 1883,3052 1926,3081 1998,3046 2147,3080 2237,3039 2521,3070 2608,3041 2606,2980 2274,2961 2154,3003 2025,2975 1876,3015 1630,3000"/>
                <Baseline points="1638,3057 1686,3056 1734,3054 1782,3051 1830,3050 1878,3048 1926,3045 1975,3044 2023,3042 2071,3041 2119,3039 2167,3036 2215,3035 2263,3033 2312,3032 2360,3030 2408,3030 2456,3029 2504,3027 2552,3027 2601,3027"/>
                <TextEquiv>
                    <Unicode>summatio seculi sed certum est quod consu</Unicode>
                </TextEquiv>
            </TextLine>
            <TextLine id="r2l37" custom="readingOrder {index:36;}">
                <Coords points="1637,3139 1806,3128 1859,3159 1907,3123 2067,3112 2586,3120 2628,3116 2627,3057 2433,3076 2183,3042 2144,3080 2018,3046 1950,3086 1839,3059 1635,3090"/>
                <Baseline points="1643,3126 1694,3124 1746,3123 1797,3120 1849,3118 1900,3116 1952,3114 2003,3112 2055,3110 2106,3108 2158,3107 2209,3105 2261,3104 2312,3102 2364,3101 2415,3101 2467,3101 2518,3101 2570,3102 2622,3104"/>
                <TextEquiv>
                    <Unicode>matio seculi non dum venit igitur nec </Unicode>
                </TextEquiv>
            </TextLine>
            <TextLine id="r2l38" custom="readingOrder {index:37;}">
                <Coords points="1626,3202 2410,3172 2446,3203 2644,3210 2642,3127 2611,3111 2463,3139 2345,3105 2120,3151 2068,3112 1963,3164 1905,3137 1625,3161"/>
                <Baseline points="1632,3198 1682,3197 1732,3195 1782,3194 1833,3192 1883,3191 1933,3188 1983,3186 2034,3185 2084,3182 2134,3180 2184,3178 2235,3177 2285,3176 2335,3174 2385,3174 2436,3174 2486,3174 2536,3176 2586,3177 2637,3180"/>
                <TextEquiv>
                    <Unicode>evanglium toti orbi et omnibus gentibus </Unicode>
                </TextEquiv>
            </TextLine>
            <TextLine id="r2l39" custom="readingOrder {index:38;}">
                <Coords points="1611,3284 1852,3271 1939,3306 2179,3252 2267,3294 2617,3252 2616,3219 2409,3172 2160,3222 1609,3217"/>
                <Baseline points="1617,3272 1666,3272 1716,3272 1765,3270 1815,3269 1865,3267 1914,3266 1964,3264 2014,3261 2063,3260 2113,3257 2163,3255 2212,3253 2262,3251 2312,3249 2361,3248 2411,3247 2461,3246 2510,3246 2560,3246 2610,3248"/>
                <TextEquiv>
                    <Unicode>praedicatum fuit quod eat praedicandum </Unicode>
                </TextEquiv>
            </TextLine>
            <TextLine id="r2l40" custom="readingOrder {index:39;}">
                <Coords points="1626,3395 1752,3402 1932,3352 1992,3379 2364,3334 2513,3371 2633,3352 2631,3286 2477,3252 2271,3293 1623,3284"/>
                <Baseline points="1631,3353 1680,3350 1730,3347 1780,3344 1829,3341 1879,3338 1929,3336 1978,3335 2028,3333 2078,3331 2128,3329 2177,3329 2227,3327 2277,3326 2326,3326 2376,3324 2426,3324 2475,3323 2525,3323 2575,3323 2625,3321"/>
                <TextEquiv>
                    <Unicode>¶ 2o sic si conclusio per ista parte sit vera sequitur </Unicode>
                </TextEquiv>
            </TextLine>
            <TextEquiv>
                <Unicode>speciei nunc sicut fuit in statum inno
tcene sed tunc nulla veritas fuisset sibi 
supernatualis igitur nec nunc ¶ 3a circra eundem 
terminum haec de scriptio non videtur descriptione 
apostoli convenere ad haebris 11 ubi dicit
fides est substantia etc igitur ipsa non est bene
data assumptum argui quia omne 
congtive perceptvum est a pprius vel perceptivo 
appesuetium sed fides 2m aposteolum non est 
appariuis ut appraesentium igitur etc proprium 6 rguimntum 
adhaesio fidei includit formidinem 
igitur non est summa certitudo quua nota 
assumptum potest haberi ex dictis anichals 
de massa quae recitantur tam in
prologis alphonsi quam thomae de argeni
/ 2o adhaesio fidei non est summa trti
tudo ut qua maior posset esse igitur 
ista de scriptio falsa assumptum arguitur quia 
principium magis est certum quam fides Cum 
principio nullus contradicere posset et fidei quam 
plurinim ¶ 3o sequitur quod idem se excedet 
et excedetur quod est inpossibile patet consequentia quia 
fides vel ad haesio fidei est summa 
certituda et remissa cognitio igitur as
sumptum verum et consequens descriptio falsa ¶ ponta 
primam partem primae conclusionis lex nostrae
secte multis non est datae igitur multo
ruon non est obligatoria tenet quuta per
dictum Salvatoris 10 15 si non 
venissem locutus eis non fuissem 
peccatum non haberent antecedens arguitur per illud 
mathanus 24 ubi christus describit signa sum 
ad ventus dicit praedicabtur hoc exsum 
regi in universo orbae intestioium 
omnibus gentibus et tunc erit con
summatio seculi sed certum est quod consu
matio seculi non dum venit igitur nec 
evanglium toti orbi et omnibus gentibus 
praedicatum fuit quod eat praedicandum 
¶ 2o sic si conclusio per ista parte sit vera sequitur </Unicode>
            </TextEquiv>
        </TextRegion>
    </Page>
</PcGts>
