2964 4161
350 390 1336 536 fide poneretur effectus scilicet actus asserstes secudum
344 486 1339 607 hoc non fit igitur corollarium falsum ¶ Contra 4am
377 564 1323 681 conclusionem potest argui ex rationibus fran
357 635 1323 744 cisci de aarchia quas recitat
357 707 1362 829 gregorius quaestione 1 prologis articulio 4 Et obfensus
358 779 1306 898 quaestione 2 prologis articulio 3a primo sic scientia
369 866 1302 986 nostrae sectae est per se non in exper se
359 936 1332 1052 notis deducta igitur fides per eius ap
361 1016 1308 1115 prehopuhioem non est neccessari consequentia mvidetur tene
366 1073 1347 1196 assumptum arguo per eum primo quia
365 1140 1323 1242 nullus tenetur indubitant crde a
371 1225 1335 1332 liqued quod non est sibi per se notum vel
370 1296 1332 1402 ex per se notis deductum sed quilibet te
356 1372 1287 1488 indubitanter credere veritatem sectae
354 1448 1287 1568 christanae igitur est per se nota vel exper se
354 1531 1323 1646 notis deducta ¶ 2o sic quam in dubi
365 1620 1324 1713 tanter constat per se falsum esse falsum tam
362 1666 1328 1798 indubitanter constat per se verum esse
357 1754 1339 1867 verum sed per se notium falsum sicut deus
353 1825 1342 1944 non est Constat per se cuilibus simpliciter
342 1897 1329 2012 vel constare potest igitur et per se verum sed tales
349 1974 1326 2092 sunt veritates nostrae sectae ¶ 3o non
353 2051 1315 2161 processus infinitus in veritatibus
345 2123 1325 2231 nostrae sectae igitur erit deveaire ad ali
347 2198 1332 2303 quid principium creditum vel plura principaliter re
346 2267 1335 2376 dita sed illo vel illis Cur tali vel
341 2341 1315 2457 talibus credatur vel propter ad creditum
346 2420 1339 2533 et hoc non vel propter aliud per se notitum habetur
344 2501 1318 2615 propositionem vel propter se ipsum vel se ipsa et
367 2572 1320 2695 tunc iterum erit ipsum per se notum vel
356 2641 1326 2761 ipsa erunt per se non quod similiter est contra
358 2715 1322 2817 conclusionem huius argument iaam tractatur per alterissius
350 2785 1306 2904 libro 3o intractatu de fide ¶ Contra
392 2871 1317 2950 prmum corollarium videtur esse textus evanglium
356 2932 1375 3025 magister et inter capitlis ultrm et dictum achaium
350 3005 1328 3113 in simblo ¶ Contra 2m talis in fans
338 3074 1338 3182 vel talis de quibus loquitur corollarium venire
343 3148 1311 3258 us ad ancedoents discretionis vel usu
332 3220 1312 3333 rationis iudetur licite psentum primo
351 3293 1323 3419 actu suo credere suam sectam esse
1503 383 2490 519 veram posactum quam si immediate morietur
1517 472 2467 584 non dampnatur igitur corollarium falsum consequentia est
1518 540 2485 649 evidens assumptum arguitur quia omnium ig
1520 609 2513 721 noratiam quam habuit ante deiia secta habet
1520 678 2495 783 mo mo actu eit si prima excusat et 2a
1513 743 2513 856 ¶ Contra 3m corollarium capunt debet regere
1517 806 2499 927 mebitur sed rationa Ecclesiase est caput
1524 889 2449 987 omnium igitur quiliet tenetur credere sicut
1519 957 2516 1060 ipsa credit maior est nota et minor habetur
1525 1023 2484 1129 iohannes 22 ubi christus ad petum dixt
1522 1092 2480 1199 tum vocaberis cephas quod idem est
1516 1163 2486 1268 quod caput igitur etc ¶ Contra 5am conclusionem
1507 1223 2466 1339 si prima pars esset substantia sequitur quod si
1505 1286 2496 1403 genera speitiva et miratia sseribilia per
1521 1360 2494 1478 se et in mediante nostram sectam evideiter
1517 1427 2515 1546 sufficerent sufficienter probailem genera
1519 1500 2505 1618 re Contra quod arguit brinkil quaestione 1
1517 1576 2489 1697 articulio 2o conclusione pima sic qualitertum
1517 1650 2503 1763 potentia sensitiva iudicat de re sensa
1517 1728 2464 1814 ta mediante seriatione aliqua taliter
1512 1790 2440 1905 stat quod in dicet mediante qualibet sed me
1499 1871 2494 1989 aliqua sensatione potentia sensativa
1503 1946 2472 2056 iudicat de re aliter quam res est et
1501 2022 2502 2128 erronee igitur stat quod potentia sensitiva
1498 2092 2466 2209 mediante qualibet seratione erronee
1501 2173 2492 2258 iudici de re ex quo faciliter dedu
1504 2242 2487 2363 citur falsas primum consequenter plures rationes fa
1506 2310 2493 2427 cit ibidem Sed quia omnis fundantu
1501 2386 2503 2500 in eodem fundato scilicet quod potentia spetiva
1513 2453 2485 2572 est errabilis in suis iudiciis circa
1496 2525 2511 2649 nostrae fidei obiectum quare videtur quod ipsa
1496 2612 2473 2728 per se et inmediante talem sectam probare
1498 2684 2480 2794 non posset ideo alias dimitto quani
1479 2756 2481 2867 per responsionem ad istam faciliter ad a
1492 2837 2488 2946 lias potest responderi ¶ 2o contra 2am partem
1507 2918 2493 3014 arguo per augustinum ut aisioesis libro 3o circ
1493 2981 2505 3094 tatu de fide quaestione 4 quia quaedam
1492 3056 2498 3170 sunt quae non creduntur nisi prius
1496 3125 2507 3216 intelligantur igitur midetur quod solum ex dictis
1480 3204 2509 3324 talia haberi non possuit ¶ Contra 3am
1489 3291 2530 3409 partem arguitur ex fundato alb iulisar
