2964 4193
521 397 1483 546 et aliorum astronomorum ut recitat
526 500 1474 623 brinkil quaestione 1 capitulo 3o Sectegeneantur
513 576 1467 690 2m communictionem superiorum et plurarum igitur nec
513 644 1473 767 per signa nec per dicta nec plumma in
526 701 1491 831 missa consequentia nota assumptum deducitur
512 781 1434 905 ab albumase ubi supra ¶ Contra
535 852 1479 976 primum corollarium non plus mitendum scrip
530 935 1465 1040 turae quam christi Sed plus est invitendum
514 1006 1488 1114 dictam rationis quodm verbo chriti igitur corollarium falsum
506 1083 1476 1188 maior est certa Cum scripturae inmtamenu
512 1153 1468 1262 propter verba christio sed minor patet de petro qui
527 1218 1450 1321 licite discredidit verbo chrisi dientis
511 1293 1475 1413 sibi ter me negabis ¶ Contra 2m
505 1371 1471 1477 corollarium est informa dominus Egidius quinto
517 1448 1503 1549 quolibet quaestione 6 Et potest argui sic quia
520 1506 1451 1629 nulus in via potest necessitari ad dili
520 1570 1460 1701 gendum divim sed in dominus deum clare
521 1650 1473 1766 neccessaiatur ad diligendum ipsum secundum quod
499 1730 1468 1841 ipse probat ibidem tripliciter igitur nlus potest in
520 1794 1479 1896 via clare deum videre minor patet probatur
512 1867 1463 1979 per eum ut est dictum et maior potest probar
521 1933 1462 2052 ex dictis venerabilis anselmui Inde libro articuli
515 2007 1476 2117 ubi dicit quod ligari percuti potest homo
522 2075 1471 2176 in vitus velle non potest in vitus igitur
517 2138 1476 2260 corollarium falsum et tractatur haec matera quaestione 3 prolo
520 2209 1465 2321 igitur thomae argumenta principalia ideo in
527 2278 1476 2415 spirituali non arguo contra ipsum et hoc suf
511 2350 1454 2438 ficiant de toto articulio quiato ¶ 5 2 vil
511 2421 1473 2527 terimo restat respondere ad obiecta quae
524 2495 1456 2607 eo ordine quo facta sunt solverentur
519 2550 1456 2678 ¶ ad primum contra notificationem primi trmini
507 2626 1437 2745 dico primo quod distinctio data est
515 2682 1467 2827 secundum conclusionem modum loquendi multorum
505 2767 1441 2888 nec nolebam plus dicere eni quod tot
504 2830 1467 2959 modis contingit hoc nomen veritas
506 2920 1483 3022 in dictis doctorum uti sine vere sive
513 2969 1464 3102 sale sicut patet ex modo loquendi ibidem
525 3062 1467 3180 ¶ 2o quod et si signibile complexe est ipsa
522 3109 1468 3252 res incomplexa et econverso tamen aliter et
513 3174 1484 3307 aliter connotur Cum signficatur complex
516 3248 1469 3384 quam quando significatur praecise incomple
509 3315 1451 3461 xe et hoc sufficit pro distinctione
1651 390 2637 507 ¶ 4o dico quod pro eodem summo verum et vi
1624 476 2620 591 tas veificabilis de pluribus quae non
1637 538 2647 661 sunt enitia incomplexm signitaivi ideo po
1655 624 2667 702 itum fuit 2m mebrum distinctionis
1650 679 2628 787 ¶ ad 2m cum arguitur quod si propositio vera sit in
1633 756 2671 852 tsis etc Summendo terminos concretive con
1633 822 2624 923 cedo consequens quia sic non valet plus
1633 903 2622 1025 quod propositio quod vera potest esse propositio falsa quod est
1630 972 2648 1064 verum ad 4m ibidem cum arguitur quod omne quod
1645 1033 2666 1132 est vel omnis res etc dico quod antecedens potest
1630 1098 2665 1199 dupliciter summi uno modo quod sit incomplexe
1651 1161 2637 1273 significatiae per aliquem terminum non transcendem
1628 1233 2644 1336 tem Sed de trinitate signitate substantiam a
1627 1308 2632 1408 liquam vel nturam Et sic concedo consequentiam
1629 1363 2677 1486 et negmoio antecedens alimodo potest summm assu
1640 1423 2680 1560 ptum quod sit signiicibale incomplexe partivum
1637 1512 2616 1616 tantum unuim licet transcendentem sic
1636 1576 2607 1693 concedo antecedens et nature consequentiam ¶ ad
1641 1649 2685 1765 rationes contra 2m terminum et primo Ad primam
1633 1721 2643 1831 rationem pro qua distinctione non
1634 1793 2668 1910 huius nonis Etia quod potest tripliciter
1645 1859 2619 1977 summ uno modo prosidelium unusali
1631 1930 2647 2036 et generali co gregatione sic sintur
1632 1999 2640 2114 de confecratione distinctione prima ecclesia
1620 2074 2661 2187 Alio modo promistitio corollariae christio et sic sint
1615 2140 2662 2259 pro christi capitis et suorum membrorum
1630 2219 2685 2317 ad mnidem compagine et vnione
1633 2294 2647 2404 Et sic sumitur prima quaestione 1 ecclesiae 4oodica
1643 2365 2641 2488 pitur pro prelatorum thearchita cum
1636 2434 2592 2556 ra et pastorum ecclesiae platione
1625 2511 2647 2619 sic dixit hrit petro ta 18 si te
1642 2585 2638 2678 non audierit dicit ecclesiae Ex hac
1642 2668 2640 2773 distinctione patet quod non obstante
1636 2721 2623 2838 quod christus est menibrum ecclesiae 2o modo est
1638 2785 2652 2914 tum pastor principalis primo vel 3o modis
1648 2869 2645 2967 ecclesiam summmendo Qualiter autem
1626 2928 2623 3046 christus sit caput ecclesiae tractatis al
1621 3017 2627 3134 tissed diffusiove libro 3o capitulo 49 plurubus
1638 3074 2586 3195 conclusionibus ¶ prosolutione eiusdem
1644 3134 2625 3265 rationis potest nori distinctio Ecclesiae
1639 3200 2628 3342 quam ponit aarsilius de per adva
1642 3270 2644 3414 parte 2ae et ubi dicit quod ecclesia ex usu
