<?xml version="1.0" encoding="UTF-8" standalone="yes"?>
<PcGts xmlns="http://schema.primaresearch.org/PAGE/gts/pagecontent/2013-07-15" xmlns:xsi="http://www.w3.org/2001/XMLSchema-instance" xsi:schemaLocation="http://schema.primaresearch.org/PAGE/gts/pagecontent/2013-07-15 http://schema.primaresearch.org/PAGE/gts/pagecontent/2013-07-15/pagecontent.xsd">
    <Metadata>
        <Creator>prov=University of Rostock/Institute of Mathematics/CITlab|PLANET AI GmbH/Gundram Leifert/gundram.leifert@planet-ai.de:name=clm26711-m6(htr_id=25168)::::v=2.6.6
prov=University of Rostock/Institute of Mathematics/CITlab|PLANET AI GmbH/Tobias Gruening/tobias.gruening@planet-ai.de:name=de.uros.citlab.module.baseline2polygon.B2PSeamMultiOriented:v=2.6.6
prov=University of Rostock/Institute of Mathematics/CITlab|PLANET AI GmbH/Tobias Gruening/tobias.gruening@planet-ai.de:name=/net_tf/LA73_249_0mod360.pb:de.uros.citlab.segmentation.CITlab_LA_ML:v=2.6.6
Transkribus</Creator>
        <Created>2020-02-15T09:48:18.114-05:00</Created>
        <LastChange>2020-07-06T17:57:57.953+02:00</LastChange>
        <TranskribusMetadata docId="324541" pageId="12773130" pageNr="45" tsid="33591884" status="IN_PROGRESS" userId="25065" imgUrl="https://files.transkribus.eu/Get?id=CGPOWQSZLLCWEOIYTFHDWMUE&amp;fileType=view" xmlUrl="https://files.transkribus.eu/Get?id=TOSKEYFZGRIGMPMDOEQMYHCM" imageId="9020382"/>
    </Metadata>
    <Page imageFilename="24r.jpg" imageWidth="2964" imageHeight="4161">
        <ReadingOrder>
            <OrderedGroup id="ro_1594074121705" caption="Regions reading order">
                <RegionRefIndexed index="0" regionRef="r1"/>
                <RegionRefIndexed index="1" regionRef="TextRegion_1581816175549_359"/>
            </OrderedGroup>
        </ReadingOrder>
        <TextRegion orientation="0.0" id="r1" custom="readingOrder {index:0;}">
            <Coords points="323,451 323,3354 1350,3354 1350,451"/>
            <TextLine id="r1l1" custom="readingOrder {index:0;}">
                <Coords points="372,497 595,523 691,494 773,536 822,507 867,531 1334,519 1336,439 1268,422 856,455 736,416 640,444 475,407 374,432"/>
                <Baseline points="378,485 425,485 473,486 520,486 568,488 615,489 663,492 710,494 758,496 805,498 853,500 901,502 948,503 996,504 1043,506 1091,506 1138,506 1186,506 1233,504 1281,503 1329,500"/>
                <TextEquiv>
                    <Unicode>eaneium et glossam augustini concludens in</Unicode>
                </TextEquiv>
            </TextLine>
            <TextLine id="r1l2" custom="readingOrder {index:1;}">
                <Coords points="360,603 465,563 571,597 711,554 907,588 1329,580 1309,509 1163,535 1009,513 974,539 933,513 772,533 363,498"/>
                <Baseline points="368,558 415,558 463,558 511,560 559,561 606,563 654,564 702,566 750,567 797,568 845,570 893,572 941,573 988,575 1036,575 1084,576 1132,576 1179,576 1227,576 1275,576 1323,576"/>
                <TextEquiv>
                    <Unicode>fine quod omnio omnia ibi dicta ad litteram </Unicode>
                </TextEquiv>
            </TextLine>
            <TextLine id="r1l3" custom="readingOrder {index:2;}">
                <Coords points="365,643 1306,664 1347,650 1348,594 1193,580 1090,612 939,579 872,605 735,568 655,603 464,564 366,603"/>
                <Baseline points="372,630 420,629 468,629 517,629 565,630 614,630 662,632 711,632 759,633 808,635 856,636 904,638 953,638 1001,639 1050,641 1098,642 1147,642 1195,644 1244,645 1292,645 1341,645"/>
                <TextEquiv>
                    <Unicode>debemus intelligere de 2o et vueltimo ad </Unicode>
                </TextEquiv>
            </TextLine>
            <TextLine id="r1l4" custom="readingOrder {index:3;}">
                <Coords points="389,705 769,700 1165,742 1326,722 1327,682 1186,650 1072,677 962,646 906,669 656,638 390,655"/>
                <Baseline points="396,696 442,696 488,696 534,696 580,698 627,698 673,698 719,699 765,701 811,701 858,702 904,704 950,704 996,705 1042,707 1089,708 1135,710 1181,711 1227,713 1273,714 1320,716"/>
                <TextEquiv>
                    <Unicode>ventu christi ne derisioni ex pona </Unicode>
                </TextEquiv>
            </TextLine>
            <TextLine id="r1l5" custom="readingOrder {index:4;}">
                <Coords points="376,793 532,803 621,763 1311,798 1312,740 1278,735 713,703 622,726 588,695 378,715"/>
                <Baseline points="383,768 429,767 475,765 521,765 567,764 613,764 659,764 705,764 751,765 797,767 844,768 890,770 936,771 982,773 1028,776 1074,777 1120,780 1166,782 1212,784 1258,786 1305,788"/>
                <TextEquiv>
                    <Unicode>¶ 3o potest responderi ad consequens istius </Unicode>
                </TextEquiv>
            </TextLine>
            <TextLine id="r1l6" custom="readingOrder {index:5;}">
                <Coords points="364,840 632,841 774,878 889,844 951,882 1033,849 1115,887 1165,854 1308,889 1340,880 1342,803 365,792"/>
                <Baseline points="371,839 419,839 467,837 515,837 563,837 611,837 659,837 708,837 756,839 804,840 852,841 900,842 948,843 996,845 1045,847 1093,849 1141,851 1189,853 1237,855 1285,857 1334,860"/>
                <TextEquiv>
                    <Unicode>rationis in via oppinionem hic hunitam </Unicode>
                </TextEquiv>
            </TextLine>
            <TextLine id="r1l7" custom="readingOrder {index:6;}">
                <Coords points="377,908 536,929 647,904 733,944 1040,917 1137,957 1196,926 1344,931 1345,900 1182,859 1114,887 951,881 888,844 775,879 567,837 379,848"/>
                <Baseline points="384,899 431,899 479,899 527,899 574,900 622,900 670,902 717,903 765,905 813,906 861,908 908,909 956,911 1004,914 1051,915 1099,918 1147,921 1194,923 1242,924 1290,926 1338,929"/>
                <TextEquiv>
                    <Unicode>libro 8 summe suae de quaestionibus hereme </Unicode>
                </TextEquiv>
            </TextLine>
            <TextLine id="r1l8" custom="readingOrder {index:7;}">
                <Coords points="375,984 489,1017 596,978 871,977 1086,991 1119,1021 1298,992 1352,1016 1352,955 1203,927 1099,958 1039,917 735,947 376,925"/>
                <Baseline points="381,968 429,969 477,970 525,971 574,972 622,974 670,975 718,976 767,977 815,978 863,980 911,981 960,981 1008,983 1056,984 1104,984 1153,986 1201,986 1249,987 1297,987 1346,987"/>
                <TextEquiv>
                    <Unicode>norum 36 e2t 37 capituls dicundo quod legem </Unicode>
                </TextEquiv>
            </TextLine>
            <TextLine id="r1l9" custom="readingOrder {index:8;}">
                <Coords points="354,1054 540,1086 597,1053 712,1081 951,1062 1162,1104 1260,1067 1337,1097 1323,992 1283,1026 923,985 355,1006"/>
                <Baseline points="360,1049 408,1050 457,1050 505,1050 554,1050 602,1050 651,1050 699,1050 748,1050 796,1050 845,1050 894,1050 942,1050 991,1052 1039,1052 1088,1053 1136,1055 1185,1056 1233,1059 1282,1061 1331,1065"/>
                <TextEquiv>
                    <Unicode>non esse obligatoriam hiis quibus </Unicode>
                </TextEquiv>
            </TextLine>
            <TextLine id="r1l10" custom="readingOrder {index:9;}">
                <Coords points="363,1134 778,1125 866,1162 906,1131 1346,1140 1346,1098 1311,1087 996,1097 804,1059 732,1087 593,1060 363,1089"/>
                <Baseline points="369,1121 417,1122 466,1122 514,1122 563,1122 611,1122 660,1122 708,1122 757,1124 805,1124 854,1124 903,1124 951,1125 1000,1125 1048,1127 1097,1127 1145,1128 1194,1130 1242,1131 1291,1134 1340,1136"/>
                <TextEquiv>
                    <Unicode>non est data vel qui ipsam in vinc </Unicode>
                </TextEquiv>
            </TextLine>
            <TextLine id="r1l11" custom="readingOrder {index:10;}">
                <Coords points="354,1201 541,1223 789,1197 848,1233 955,1213 995,1240 1085,1197 1278,1232 1352,1211 1353,1151 910,1132 868,1162 706,1140 504,1165 452,1117 355,1135"/>
                <Baseline points="360,1188 409,1191 458,1193 507,1193 557,1194 606,1196 655,1196 705,1196 754,1196 803,1196 853,1196 902,1197 951,1197 1000,1197 1050,1198 1099,1199 1148,1200 1198,1202 1247,1205 1296,1206 1346,1209"/>
                <TextEquiv>
                    <Unicode>bilit ignorant potest esse dupliciter uno modo </Unicode>
                </TextEquiv>
            </TextLine>
            <TextLine id="r1l12" custom="readingOrder {index:11;}">
                <Coords points="355,1306 440,1277 556,1303 613,1270 894,1278 969,1311 1031,1278 1341,1299 1341,1237 1298,1227 1009,1243 950,1215 860,1237 734,1205 356,1200"/>
                <Baseline points="362,1266 410,1267 459,1268 507,1269 556,1269 605,1271 653,1271 702,1271 750,1271 799,1271 848,1271 896,1271 945,1271 993,1271 1042,1271 1091,1272 1139,1272 1188,1272 1236,1274 1285,1274 1334,1275"/>
                <TextEquiv>
                    <Unicode>sic quod si non faciant peccant non </Unicode>
                </TextEquiv>
            </TextLine>
            <TextLine id="r1l13" custom="readingOrder {index:12;}">
                <Coords points="349,1385 467,1350 671,1388 771,1349 948,1378 1014,1356 1082,1388 1174,1348 1245,1379 1331,1361 1331,1312 1222,1284 977,1312 612,1271 480,1313 399,1280 349,1301"/>
                <Baseline points="356,1346 404,1346 452,1346 501,1346 549,1346 598,1346 646,1346 695,1345 743,1344 792,1344 840,1344 888,1343 937,1343 985,1343 1034,1343 1082,1343 1131,1344 1179,1344 1228,1346 1276,1347 1325,1349"/>
                <TextEquiv>
                    <Unicode>faciendo contra legem 2c qui lege </Unicode>
                </TextEquiv>
            </TextLine>
            <TextLine id="r1l14" custom="readingOrder {index:13;}">
                <Coords points="366,1447 438,1419 523,1442 770,1416 939,1425 1053,1470 1120,1432 1338,1425 1312,1354 1095,1399 973,1373 818,1391 783,1356 671,1387 367,1377"/>
                <Baseline points="372,1409 422,1410 472,1412 523,1413 573,1414 624,1416 674,1416 725,1418 775,1419 826,1421 876,1421 927,1422 977,1422 1028,1424 1078,1424 1129,1424 1179,1424 1230,1424 1280,1422 1331,1422"/>
                <TextEquiv>
                    <Unicode>istam non audiunt 2m eam non obli</Unicode>
                </TextEquiv>
            </TextLine>
            <TextLine id="r1l15" custom="readingOrder {index:14;}">
                <Coords points="337,1509 549,1486 618,1524 735,1491 790,1535 888,1497 1274,1507 1334,1496 1335,1437 1067,1475 939,1426 774,1417 338,1448"/>
                <Baseline points="344,1485 393,1484 442,1484 491,1484 540,1484 590,1484 639,1485 688,1487 737,1488 786,1489 836,1491 885,1492 934,1493 983,1494 1032,1494 1082,1496 1131,1496 1180,1494 1229,1493 1278,1491 1328,1488"/>
                <TextEquiv>
                    <Unicode>gantur ¶ Aliter potest summi eos obli</Unicode>
                </TextEquiv>
            </TextLine>
            <TextLine id="r1l16" custom="readingOrder {index:15;}">
                <Coords points="353,1585 455,1556 690,1595 761,1566 846,1607 937,1567 1106,1604 1190,1574 1335,1585 1321,1523 787,1535 746,1500 619,1516 534,1489 478,1527 355,1513"/>
                <Baseline points="360,1548 408,1550 456,1551 505,1553 553,1554 602,1556 650,1557 699,1559 747,1560 796,1562 844,1563 892,1563 941,1565 989,1565 1038,1565 1086,1566 1135,1566 1183,1565 1232,1565 1280,1565 1329,1563"/>
                <TextEquiv>
                    <Unicode>gari sic quod si non sevent legem quam </Unicode>
                </TextEquiv>
            </TextLine>
            <TextLine id="r1l17" custom="readingOrder {index:16;}">
                <Coords points="348,1648 1341,1672 1341,1599 1273,1589 762,1612 575,1556 349,1591"/>
                <Baseline points="354,1631 403,1632 452,1632 501,1634 550,1634 599,1635 648,1637 697,1637 746,1638 795,1638 844,1639 893,1640 942,1640 991,1640 1040,1641 1089,1641 1138,1640 1187,1640 1236,1640 1285,1639 1335,1638"/>
                <TextEquiv>
                    <Unicode>non propter hoc fuit inpeccatis e2a est falsum </Unicode>
                </TextEquiv>
            </TextLine>
            <TextLine id="r1l18" custom="readingOrder {index:17;}">
                <Coords points="353,1722 536,1715 723,1753 811,1718 899,1754 981,1726 1090,1756 1239,1716 1308,1749 1291,1651 1239,1688 998,1653 849,1697 649,1639 597,1681 537,1654 354,1676"/>
                <Baseline points="360,1713 407,1713 454,1713 501,1713 548,1715 595,1715 642,1715 689,1716 736,1716 783,1716 831,1718 878,1718 925,1718 972,1718 1019,1718 1066,1718 1113,1717 1160,1716 1207,1715 1254,1715 1302,1713"/>
                <TextEquiv>
                    <Unicode>eos non obligari sed simpliciter quilibet </Unicode>
                </TextEquiv>
            </TextLine>
            <TextLine id="r1l19" custom="readingOrder {index:18;}">
                <Coords points="348,1795 432,1834 582,1791 697,1830 928,1801 974,1833 1140,1782 1202,1832 1311,1837 1311,1752 1241,1718 1063,1756 982,1726 865,1758 614,1750 587,1724 348,1743"/>
                <Baseline points="354,1790 401,1790 449,1791 496,1791 544,1792 591,1793 639,1793 686,1793 734,1794 781,1794 829,1794 877,1794 924,1794 972,1793 1019,1793 1067,1793 1114,1791 1162,1790 1209,1788 1257,1787 1305,1784"/>
                <TextEquiv>
                    <Unicode>eorum ad eam sic obligatur ¶ Ex </Unicode>
                </TextEquiv>
            </TextLine>
            <TextLine id="r1l20" custom="readingOrder {index:19;}">
                <Coords points="335,1899 518,1912 756,1874 944,1878 995,1912 1091,1878 1307,1899 1307,1833 1065,1796 896,1845 647,1811 335,1832"/>
                <Baseline points="341,1865 389,1866 437,1867 485,1869 533,1869 581,1871 629,1871 677,1872 725,1872 773,1874 821,1874 869,1874 917,1874 965,1874 1013,1873 1061,1872 1109,1871 1157,1869 1205,1868 1253,1866 1301,1863"/>
                <TextEquiv>
                    <Unicode>quo patet sicut ipse infert ibidem </Unicode>
                </TextEquiv>
            </TextLine>
            <TextLine id="r1l21" custom="readingOrder {index:20;}">
                <Coords points="346,1966 625,1942 903,1989 955,1951 1187,1978 1320,1971 1321,1915 1176,1881 896,1906 812,1872 600,1908 347,1894"/>
                <Baseline points="353,1938 401,1938 449,1938 497,1938 545,1938 593,1940 641,1940 689,1941 737,1941 785,1943 833,1944 881,1944 929,1946 977,1946 1025,1947 1073,1947 1121,1947 1169,1947 1217,1947 1265,1947 1314,1946"/>
                <TextEquiv>
                    <Unicode>quod non omnis obligatus ad legem </Unicode>
                </TextEquiv>
            </TextLine>
            <TextLine id="r1l22" custom="readingOrder {index:21;}">
                <Coords points="353,2026 474,2052 713,2020 837,2059 976,2035 1059,2064 1335,2041 1336,1972 1302,1962 1080,1959 995,1994 595,1945 547,1978 489,1953 354,1972"/>
                <Baseline points="360,2015 408,2015 456,2013 505,2013 553,2013 602,2015 650,2015 699,2016 747,2018 796,2018 844,2019 892,2021 941,2022 989,2024 1038,2025 1086,2026 1135,2027 1183,2028 1232,2028 1280,2028 1329,2028"/>
                <TextEquiv>
                    <Unicode>tetur facere 2am eam nam homincida </Unicode>
                </TextEquiv>
            </TextLine>
            <TextLine id="r1l23" custom="readingOrder {index:22;}">
                <Coords points="348,2092 867,2137 1055,2110 1101,2141 1330,2102 1330,2075 1256,2056 955,2071 716,2021 474,2053 412,2021 349,2051"/>
                <Baseline points="354,2087 402,2087 450,2087 499,2087 547,2088 596,2088 644,2090 693,2091 741,2093 790,2094 838,2097 886,2099 935,2099 983,2102 1032,2103 1080,2104 1129,2106 1177,2106 1226,2108 1274,2108 1323,2108"/>
                <TextEquiv>
                    <Unicode>obligatur ad legem iudicis sui et ta</Unicode>
                </TextEquiv>
            </TextLine>
            <TextLine id="r1l24" custom="readingOrder {index:23;}">
                <Coords points="340,2161 510,2152 598,2200 680,2159 897,2172 948,2206 992,2178 1308,2189 1310,2114 1109,2142 1057,2111 868,2137 342,2113"/>
                <Baseline points="347,2151 394,2150 442,2150 490,2150 538,2150 585,2152 633,2154 681,2156 729,2159 776,2160 824,2163 872,2167 920,2169 967,2171 1015,2173 1063,2174 1111,2175 1158,2177 1206,2175 1254,2175 1302,2172"/>
                <TextEquiv>
                    <Unicode>men eam non tenetur facere unde ali</Unicode>
                </TextEquiv>
            </TextLine>
            <TextLine id="r1l25" custom="readingOrder {index:24;}">
                <Coords points="337,2225 395,2252 493,2213 713,2252 875,2227 1089,2266 1350,2249 1353,2180 1272,2212 1041,2177 951,2206 682,2160 599,2200 492,2150 339,2183"/>
                <Baseline points="344,2217 394,2216 444,2216 494,2216 544,2217 594,2219 644,2221 694,2223 744,2225 794,2228 844,2231 894,2232 944,2235 994,2237 1044,2238 1094,2240 1144,2240 1194,2240 1244,2240 1294,2237 1344,2235"/>
                <TextEquiv>
                    <Unicode>est dicere obligatur ad lege et tenem</Unicode>
                </TextEquiv>
            </TextLine>
            <TextLine id="r1l26" custom="readingOrder {index:25;}">
                <Coords points="335,2333 494,2287 685,2326 894,2312 939,2342 979,2307 1134,2339 1356,2313 1357,2252 1321,2244 1071,2273 1012,2241 968,2273 825,2238 661,2263 520,2217 429,2254 337,2225"/>
                <Baseline points="342,2288 392,2288 442,2288 493,2288 543,2289 594,2291 644,2292 694,2295 745,2296 795,2298 846,2300 896,2301 946,2302 997,2303 1047,2304 1098,2304 1148,2304 1198,2304 1249,2304 1299,2302 1350,2300"/>
                <TextEquiv>
                    <Unicode>facere legem de hiis plenius in debictur </Unicode>
                </TextEquiv>
            </TextLine>
            <TextLine id="r1l27" custom="readingOrder {index:26;}">
                <Coords points="345,2370 556,2374 595,2404 663,2375 958,2383 1036,2417 1115,2379 1324,2391 1336,2350 1255,2355 1209,2317 1141,2343 973,2317 764,2337 613,2302 345,2330"/>
                <Baseline points="351,2357 399,2360 448,2363 497,2366 546,2367 595,2370 644,2372 693,2373 742,2373 791,2375 840,2375 888,2376 937,2376 986,2376 1035,2376 1084,2378 1133,2378 1182,2378 1231,2379 1280,2379 1329,2381"/>
                <TextEquiv>
                    <Unicode>in 4o circa sacrementum baptativa ubi in</Unicode>
                </TextEquiv>
            </TextLine>
            <TextLine id="r1l28" custom="readingOrder {index:27;}">
                <Coords points="330,2443 1043,2499 1211,2449 1320,2464 1321,2407 1085,2392 914,2426 824,2384 701,2416 331,2375"/>
                <Baseline points="336,2429 384,2433 433,2436 482,2439 531,2442 580,2445 629,2447 678,2449 727,2450 776,2451 825,2453 873,2453 922,2453 971,2454 1020,2453 1069,2453 1118,2453 1167,2451 1216,2451 1265,2450 1314,2448"/>
                <TextEquiv>
                    <Unicode>devbidetur utrum quilibet peccet se non ba</Unicode>
                </TextEquiv>
            </TextLine>
            <TextLine id="r1l29" custom="readingOrder {index:28;}">
                <Coords points="338,2541 1030,2531 1088,2569 1156,2519 1328,2568 1329,2490 820,2496 691,2456 537,2487 339,2454"/>
                <Baseline points="345,2511 393,2514 442,2517 491,2520 540,2522 589,2523 638,2525 686,2526 735,2526 784,2528 833,2528 882,2528 931,2528 980,2528 1028,2528 1077,2528 1126,2528 1175,2528 1224,2528 1273,2528 1322,2529"/>
                <TextEquiv>
                    <Unicode>pturans vel procurans bapitatiri cum </Unicode>
                </TextEquiv>
            </TextLine>
            <TextLine id="r1l30" custom="readingOrder {index:29;}">
                <Coords points="329,2628 514,2606 607,2648 690,2602 792,2649 940,2613 1288,2626 1317,2618 1317,2541 1225,2577 1169,2542 1084,2566 1017,2536 681,2574 629,2541 329,2543"/>
                <Baseline points="335,2591 383,2595 432,2598 481,2600 530,2603 579,2603 627,2604 676,2604 725,2604 774,2603 823,2603 871,2601 920,2600 969,2600 1018,2598 1067,2598 1115,2597 1164,2597 1213,2597 1262,2598 1311,2600"/>
                <TextEquiv>
                    <Unicode>possit ¶ ad 2m patet quid dicendum 2m modum </Unicode>
                </TextEquiv>
            </TextLine>
            <TextLine id="r1l31" custom="readingOrder {index:30;}">
                <Coords points="342,2681 436,2716 470,2687 900,2723 1202,2683 1261,2726 1308,2716 1308,2640 1164,2622 997,2619 888,2657 821,2626 612,2650 514,2607 342,2636"/>
                <Baseline points="348,2670 395,2672 443,2673 491,2676 538,2678 586,2679 634,2681 681,2681 729,2682 777,2682 825,2684 872,2684 920,2684 968,2684 1015,2684 1063,2684 1111,2682 1158,2681 1206,2679 1254,2678 1302,2676"/>
                <TextEquiv>
                    <Unicode>iam dictum quia haec consequentia non valet quod </Unicode>
                </TextEquiv>
            </TextLine>
            <TextLine id="r1l32" custom="readingOrder {index:31;}">
                <Coords points="329,2790 642,2759 752,2796 803,2766 861,2795 1039,2771 1174,2799 1310,2788 1311,2716 1041,2685 870,2723 691,2688 649,2724 330,2690"/>
                <Baseline points="336,2747 384,2748 432,2750 481,2751 529,2753 578,2754 626,2754 674,2756 723,2756 771,2756 820,2756 868,2756 916,2757 965,2757 1013,2757 1062,2757 1110,2757 1158,2757 1207,2759 1255,2759 1304,2760"/>
                <TextEquiv>
                    <Unicode>si conclusio sit vera quod tunc quilibet non serva</Unicode>
                </TextEquiv>
            </TextLine>
            <TextLine id="r1l33" custom="readingOrder {index:32;}">
                <Coords points="335,2838 471,2864 578,2825 763,2870 992,2827 1143,2854 1317,2832 1317,2787 749,2795 623,2759 575,2790 472,2761 335,2789"/>
                <Baseline points="342,2822 390,2822 438,2822 487,2822 535,2823 584,2823 632,2825 680,2825 729,2826 777,2826 826,2828 874,2828 922,2829 971,2829 1019,2831 1068,2831 1116,2831 1164,2831 1213,2831 1261,2829 1310,2829"/>
                <TextEquiv>
                    <Unicode>us hac legem peccat eam non </Unicode>
                </TextEquiv>
            </TextLine>
            <TextLine id="r1l34" custom="readingOrder {index:33;}">
                <Coords points="335,2934 445,2899 605,2949 707,2913 826,2942 873,2912 1101,2904 1169,2951 1238,2911 1341,2919 1341,2851 1278,2839 1017,2857 976,2831 783,2874 335,2837"/>
                <Baseline points="342,2894 391,2895 441,2898 490,2900 540,2901 590,2903 639,2903 689,2904 739,2904 788,2904 838,2904 888,2904 937,2904 987,2904 1037,2903 1086,2903 1136,2901 1186,2901 1235,2900 1285,2900 1335,2898"/>
                <TextEquiv>
                    <Unicode>servando sicut patet ex dictis ¶ ad 3m </Unicode>
                </TextEquiv>
            </TextLine>
            <TextLine id="r1l35" custom="readingOrder {index:34;}">
                <Coords points="327,2973 727,2982 777,3018 819,2994 890,3020 973,2975 1317,2992 1318,2923 1232,2912 1169,2950 1093,2916 964,2943 682,2917 604,2950 388,2901 327,2935"/>
                <Baseline points="333,2963 381,2964 430,2966 479,2968 528,2969 577,2970 626,2972 675,2973 724,2975 773,2976 822,2976 870,2977 919,2978 968,2978 1017,2978 1066,2979 1115,2979 1164,2979 1213,2978 1262,2978 1311,2978"/>
                <TextEquiv>
                    <Unicode>ibidem cum dieitur quilibet infidel etc negatur </Unicode>
                </TextEquiv>
            </TextLine>
            <TextLine id="r1l36" custom="readingOrder {index:35;}">
                <Coords points="336,3064 441,3047 480,3079 557,3046 637,3080 756,3047 944,3094 1139,3044 1208,3084 1335,3053 1336,2990 1131,3006 1001,2978 890,3020 337,2990"/>
                <Baseline points="342,3038 391,3038 440,3038 490,3039 539,3041 588,3041 638,3042 687,3044 736,3045 786,3045 835,3047 884,3047 934,3048 983,3048 1032,3048 1082,3048 1131,3048 1180,3048 1230,3047 1279,3045 1329,3044"/>
                <TextEquiv>
                    <Unicode>assumptum quia quandoque se sic difformat </Unicode>
                </TextEquiv>
            </TextLine>
            <TextLine id="r1l37" custom="readingOrder {index:36;}">
                <Coords points="329,3136 986,3123 1052,3157 1158,3115 1305,3120 1305,3082 1184,3087 1143,3058 826,3084 727,3052 635,3081 556,3046 479,3080 437,3053 330,3076"/>
                <Baseline points="336,3114 384,3113 432,3113 480,3111 528,3111 576,3111 624,3113 672,3113 720,3113 768,3114 817,3114 865,3116 913,3116 961,3117 1009,3117 1057,3117 1105,3117 1153,3117 1201,3117 1249,3116 1298,3114"/>
                <TextEquiv>
                    <Unicode>quod difformat se legi naturae informa et ex </Unicode>
                </TextEquiv>
            </TextLine>
            <TextLine id="r1l38" custom="readingOrder {index:37;}">
                <Coords points="328,3222 427,3235 479,3194 699,3184 1109,3196 1166,3227 1336,3185 1336,3137 1289,3124 1203,3159 929,3130 641,3152 584,3116 485,3154 329,3136"/>
                <Baseline points="335,3188 384,3184 434,3182 484,3180 533,3180 583,3180 633,3180 682,3180 732,3182 782,3183 832,3184 881,3185 931,3186 981,3188 1030,3188 1080,3189 1130,3189 1179,3189 1229,3188 1279,3186 1329,3185"/>
                <TextEquiv>
                    <Unicode>presse et legi recte rationis quandoque autem </Unicode>
                </TextEquiv>
            </TextLine>
            <TextLine id="r1l39" custom="readingOrder {index:38;}">
                <Coords points="330,3271 442,3306 566,3258 1290,3292 1332,3268 1332,3186 1219,3228 994,3194 892,3227 774,3189 709,3221 640,3193 330,3224"/>
                <Baseline points="336,3267 385,3264 434,3261 484,3259 533,3258 583,3257 632,3257 682,3258 731,3259 781,3260 830,3261 879,3263 929,3264 978,3266 1028,3266 1077,3267 1127,3267 1176,3266 1226,3264 1275,3263 1325,3258"/>
                <TextEquiv>
                    <Unicode>non sic actualiter et certum est quod hoc </Unicode>
                </TextEquiv>
            </TextLine>
            <TextLine id="r1l40" custom="readingOrder {index:39;}">
                <Coords points="317,3348 807,3380 1189,3362 1216,3387 1327,3357 1327,3284 1252,3275 1086,3308 1013,3272 680,3302 318,3285"/>
                <Baseline points="323,3332 372,3330 422,3329 472,3327 522,3327 572,3327 622,3329 671,3330 721,3332 771,3333 821,3335 871,3336 921,3338 971,3338 1020,3338 1070,3338 1120,3336 1170,3335 1220,3332 1270,3327 1320,3323"/>
                <TextEquiv>
                    <Unicode>non est aequaliter se difformae quia in prima </Unicode>
                </TextEquiv>
            </TextLine>
            <TextEquiv>
                <Unicode>eaneium et glossam augustini concludens in
fine quod omnio omnia ibi dicta ad litteram 
debemus intelligere de 2o et vueltimo ad 
ventu christi ne derisioni ex pona 
¶ 3o potest responderi ad consequens istius 
rationis in via oppinionem hic hunitam 
libro 8 summe suae de quaestionibus hereme 
norum 36 e2t 37 capituls dicundo quod legem 
non esse obligatoriam hiis quibus 
non est data vel qui ipsam in vinc 
bilit ignorant potest esse dupliciter uno modo 
sic quod si non faciant peccant non 
faciendo contra legem 2c qui lege 
istam non audiunt 2m eam non obli
gantur ¶ Aliter potest summi eos obli
gari sic quod si non sevent legem quam 
non propter hoc fuit inpeccatis e2a est falsum 
eos non obligari sed simpliciter quilibet 
eorum ad eam sic obligatur ¶ Ex 
quo patet sicut ipse infert ibidem 
quod non omnis obligatus ad legem 
tetur facere 2am eam nam homincida 
obligatur ad legem iudicis sui et ta
men eam non tenetur facere unde ali
est dicere obligatur ad lege et tenem
facere legem de hiis plenius in debictur 
in 4o circa sacrementum baptativa ubi in
devbidetur utrum quilibet peccet se non ba
pturans vel procurans bapitatiri cum 
possit ¶ ad 2m patet quid dicendum 2m modum 
iam dictum quia haec consequentia non valet quod 
si conclusio sit vera quod tunc quilibet non serva
us hac legem peccat eam non 
servando sicut patet ex dictis ¶ ad 3m 
ibidem cum dieitur quilibet infidel etc negatur 
assumptum quia quandoque se sic difformat 
quod difformat se legi naturae informa et ex 
presse et legi recte rationis quandoque autem 
non sic actualiter et certum est quod hoc 
non est aequaliter se difformae quia in prima </Unicode>
            </TextEquiv>
        </TextRegion>
        <TextRegion orientation="0.0" id="TextRegion_1581816175549_359" custom="readingOrder {index:1;}">
            <Coords points="1466,409 2506,409 2506,3387 1466,3387"/>
            <TextLine id="r2l2" custom="readingOrder {index:0;}">
                <Coords points="1499,530 1584,492 1702,530 1786,495 2159,520 2307,481 2460,516 2502,497 2501,418 2129,405 1930,446 1812,400 1497,417"/>
                <Baseline points="1505,482 1554,485 1604,486 1653,488 1703,488 1752,489 1802,489 1851,489 1901,489 1950,488 2000,488 2049,486 2099,486 2148,485 2198,483 2247,482 2297,480 2346,479 2396,477 2445,476 2495,476"/>
                <TextEquiv>
                    <Unicode>semper peccat 2m omnes sed non in 2a 2m </Unicode>
                </TextEquiv>
            </TextLine>
            <TextLine id="r2l3" custom="readingOrder {index:1;}">
                <Coords points="1502,573 1628,603 1747,561 1779,585 1913,563 1953,593 2019,560 2484,571 2483,526 2450,519 2157,520 2112,494 1963,526 1885,500 1502,530"/>
                <Baseline points="1508,563 1556,563 1604,563 1653,563 1701,563 1750,561 1798,561 1847,560 1895,560 1944,558 1992,557 2040,557 2089,555 2137,555 2186,555 2234,554 2283,554 2331,554 2380,554 2428,555 2477,555"/>
                <TextEquiv>
                    <Unicode>quosdam sicut patet ex dictis quare </Unicode>
                </TextEquiv>
            </TextLine>
            <TextLine id="r2l4" custom="readingOrder {index:2;}">
                <Coords points="1507,648 1918,636 2037,666 2184,633 2226,667 2303,632 2367,672 2465,641 2465,592 2379,557 2308,595 2264,566 2087,599 1835,570 1507,594"/>
                <Baseline points="1514,635 1561,632 1608,630 1655,630 1703,629 1750,629 1797,629 1844,627 1892,629 1939,629 1986,629 2033,629 2081,630 2128,630 2175,632 2222,632 2270,632 2317,632 2364,633 2411,633 2459,633"/>
                <TextEquiv>
                    <Unicode>ille difformationes patet non esse aequiles </Unicode>
                </TextEquiv>
            </TextLine>
            <TextLine id="r2l6" custom="readingOrder {index:3;}">
                <Coords points="1510,732 1579,737 1631,700 2003,694 2141,699 2186,735 2306,702 2368,747 2471,712 2472,644 2368,672 2225,666 2186,634 2034,665 1510,650"/>
                <Baseline points="1517,689 1564,692 1611,692 1659,693 1706,693 1754,695 1801,695 1848,695 1896,695 1943,695 1991,695 2038,695 2085,695 2133,695 2180,695 2228,696 2275,698 2322,699 2370,700 2417,702 2465,705"/>
                <TextEquiv>
                    <Unicode>¶ ad rationes contra 2am ad primam partem </Unicode>
                </TextEquiv>
            </TextLine>
            <TextLine id="r2l8" custom="readingOrder {index:4;}">
                <Coords points="1499,771 1857,771 1897,802 2020,766 2213,797 2322,775 2382,807 2459,782 2459,701 2370,745 2242,709 2195,737 2140,698 1901,736 1849,704 1681,729 1632,699 1581,736 1499,732"/>
                <Baseline points="1505,768 1552,768 1599,768 1647,767 1694,767 1742,767 1789,767 1836,767 1884,767 1931,767 1979,767 2026,767 2073,768 2121,768 2168,768 2216,770 2263,770 2310,771 2358,771 2405,773 2453,774"/>
                <TextEquiv>
                    <Unicode>cum dicebatur regula legis nostre potest </Unicode>
                </TextEquiv>
            </TextLine>
            <TextLine id="r2l9" custom="readingOrder {index:5;}">
                <Coords points="1505,878 1654,833 2187,843 2273,872 2487,851 2487,811 2281,786 1506,789"/>
                <Baseline points="1511,837 1559,836 1607,836 1656,836 1704,836 1753,836 1801,836 1850,836 1898,836 1947,836 1995,837 2043,837 2092,837 2140,839 2189,840 2237,840 2286,842 2334,842 2383,843 2431,845 2480,846"/>
                <TextEquiv>
                    <Unicode>primo dici negando consequentiam quia minor </Unicode>
                </TextEquiv>
            </TextLine>
            <TextLine id="r2l10" custom="readingOrder {index:6;}">
                <Coords points="1511,942 2130,910 2274,959 2448,917 2448,859 2117,844 1983,881 1806,840 1749,872 1691,837 1638,878 1511,877"/>
                <Baseline points="1517,917 1563,915 1609,914 1655,912 1702,911 1748,910 1794,909 1840,909 1887,909 1933,908 1979,909 2025,909 2072,909 2118,909 2164,911 2210,911 2257,912 2303,914 2349,915 2395,917 2442,918"/>
                <TextEquiv>
                    <Unicode>regula sufficit ostendere de sactum contra </Unicode>
                </TextEquiv>
            </TextLine>
            <TextLine id="r2l11" custom="readingOrder {index:7;}">
                <Coords points="1506,994 2475,1010 2475,941 2332,927 2275,958 2177,921 2066,950 1506,943"/>
                <Baseline points="1512,981 1559,981 1607,981 1655,981 1703,981 1751,981 1798,980 1846,980 1894,980 1942,980 1990,980 2037,980 2085,980 2133,980 2181,981 2229,981 2276,983 2324,983 2372,984 2420,987 2468,989"/>
                <TextEquiv>
                    <Unicode>reamquandoque maiorem ¶ 2o potest dici quod </Unicode>
                </TextEquiv>
            </TextLine>
            <TextLine id="r2l12" custom="readingOrder {index:8;}">
                <Coords points="1524,1064 1650,1047 1716,1080 1830,1055 1924,1081 1992,1043 2142,1080 2177,1047 2354,1087 2482,1054 2482,1013 2437,993 2183,1023 2071,982 2019,1018 1935,989 1694,1015 1524,986"/>
                <Baseline points="1530,1044 1577,1044 1624,1043 1671,1043 1719,1043 1766,1044 1813,1044 1860,1044 1908,1044 1955,1045 2002,1046 2049,1046 2097,1046 2144,1046 2191,1046 2238,1046 2286,1046 2333,1046 2380,1046 2427,1044 2475,1043"/>
                <TextEquiv>
                    <Unicode>sicet non fit sibi adaequata formaliter</Unicode>
                </TextEquiv>
            </TextLine>
            <TextLine id="r2l13" custom="readingOrder {index:9;}">
                <Coords points="1504,1118 1838,1104 2014,1144 2061,1115 2163,1160 2242,1124 2501,1127 2501,1074 2462,1062 2353,1087 2079,1051 1923,1080 1760,1055 1717,1081 1607,1046 1504,1070"/>
                <Baseline points="1511,1110 1560,1110 1609,1110 1658,1110 1707,1110 1757,1110 1806,1110 1855,1110 1904,1110 1953,1110 2003,1110 2052,1110 2101,1110 2150,1110 2199,1112 2249,1112 2298,1112 2347,1112 2396,1113 2445,1113 2495,1113"/>
                <TextEquiv>
                    <Unicode>et distincte tamen est sibi proportionata </Unicode>
                </TextEquiv>
            </TextLine>
            <TextLine id="r2l14" custom="readingOrder {index:10;}">
                <Coords points="1505,1231 1576,1189 2000,1185 2107,1222 2164,1190 2357,1218 2467,1197 2467,1144 2401,1122 2163,1160 2099,1120 2054,1155 1986,1156 1941,1116 1824,1149 1770,1121 1703,1157 1505,1140"/>
                <Baseline points="1512,1184 1559,1184 1606,1184 1654,1184 1701,1184 1749,1185 1796,1185 1843,1185 1891,1184 1938,1184 1986,1184 2033,1184 2080,1184 2128,1184 2175,1184 2223,1184 2270,1185 2317,1185 2365,1185 2412,1185 2460,1187"/>
                <TextEquiv>
                    <Unicode>polit et virtualiter interptative sen</Unicode>
                </TextEquiv>
            </TextLine>
            <TextLine id="r2l15" custom="readingOrder {index:11;}">
                <Coords points="1504,1259 2471,1267 2471,1195 2262,1221 2174,1190 2111,1220 1964,1187 1749,1215 1594,1191 1505,1225"/>
                <Baseline points="1511,1250 1558,1248 1606,1248 1654,1248 1701,1247 1749,1247 1797,1248 1844,1248 1892,1248 1940,1248 1988,1250 2035,1250 2083,1250 2131,1251 2178,1251 2226,1251 2274,1251 2321,1250 2369,1250 2417,1248 2465,1247"/>
                <TextEquiv>
                    <Unicode>reductive patet cum per regulas conclusiones prae</Unicode>
                </TextEquiv>
            </TextLine>
            <TextLine id="r2l16" custom="readingOrder {index:12;}">
                <Coords points="1496,1316 1556,1342 1703,1307 2487,1347 2503,1270 2143,1257 2103,1290 1872,1282 1823,1247 1496,1273"/>
                <Baseline points="1502,1313 1551,1311 1601,1310 1651,1310 1700,1309 1750,1310 1800,1310 1849,1311 1899,1313 1949,1314 1999,1315 2048,1316 2098,1318 2148,1319 2197,1320 2247,1322 2297,1322 2346,1322 2396,1322 2446,1320 2496,1319"/>
                <TextEquiv>
                    <Unicode>cipiat declinare amalo et facere bonum </Unicode>
                </TextEquiv>
            </TextLine>
            <TextLine id="r2l17" custom="readingOrder {index:13;}">
                <Coords points="1508,1394 2476,1388 2442,1341 2250,1356 1911,1316 1508,1338"/>
                <Baseline points="1514,1385 1561,1382 1609,1379 1657,1377 1705,1377 1752,1377 1800,1377 1848,1377 1896,1379 1943,1380 1991,1381 2039,1382 2087,1383 2134,1385 2182,1385 2230,1386 2278,1386 2325,1386 2373,1385 2421,1383 2469,1380"/>
                <TextEquiv>
                    <Unicode>in quo cuiuslibet legis de factus et error </Unicode>
                </TextEquiv>
            </TextLine>
            <TextLine id="r2l18" custom="readingOrder {index:14;}">
                <Coords points="1490,1488 1641,1445 1780,1488 2000,1452 2149,1492 2457,1478 2457,1410 2362,1424 2303,1391 1835,1391 1751,1422 1685,1384 1624,1413 1491,1402"/>
                <Baseline points="1497,1451 1544,1449 1592,1449 1640,1448 1687,1448 1735,1448 1783,1448 1830,1449 1878,1449 1926,1449 1974,1451 2021,1451 2069,1452 2117,1454 2164,1454 2212,1455 2260,1457 2307,1457 2355,1458 2403,1460 2451,1460"/>
                <TextEquiv>
                    <Unicode>sectae dici potest consistere ¶ 3o potest dici quod </Unicode>
                </TextEquiv>
            </TextLine>
            <TextLine id="r2l19" custom="readingOrder {index:15;}">
                <Coords points="1496,1555 1656,1506 1798,1541 1938,1522 2019,1564 2095,1531 2397,1544 2454,1519 2454,1479 2385,1496 2333,1463 2180,1495 1999,1453 1804,1488 1553,1456 1497,1484"/>
                <Baseline points="1503,1520 1550,1518 1597,1517 1644,1515 1692,1515 1739,1515 1786,1515 1833,1515 1881,1516 1928,1517 1975,1517 2022,1518 2070,1519 2117,1520 2164,1520 2211,1521 2259,1521 2306,1521 2353,1521 2400,1521 2448,1520"/>
                <TextEquiv>
                    <Unicode>conclusio loquitur de legibus quibus actualiter </Unicode>
                </TextEquiv>
            </TextLine>
            <TextLine id="r2l20" custom="readingOrder {index:16;}">
                <Coords points="1497,1597 2231,1593 2308,1628 2460,1598 2460,1553 2277,1531 2136,1561 2095,1531 1995,1565 1936,1522 1795,1553 1703,1516 1498,1534"/>
                <Baseline points="1503,1583 1550,1583 1598,1581 1645,1581 1693,1581 1740,1582 1788,1583 1835,1584 1883,1584 1930,1586 1978,1587 2026,1589 2073,1590 2121,1590 2168,1590 2216,1592 2263,1590 2311,1590 2358,1589 2406,1587 2454,1586"/>
                <TextEquiv>
                    <Unicode>erratur quae tamen non leges sed statu </Unicode>
                </TextEquiv>
            </TextLine>
            <TextLine id="r2l21" custom="readingOrder {index:17;}">
                <Coords points="1486,1664 2432,1683 2478,1680 2479,1622 1922,1588 1845,1616 1487,1606"/>
                <Baseline points="1493,1653 1544,1652 1596,1652 1647,1650 1699,1650 1750,1651 1802,1652 1853,1652 1905,1653 1956,1653 2008,1655 2059,1656 2111,1656 2162,1658 2214,1659 2265,1659 2317,1661 2368,1661 2420,1662 2472,1662"/>
                <TextEquiv>
                    <Unicode>ta erronea sectarum dici debent </Unicode>
                </TextEquiv>
            </TextLine>
            <TextLine id="r2l22" custom="readingOrder {index:18;}">
                <Coords points="1493,1724 1804,1724 1892,1758 2033,1727 2210,1766 2245,1736 2457,1738 2457,1694 2309,1670 1493,1675"/>
                <Baseline points="1499,1719 1546,1718 1594,1718 1641,1717 1689,1716 1736,1718 1784,1718 1831,1718 1879,1719 1926,1721 1974,1721 2022,1722 2069,1724 2117,1724 2164,1725 2212,1727 2259,1727 2307,1727 2354,1727 2402,1727 2450,1725"/>
                <TextEquiv>
                    <Unicode>non autem inteligitur conclusio de omnium specie sectae </Unicode>
                </TextEquiv>
            </TextLine>
            <TextLine id="r2l23" custom="readingOrder {index:19;}">
                <Coords points="1483,1819 1997,1789 2433,1817 2433,1755 2302,1731 2214,1763 2034,1727 1816,1753 1757,1721 1483,1748"/>
                <Baseline points="1490,1787 1536,1785 1583,1785 1630,1785 1677,1785 1724,1787 1771,1787 1817,1787 1864,1788 1911,1788 1958,1788 2005,1790 2052,1790 2099,1790 2145,1790 2192,1790 2239,1790 2286,1788 2333,1788 2380,1787 2427,1785"/>
                <TextEquiv>
                    <Unicode>qua possibile est contra legem divinam </Unicode>
                </TextEquiv>
            </TextLine>
            <TextLine id="line_1581816175654_362" custom="readingOrder {index:20;}">
                <Coords points="1499,1863 1723,1873 1765,1905 1829,1867 2091,1890 2294,1846 2386,1904 2433,1868 2512,1886 2512,1811 2347,1796 1500,1817"/>
                <Baseline points="1506,1860 1570,1859 1634,1857 1699,1856 1763,1856 1828,1856 1892,1856 1957,1857 2021,1859 2086,1859 2150,1860 2214,1862 2279,1862 2343,1863 2408,1863 2472,1865 2506,1864"/>
                <TextEquiv>
                    <Unicode>errare ¶ Ad rationes contra corollariia et primo pro </Unicode>
                </TextEquiv>
            </TextLine>
            <TextLine id="r2l25" custom="readingOrder {index:21;}">
                <Coords points="1486,1945 1774,1961 1819,1936 1862,1968 2038,1925 2113,1965 2182,1930 2231,1970 2272,1933 2418,1974 2489,1950 2490,1902 2430,1916 2310,1872 2254,1896 2166,1859 2089,1894 1906,1867 1753,1900 1556,1861 1487,1894"/>
                <Baseline points="1493,1931 1542,1929 1592,1928 1641,1926 1691,1925 1740,1925 1790,1925 1839,1923 1889,1923 1938,1923 1988,1925 2037,1925 2087,1925 2136,1926 2186,1928 2235,1929 2285,1931 2334,1932 2384,1934 2433,1935 2483,1938"/>
                <TextEquiv>
                    <Unicode>ad istam contra quia infertur quod damp</Unicode>
                </TextEquiv>
            </TextLine>
            <TextLine id="r2l26" custom="readingOrder {index:22;}">
                <Coords points="1490,2018 1602,1999 1662,2028 1764,1997 1974,2039 2224,1995 2406,2010 2376,1945 2275,1933 2232,1970 2204,1943 1865,1967 1833,1940 1636,1966 1490,1944"/>
                <Baseline points="1497,1995 1542,1995 1587,1995 1632,1995 1677,1995 1722,1995 1767,1995 1813,1995 1858,1995 1903,1994 1948,1994 1993,1994 2038,1994 2083,1994 2129,1994 2174,1994 2219,1995 2264,1995 2309,1997 2354,1997 2400,1998"/>
                <TextEquiv>
                    <Unicode>nati contirinae fienter peiores diceret </Unicode>
                </TextEquiv>
            </TextLine>
            <TextLine id="r2l27" custom="readingOrder {index:23;}">
                <Coords points="1496,2105 1710,2078 1811,2110 1935,2070 2329,2103 2451,2066 2452,1985 2353,2031 2047,2019 1776,2058 1693,2014 1641,2038 1496,2016"/>
                <Baseline points="1503,2069 1550,2069 1597,2067 1644,2067 1691,2068 1738,2069 1785,2069 1832,2070 1879,2070 1926,2072 1974,2072 2021,2073 2068,2073 2115,2073 2162,2073 2209,2073 2256,2072 2303,2070 2350,2067 2397,2065 2445,2061"/>
                <TextEquiv>
                    <Unicode>fastius libro 3 in conclusione utrum perceptum </Unicode>
                </TextEquiv>
            </TextLine>
            <TextLine id="r2l28" custom="readingOrder {index:24;}">
                <Coords points="1490,2149 1563,2181 1631,2138 2056,2166 2132,2138 2455,2145 2463,2075 2163,2102 1935,2071 1811,2110 1626,2078 1490,2106"/>
                <Baseline points="1497,2141 1545,2139 1593,2138 1641,2136 1689,2136 1737,2135 1785,2135 1833,2135 1881,2135 1929,2135 1977,2135 2025,2135 2073,2135 2121,2135 2169,2135 2217,2135 2265,2133 2313,2133 2361,2132 2409,2130 2457,2129"/>
                <TextEquiv>
                    <Unicode>iusti dei nas dampnatas vale </Unicode>
                </TextEquiv>
            </TextLine>
            <TextLine id="r2l29" custom="readingOrder {index:25;}">
                <Coords points="1469,2220 1888,2233 1949,2202 1988,2229 2317,2210 2382,2236 2470,2201 2470,2143 2300,2177 2182,2141 2117,2166 1936,2142 1469,2164"/>
                <Baseline points="1476,2216 1525,2212 1574,2209 1624,2207 1673,2205 1722,2205 1772,2204 1821,2204 1870,2205 1920,2205 1969,2205 2018,2207 2068,2207 2117,2207 2166,2207 2216,2207 2265,2207 2314,2205 2364,2202 2413,2199 2463,2196"/>
                <TextEquiv>
                    <Unicode>at obligare condio consequens Et cum arguitur </Unicode>
                </TextEquiv>
            </TextLine>
            <TextLine id="r2l30" custom="readingOrder {index:26;}">
                <Coords points="1486,2320 1762,2289 1808,2320 1896,2279 2037,2315 2108,2281 2448,2288 2447,2229 2316,2211 2240,2246 2031,2215 1919,2244 1861,2214 1485,2244"/>
                <Baseline points="1491,2289 1538,2286 1586,2283 1633,2282 1681,2280 1728,2279 1776,2279 1823,2279 1871,2279 1918,2279 1966,2279 2014,2279 2061,2279 2109,2279 2156,2279 2204,2278 2251,2277 2299,2276 2346,2275 2394,2273 2442,2271"/>
                <TextEquiv>
                    <Unicode>contra ex hoc quod beati non sint melioris </Unicode>
                </TextEquiv>
            </TextLine>
            <TextLine id="r2l31" custom="readingOrder {index:27;}">
                <Coords points="1472,2370 1680,2358 1779,2391 1869,2357 2009,2388 2234,2357 2277,2390 2340,2351 2475,2356 2475,2301 2377,2279 2037,2315 1902,2280 1801,2326 1701,2296 1584,2338 1472,2322"/>
                <Baseline points="1479,2355 1528,2355 1578,2354 1627,2354 1677,2354 1726,2354 1776,2354 1825,2354 1875,2354 1924,2354 1974,2354 2023,2354 2073,2352 2122,2352 2172,2351 2221,2349 2271,2348 2320,2345 2370,2343 2419,2339 2469,2336"/>
                <TextEquiv>
                    <Unicode>ne consequentiam aliter a ppatret michi dicendum </Unicode>
                </TextEquiv>
            </TextLine>
            <TextLine id="r2l32" custom="readingOrder {index:28;}">
                <Coords points="1469,2433 1645,2466 1951,2422 2169,2463 2445,2428 2445,2365 1766,2392 1591,2355 1470,2389"/>
                <Baseline points="1476,2429 1524,2427 1572,2426 1620,2424 1668,2424 1716,2424 1764,2424 1813,2424 1861,2424 1909,2424 1957,2424 2005,2426 2053,2426 2101,2426 2150,2426 2198,2427 2246,2427 2294,2427 2342,2426 2390,2426 2439,2424"/>
                <TextEquiv>
                    <Unicode>negando primo consequentiam et si probatur contriae non </Unicode>
                </TextEquiv>
            </TextLine>
            <TextLine id="r2l33" custom="readingOrder {index:29;}">
                <Coords points="1478,2542 1611,2501 1766,2500 1807,2532 2246,2504 2328,2537 2489,2498 2472,2450 1478,2447"/>
                <Baseline points="1484,2501 1536,2499 1589,2499 1641,2498 1694,2498 1746,2498 1799,2498 1852,2499 1904,2499 1957,2499 2009,2499 2062,2499 2114,2499 2167,2499 2220,2498 2272,2496 2325,2495 2377,2493 2430,2490 2483,2486"/>
                <TextEquiv>
                    <Unicode>facuunt ad quod obligantur sed arguit </Unicode>
                </TextEquiv>
            </TextLine>
            <TextLine id="r2l34" custom="readingOrder {index:30;}">
                <Coords points="1476,2576 1538,2602 1585,2572 2336,2596 2448,2567 2448,2512 1811,2534 1760,2501 1476,2543"/>
                <Baseline points="1482,2568 1532,2567 1582,2567 1633,2567 1683,2567 1734,2567 1784,2568 1835,2568 1885,2568 1936,2570 1986,2570 2037,2571 2087,2571 2138,2571 2188,2570 2239,2570 2289,2568 2340,2567 2390,2564 2441,2561"/>
                <TextEquiv>
                    <Unicode>oppositum elicituve dico quod non obligant </Unicode>
                </TextEquiv>
            </TextLine>
            <TextLine id="r2l35" custom="readingOrder {index:31;}">
                <Coords points="1487,2651 1589,2679 1735,2651 1783,2682 1828,2649 2172,2649 2299,2685 2413,2642 2413,2571 1940,2613 1578,2574 1487,2617"/>
                <Baseline points="1493,2642 1538,2643 1584,2643 1629,2643 1675,2643 1721,2645 1766,2645 1812,2645 1858,2645 1903,2645 1949,2645 1995,2645 2040,2645 2086,2645 2132,2645 2177,2645 2223,2645 2269,2645 2314,2644 2360,2643 2406,2643"/>
                <TextEquiv>
                    <Unicode>sub poena peiorationis culpatitis </Unicode>
                </TextEquiv>
            </TextLine>
            <TextLine id="r2l36" custom="readingOrder {index:32;}">
                <Coords points="1463,2741 1521,2764 1639,2726 1939,2740 2051,2713 2240,2755 2275,2724 2475,2727 2475,2674 1871,2647 1782,2682 1546,2650 1463,2679"/>
                <Baseline points="1470,2726 1522,2724 1575,2721 1627,2720 1680,2718 1732,2717 1785,2715 1838,2714 1890,2714 1943,2714 1995,2712 2048,2712 2100,2712 2153,2712 2206,2713 2258,2714 2311,2714 2363,2715 2416,2715 2469,2717"/>
                <TextEquiv>
                    <Unicode>quamvis contriae obligerentur subpoena cum </Unicode>
                </TextEquiv>
            </TextLine>
            <TextLine id="r2l37" custom="readingOrder {index:33;}">
                <Coords points="1476,2821 1634,2827 1772,2787 2040,2828 2129,2788 2403,2829 2468,2796 2468,2744 2290,2724 2240,2754 2176,2720 2126,2750 1975,2719 1570,2764 1475,2742"/>
                <Baseline points="1482,2802 1531,2799 1580,2798 1629,2795 1678,2793 1727,2791 1776,2790 1825,2789 1874,2787 1923,2787 1972,2786 2021,2786 2070,2786 2119,2786 2168,2786 2217,2786 2266,2786 2315,2787 2364,2789 2413,2789 2462,2790"/>
                <TextEquiv>
                    <Unicode>tempre ¶ ad 2m ibidem diceret idem fa</Unicode>
                </TextEquiv>
            </TextLine>
            <TextLine id="r2l38" custom="readingOrder {index:34;}">
                <Coords points="1475,2889 1650,2866 2068,2908 2142,2867 2329,2912 2457,2883 2457,2830 2252,2808 2077,2836 1860,2821 1822,2790 1475,2827"/>
                <Baseline points="1481,2868 1529,2867 1578,2865 1626,2863 1675,2862 1723,2861 1772,2861 1820,2859 1869,2859 1917,2859 1966,2861 2014,2861 2063,2861 2111,2862 2160,2864 2208,2865 2257,2867 2305,2868 2354,2870 2402,2871 2451,2873"/>
                <TextEquiv>
                    <Unicode>cuus ubi contlasdio consequens pro prima eius parte </Unicode>
                </TextEquiv>
            </TextLine>
            <TextLine id="r2l39" custom="readingOrder {index:35;}">
                <Coords points="1462,2973 1600,2974 1684,2933 1899,2941 1944,2978 2190,2941 2412,2990 2460,2978 2461,2894 1463,2884"/>
                <Baseline points="1469,2934 1518,2935 1567,2936 1616,2936 1666,2936 1715,2936 1764,2936 1813,2936 1863,2936 1912,2936 1961,2936 2010,2936 2060,2936 2109,2937 2158,2937 2207,2938 2257,2939 2306,2941 2355,2943 2404,2945 2454,2948"/>
                <TextEquiv>
                    <Unicode>scilicet quod continae noviter peccant dampti sed </Unicode>
                </TextEquiv>
            </TextLine>
            <TextLine id="r2l40" custom="readingOrder {index:36;}">
                <Coords points="1474,3029 1623,3009 1716,3044 1855,3006 2272,3048 2468,3024 2469,2982 2200,2952 2131,2986 1803,2949 1475,2971"/>
                <Baseline points="1481,3011 1530,3008 1579,3005 1628,3005 1677,3003 1726,3003 1775,3004 1824,3005 1873,3006 1922,3008 1971,3009 2020,3011 2069,3012 2118,3014 2167,3015 2216,3017 2265,3017 2314,3018 2363,3018 2412,3017 2462,3015"/>
                <TextEquiv>
                    <Unicode>negat quod contriae de meantur ¶ Aliter </Unicode>
                </TextEquiv>
            </TextLine>
            <TextLine id="r2l41" custom="readingOrder {index:37;}">
                <Coords points="1459,3117 1699,3078 1782,3113 1884,3074 2064,3123 2243,3081 2397,3128 2472,3101 2460,3030 2270,3060 2222,3029 2103,3051 1914,3009 1704,3045 1460,3031"/>
                <Baseline points="1466,3078 1518,3077 1571,3075 1623,3075 1676,3075 1728,3075 1781,3075 1834,3075 1886,3077 1939,3077 1991,3078 2044,3079 2096,3080 2149,3081 2202,3083 2254,3083 2307,3084 2359,3086 2412,3087 2465,3087"/>
                <TextEquiv>
                    <Unicode>apparet michi dicendum scilicet quod ipsos contrae pec</Unicode>
                </TextEquiv>
            </TextLine>
            <TextLine id="r2l42" custom="readingOrder {index:38;}">
                <Coords points="1465,3189 1902,3157 2471,3179 2471,3128 2354,3098 1466,3117"/>
                <Baseline points="1472,3159 1521,3156 1571,3155 1620,3153 1670,3152 1720,3152 1769,3150 1819,3150 1869,3152 1918,3152 1968,3152 2018,3153 2067,3153 2117,3155 2167,3156 2216,3156 2266,3158 2316,3158 2365,3159 2415,3159 2465,3159"/>
                <TextEquiv>
                    <Unicode>care noverit potest intelligi dupliciter primo </Unicode>
                </TextEquiv>
            </TextLine>
            <TextLine id="r2l43" custom="readingOrder {index:39;}">
                <Coords points="1463,3272 1789,3230 2294,3237 2375,3271 2486,3244 2486,3177 2234,3202 1902,3156 1805,3195 1684,3166 1555,3204 1462,3184"/>
                <Baseline points="1469,3242 1519,3240 1570,3239 1620,3237 1671,3236 1721,3234 1772,3233 1822,3233 1873,3231 1923,3231 1974,3230 2025,3230 2075,3230 2126,3230 2176,3230 2227,3231 2277,3231 2328,3233 2378,3233 2429,3234 2480,3236"/>
                <TextEquiv>
                    <Unicode>sic quod ly novit vel novicas habeat </Unicode>
                </TextEquiv>
            </TextLine>
            <TextLine id="r2l44" custom="readingOrder {index:40;}">
                <Coords points="1463,3362 1693,3374 1823,3331 1870,3362 1942,3336 2380,3342 2466,3325 2466,3287 2357,3255 2100,3273 2065,3244 1999,3278 1815,3247 1583,3294 1517,3262 1462,3282"/>
                <Baseline points="1469,3326 1518,3326 1568,3324 1617,3324 1667,3324 1716,3323 1766,3323 1815,3323 1865,3323 1914,3323 1964,3323 2014,3323 2063,3323 2113,3323 2162,3323 2212,3323 2261,3323 2311,3323 2360,3323 2410,3321 2460,3321"/>
                <TextEquiv>
                    <Unicode>se respetu tempororum vel successus sive eliciti </Unicode>
                </TextEquiv>
            </TextLine>
            <TextLine id="r2l45" custom="readingOrder {index:41;}">
                <Coords points="2332,3409 2357,3403 2373,3413 2387,3407 2398,3415 2421,3419 2469,3391 2470,3328 2460,3325 2426,3331 2418,3327 2407,3337 2379,3342 2353,3334 2333,3338"/>
                <Baseline points="2339,3372 2369,3371 2400,3371 2431,3372 2462,3375"/>
                <TextEquiv>
                    <Unicode>actus </Unicode>
                </TextEquiv>
            </TextLine>
            <TextEquiv>
                <Unicode>semper peccat 2m omnes sed non in 2a 2m 
quosdam sicut patet ex dictis quare 
ille difformationes patet non esse aequiles 
¶ ad rationes contra 2am ad primam partem 
cum dicebatur regula legis nostre potest 
primo dici negando consequentiam quia minor 
regula sufficit ostendere de sactum contra 
reamquandoque maiorem ¶ 2o potest dici quod 
sicet non fit sibi adaequata formaliter
et distincte tamen est sibi proportionata 
polit et virtualiter interptative sen
reductive patet cum per regulas conclusiones prae
cipiat declinare amalo et facere bonum 
in quo cuiuslibet legis de factus et error 
sectae dici potest consistere ¶ 3o potest dici quod 
conclusio loquitur de legibus quibus actualiter 
erratur quae tamen non leges sed statu 
ta erronea sectarum dici debent 
non autem inteligitur conclusio de omnium specie sectae 
qua possibile est contra legem divinam 
errare ¶ Ad rationes contra corollariia et primo pro 
ad istam contra quia infertur quod damp
nati contirinae fienter peiores diceret 
fastius libro 3 in conclusione utrum perceptum 
iusti dei nas dampnatas vale 
at obligare condio consequens Et cum arguitur 
contra ex hoc quod beati non sint melioris 
ne consequentiam aliter a ppatret michi dicendum 
negando primo consequentiam et si probatur contriae non 
facuunt ad quod obligantur sed arguit 
oppositum elicituve dico quod non obligant 
sub poena peiorationis culpatitis 
quamvis contriae obligerentur subpoena cum 
tempre ¶ ad 2m ibidem diceret idem fa
cuus ubi contlasdio consequens pro prima eius parte 
scilicet quod continae noviter peccant dampti sed 
negat quod contriae de meantur ¶ Aliter 
apparet michi dicendum scilicet quod ipsos contrae pec
care noverit potest intelligi dupliciter primo 
sic quod ly novit vel novicas habeat 
se respetu tempororum vel successus sive eliciti 
actus </Unicode>
            </TextEquiv>
        </TextRegion>
    </Page>
</PcGts>
