<?xml version="1.0" encoding="UTF-8" standalone="yes"?>
<PcGts xmlns="http://schema.primaresearch.org/PAGE/gts/pagecontent/2013-07-15" xmlns:xsi="http://www.w3.org/2001/XMLSchema-instance" xsi:schemaLocation="http://schema.primaresearch.org/PAGE/gts/pagecontent/2013-07-15 http://schema.primaresearch.org/PAGE/gts/pagecontent/2013-07-15/pagecontent.xsd">
    <Metadata>
        <Creator>prov=University of Rostock/Institute of Mathematics/CITlab|PLANET AI GmbH/Gundram Leifert/gundram.leifert@planet-ai.de:name=clm26711-m6(htr_id=25168)::::v=2.6.6
prov=University of Rostock/Institute of Mathematics/CITlab|PLANET AI GmbH/Tobias Gruening/tobias.gruening@planet-ai.de:name=de.uros.citlab.module.baseline2polygon.B2PSeamMultiOriented:v=2.6.6
prov=University of Rostock/Institute of Mathematics/CITlab|PLANET AI GmbH/Tobias Gruening/tobias.gruening@planet-ai.de:name=/net_tf/LA73_249_0mod360.pb:de.uros.citlab.segmentation.CITlab_LA_ML:v=2.6.6
Transkribus</Creator>
        <Created>2020-02-15T09:48:18.490-05:00</Created>
        <LastChange>2020-07-06T18:03:40.151+02:00</LastChange>
        <TranskribusMetadata docId="324541" pageId="12773143" pageNr="58" tsid="33592110" status="IN_PROGRESS" userId="25065" imgUrl="https://files.transkribus.eu/Get?id=QXPOHYOAEKNVZQFILBXOYONX&amp;fileType=view" xmlUrl="https://files.transkribus.eu/Get?id=IXINBMSGZWFLTFFTNANGAFJK" imageId="9020395"/>
    </Metadata>
    <Page imageFilename="30v.jpg" imageWidth="2964" imageHeight="4224">
        <ReadingOrder>
            <OrderedGroup id="ro_1594074123793" caption="Regions reading order">
                <RegionRefIndexed index="0" regionRef="r1"/>
                <RegionRefIndexed index="1" regionRef="r2"/>
            </OrderedGroup>
        </ReadingOrder>
        <TextRegion orientation="0.0" id="r1" custom="readingOrder {index:0;}">
            <Coords points="464,471 464,3460 1481,3460 1481,471"/>
            <TextLine id="r1l1" custom="readingOrder {index:0;}">
                <Coords points="457,541 634,541 685,579 798,523 965,552 1048,528 1127,563 1256,520 1345,557 1388,516 1471,519 1468,421 1181,476 1018,449 933,486 785,451 686,488 455,473"/>
                <Baseline points="464,530 514,532 564,534 614,536 664,536 714,536 764,536 814,534 864,533 914,531 964,530 1014,528 1064,525 1114,523 1164,521 1214,518 1264,515 1314,512 1364,510 1414,507 1464,504"/>
                <TextEquiv>
                    <Unicode>est sic signiatio complexe per totum propositions </Unicode>
                </TextEquiv>
            </TextLine>
            <TextLine id="r1l2" custom="readingOrder {index:1;}">
                <Coords points="464,617 643,609 695,649 757,604 887,648 1023,606 1089,639 1171,595 1426,617 1424,511 1359,560 1276,565 1216,525 1146,562 1006,528 687,576 643,544 463,541"/>
                <Baseline points="470,597 517,600 564,602 612,603 659,603 707,605 754,605 801,604 849,603 896,602 944,601 991,599 1038,597 1086,596 1133,594 1181,592 1228,590 1275,588 1323,585 1370,584 1418,581"/>
                <TextEquiv>
                    <Unicode>dictum quod non sit signifiate per alteream pr </Unicode>
                </TextEquiv>
            </TextLine>
            <TextLine id="r1l3" custom="readingOrder {index:2;}">
                <Coords points="470,702 1426,674 1424,603 1393,592 695,648 641,617 468,617"/>
                <Baseline points="476,674 523,674 570,675 617,675 664,675 711,674 758,674 806,672 853,672 900,671 947,669 994,668 1041,666 1088,665 1136,663 1183,661 1230,659 1277,656 1324,654 1371,651 1419,648"/>
                <TextEquiv>
                    <Unicode>positionis ex mum nec hoc intenditum </Unicode>
                </TextEquiv>
            </TextLine>
            <TextLine id="r1l4" custom="readingOrder {index:3;}">
                <Coords points="485,767 540,780 606,725 905,767 967,736 1363,749 1419,724 1418,680 1120,667 1067,704 1014,666 716,708 595,677 483,710"/>
                <Baseline points="491,741 537,740 583,740 629,738 675,738 721,738 767,737 813,737 859,737 905,735 951,735 997,734 1043,734 1089,732 1135,731 1181,729 1227,727 1273,725 1319,722 1365,718 1412,714"/>
                <TextEquiv>
                    <Unicode>Spomoles nec eius verba hoc sonant </Unicode>
                </TextEquiv>
            </TextLine>
            <TextLine id="r1l5" custom="readingOrder {index:4;}">
                <Coords points="481,819 896,831 1088,796 1300,833 1395,787 1428,802 1427,739 955,739 892,770 857,739 740,760 604,733 541,778 480,767"/>
                <Baseline points="488,807 534,807 581,807 627,807 674,807 721,807 767,807 814,807 861,806 907,806 954,806 1001,804 1047,803 1094,801 1141,801 1187,798 1234,796 1281,794 1327,791 1374,788 1421,783"/>
                <TextEquiv>
                    <Unicode>unde cum allegetur non vieri quod super a </Unicode>
                </TextEquiv>
            </TextLine>
            <TextLine id="r1l6" custom="readingOrder {index:5;}">
                <Coords points="479,912 693,867 1479,871 1477,787 1299,833 477,819"/>
                <Baseline points="485,876 534,876 583,875 633,875 682,873 732,872 781,870 830,869 880,867 929,866 979,866 1028,864 1077,863 1127,861 1176,861 1226,860 1275,860 1324,860 1374,860 1423,860 1473,861"/>
                <TextEquiv>
                    <Unicode>ffirmatione vel negatione iabet affirmatia </Unicode>
                </TextEquiv>
            </TextLine>
            <TextLine id="r1l7" custom="readingOrder {index:6;}">
                <Coords points="477,959 587,978 723,937 1031,963 1271,921 1334,963 1461,930 1459,875 475,912"/>
                <Baseline points="482,945 530,945 579,945 627,944 676,942 725,941 773,939 822,938 870,936 919,933 968,932 1016,930 1065,928 1113,926 1162,925 1211,923 1259,923 1308,921 1356,921 1405,921 1454,921"/>
                <TextEquiv>
                    <Unicode>et negatio concedo recipiendo sensu</Unicode>
                </TextEquiv>
            </TextLine>
            <TextLine id="r1l8" custom="readingOrder {index:7;}">
                <Coords points="473,1021 710,1005 793,1052 1094,987 1142,1017 1226,990 1415,1010 1427,949 1337,963 1261,926 1030,964 470,962"/>
                <Baseline points="479,1016 526,1016 573,1016 620,1014 667,1014 714,1012 761,1010 808,1009 855,1007 902,1005 950,1002 997,1000 1044,998 1091,996 1138,995 1185,993 1232,992 1279,989 1326,989 1373,987 1421,986"/>
                <TextEquiv>
                    <Unicode>iacere pro significari sed tunc non </Unicode>
                </TextEquiv>
            </TextLine>
            <TextLine id="r1l9" custom="readingOrder {index:8;}">
                <Coords points="491,1100 641,1081 713,1116 1111,1066 1212,1095 1259,1061 1449,1109 1444,1001 1052,995 816,1052 710,1005 603,1055 488,1019"/>
                <Baseline points="497,1089 544,1088 591,1088 638,1086 685,1085 732,1083 779,1082 827,1080 874,1077 921,1076 968,1074 1015,1072 1062,1070 1109,1068 1157,1065 1204,1064 1251,1062 1298,1060 1345,1058 1392,1056 1440,1055"/>
                <TextEquiv>
                    <Unicode>sequitur nec habetur ex verbis philosophis non est </Unicode>
                </TextEquiv>
            </TextLine>
            <TextLine id="r1l10" custom="readingOrder {index:9;}">
                <Coords points="476,1167 738,1150 804,1180 852,1152 892,1189 1057,1139 1263,1176 1483,1138 1316,1064 1211,1096 1108,1067 711,1118 552,1094 475,1124"/>
                <Baseline points="482,1152 531,1152 581,1152 631,1152 680,1152 730,1151 780,1150 829,1149 879,1148 929,1145 979,1145 1028,1142 1078,1141 1128,1139 1177,1137 1227,1136 1277,1134 1326,1134 1376,1133 1426,1133 1476,1133"/>
                <TextEquiv>
                    <Unicode>enim oratio igitur sigficabile complexi </Unicode>
                </TextEquiv>
            </TextLine>
            <TextLine id="r1l11" custom="readingOrder {index:10;}">
                <Coords points="474,1243 575,1268 868,1217 960,1260 1016,1219 1173,1213 1326,1258 1486,1213 1485,1139 1257,1184 1138,1148 895,1189 853,1153 804,1179 473,1168"/>
                <Baseline points="480,1221 532,1221 585,1220 637,1218 690,1218 742,1217 795,1217 848,1215 900,1215 953,1215 1005,1214 1058,1214 1110,1214 1163,1214 1216,1214 1268,1214 1321,1214 1373,1214 1426,1214 1479,1214"/>
                <TextEquiv>
                    <Unicode>distinguendo complexe significabile </Unicode>
                </TextEquiv>
            </TextLine>
            <TextLine id="r1l12" custom="readingOrder {index:11;}">
                <Coords points="483,1332 551,1296 645,1331 788,1304 838,1338 965,1300 1453,1291 1450,1215 1325,1258 1088,1230 941,1261 543,1235 481,1264"/>
                <Baseline points="489,1302 536,1302 584,1301 632,1301 680,1299 728,1299 776,1298 823,1296 871,1295 919,1293 967,1292 1015,1290 1063,1289 1111,1287 1158,1286 1206,1284 1254,1283 1302,1282 1350,1281 1398,1280 1446,1280"/>
                <TextEquiv>
                    <Unicode>contra complexe significabile esse ¶ ad </Unicode>
                </TextEquiv>
            </TextLine>
            <TextLine id="r1l13" custom="readingOrder {index:12;}">
                <Coords points="478,1414 563,1380 680,1412 899,1376 985,1415 1150,1352 1298,1388 1456,1360 1454,1315 1236,1283 992,1328 475,1325"/>
                <Baseline points="483,1382 531,1379 579,1377 627,1374 676,1373 724,1371 772,1370 821,1368 869,1367 917,1365 966,1364 1014,1362 1062,1361 1110,1359 1159,1358 1207,1356 1255,1353 1304,1352 1352,1349 1400,1346 1449,1344"/>
                <TextEquiv>
                    <Unicode>3m cum supponitur quod propositio aliqua non </Unicode>
                </TextEquiv>
            </TextLine>
            <TextLine id="r1l14" custom="readingOrder {index:13;}">
                <Coords points="479,1454 830,1487 936,1448 1219,1462 1253,1429 1299,1454 1470,1416 1468,1359 1405,1347 1278,1400 1131,1372 987,1412 880,1379 478,1414"/>
                <Baseline points="486,1449 534,1449 583,1448 632,1448 681,1446 730,1446 779,1446 827,1445 876,1444 925,1443 974,1442 1023,1440 1072,1439 1121,1437 1169,1434 1218,1433 1267,1429 1316,1426 1365,1421 1414,1416 1463,1412"/>
                <TextEquiv>
                    <Unicode>est ipsam esse veram haec est conceden</Unicode>
                </TextEquiv>
            </TextLine>
            <TextLine id="r1l15" custom="readingOrder {index:14;}">
                <Coords points="482,1539 590,1554 662,1522 849,1563 921,1525 1051,1503 1115,1538 1184,1502 1456,1536 1429,1417 1150,1472 481,1475"/>
                <Baseline points="488,1514 536,1517 584,1519 632,1520 680,1521 728,1521 776,1520 824,1518 872,1517 920,1515 968,1514 1016,1511 1064,1508 1112,1506 1160,1504 1208,1502 1256,1500 1304,1499 1352,1499 1400,1497 1448,1499"/>
                <TextEquiv>
                    <Unicode>da sicut supponitur sed taliter ex ips</Unicode>
                </TextEquiv>
            </TextLine>
            <TextLine id="r1l16" custom="readingOrder {index:15;}">
                <Coords points="479,1598 655,1630 775,1594 927,1600 1098,1636 1447,1581 1445,1532 1358,1519 675,1565 522,1532 477,1560"/>
                <Baseline points="485,1595 532,1596 580,1598 628,1599 676,1599 723,1598 771,1598 819,1596 867,1595 914,1593 962,1590 1010,1587 1058,1586 1105,1583 1153,1580 1201,1577 1249,1574 1296,1572 1344,1569 1392,1568 1440,1566"/>
                <TextEquiv>
                    <Unicode>non arguitur nam patet quod haec proposius </Unicode>
                </TextEquiv>
            </TextLine>
            <TextLine id="r1l17" custom="readingOrder {index:16;}">
                <Coords points="480,1710 553,1676 761,1678 814,1713 932,1672 1373,1684 1440,1654 1438,1581 1327,1622 1182,1606 1061,1640 825,1604 668,1638 477,1617"/>
                <Baseline points="486,1674 533,1674 580,1674 628,1674 675,1674 722,1674 770,1673 817,1673 864,1671 912,1670 959,1668 1006,1667 1054,1665 1101,1663 1148,1660 1196,1658 1243,1654 1290,1652 1338,1648 1385,1644 1433,1640"/>
                <TextEquiv>
                    <Unicode>homo est a suius non est ipsam esse </Unicode>
                </TextEquiv>
            </TextLine>
            <TextLine id="r1l18" custom="readingOrder {index:17;}">
                <Coords points="475,1797 532,1769 611,1801 682,1763 750,1791 893,1748 1052,1779 1161,1730 1339,1718 1395,1750 1424,1682 1293,1660 1258,1692 1054,1686 936,1727 878,1691 471,1717"/>
                <Baseline points="480,1757 526,1757 573,1756 620,1755 667,1755 714,1754 761,1752 808,1751 855,1749 902,1748 949,1746 995,1743 1042,1741 1089,1737 1136,1735 1183,1731 1230,1728 1277,1723 1324,1719 1371,1714 1418,1709"/>
                <TextEquiv>
                    <Unicode>veram sed si inter quod propositionem veram </Unicode>
                </TextEquiv>
            </TextLine>
            <TextLine id="r1l19" custom="readingOrder {index:18;}">
                <Coords points="472,1870 694,1833 801,1867 870,1827 1035,1853 1309,1805 1431,1837 1481,1799 1477,1723 1391,1751 1157,1732 1052,1779 468,1791"/>
                <Baseline points="477,1832 526,1832 576,1832 626,1830 676,1830 726,1829 775,1826 825,1824 875,1821 925,1818 975,1816 1024,1813 1074,1809 1124,1807 1174,1803 1224,1801 1273,1798 1323,1796 1373,1794 1423,1793 1473,1791"/>
                <TextEquiv>
                    <Unicode>esse veram sic aliquid aliud a propositio</Unicode>
                </TextEquiv>
            </TextLine>
            <TextLine id="r1l20" custom="readingOrder {index:19;}">
                <Coords points="494,1911 628,1937 778,1894 946,1914 1044,1885 1432,1883 1430,1833 1288,1809 1142,1846 795,1867 646,1839 492,1870"/>
                <Baseline points="500,1905 546,1904 592,1904 638,1902 685,1901 731,1899 777,1898 823,1895 870,1893 916,1890 962,1889 1008,1887 1055,1884 1101,1883 1147,1880 1193,1877 1240,1875 1286,1874 1332,1872 1378,1871 1425,1869"/>
                <TextEquiv>
                    <Unicode>ne sicut noster quod ipsam velit in</Unicode>
                </TextEquiv>
            </TextLine>
            <TextLine id="r1l21" custom="readingOrder {index:20;}">
                <Coords points="486,1997 677,1967 821,1992 1029,1948 1203,1982 1241,1949 1286,1980 1373,1943 1430,1963 1446,1882 1041,1886 752,1932 665,1906 626,1938 537,1899 483,1925"/>
                <Baseline points="491,1973 538,1972 586,1971 633,1970 681,1968 728,1966 776,1964 823,1962 871,1960 918,1958 966,1955 1014,1953 1061,1951 1109,1949 1156,1946 1204,1944 1251,1941 1299,1938 1346,1937 1394,1934 1442,1931"/>
                <TextEquiv>
                    <Unicode>telligere margunendo tunc suppositionis </Unicode>
                </TextEquiv>
            </TextLine>
            <TextLine id="r1l22" custom="readingOrder {index:21;}">
                <Coords points="483,2076 1029,2025 1416,2060 1467,2038 1465,1978 1235,1953 1146,1987 1009,1954 773,2004 664,1972 480,1993"/>
                <Baseline points="488,2049 536,2048 585,2046 633,2043 682,2040 731,2039 779,2036 828,2033 876,2031 925,2029 974,2027 1022,2024 1071,2021 1119,2019 1168,2018 1217,2015 1265,2013 1314,2012 1362,2010 1411,2010 1460,2009"/>
                <TextEquiv>
                    <Unicode>quod deberes probare Et in super supra </Unicode>
                </TextEquiv>
            </TextLine>
            <TextLine id="r1l23" custom="readingOrder {index:22;}">
                <Coords points="502,2165 616,2116 820,2145 868,2108 1264,2092 1335,2126 1466,2100 1465,2045 1299,2068 1254,2040 1082,2046 1042,2072 663,2043 499,2088"/>
                <Baseline points="506,2117 553,2115 601,2114 649,2112 696,2111 744,2108 792,2106 839,2105 887,2103 935,2100 983,2097 1030,2096 1078,2094 1126,2092 1173,2091 1221,2088 1269,2088 1316,2087 1364,2087 1412,2087 1460,2087"/>
                <TextEquiv>
                    <Unicode>positum est falsum et cum arguitur quia </Unicode>
                </TextEquiv>
            </TextLine>
            <TextLine id="r1l24" custom="readingOrder {index:23;}">
                <Coords points="485,2211 921,2184 981,2221 1153,2169 1325,2209 1435,2188 1431,2103 1400,2099 1336,2126 1182,2101 1109,2136 1059,2102 944,2133 870,2108 820,2145 483,2140"/>
                <Baseline points="491,2198 537,2196 584,2195 631,2192 678,2190 725,2187 772,2185 818,2181 865,2179 912,2177 959,2174 1006,2172 1053,2169 1100,2168 1146,2166 1193,2165 1240,2165 1287,2165 1334,2165 1381,2166 1428,2168"/>
                <TextEquiv>
                    <Unicode>tunc quilibet apprehendens propositionem </Unicode>
                </TextEquiv>
            </TextLine>
            <TextLine id="r1l25" custom="readingOrder {index:24;}">
                <Coords points="491,2276 559,2300 830,2255 864,2285 923,2257 1074,2284 1142,2239 1250,2242 1325,2287 1362,2252 1465,2254 1463,2194 1341,2224 1217,2169 999,2221 776,2189 489,2221"/>
                <Baseline points="497,2265 545,2264 593,2262 641,2260 689,2258 737,2255 785,2253 833,2251 881,2249 929,2247 977,2246 1025,2243 1073,2241 1121,2241 1169,2240 1217,2238 1265,2238 1313,2238 1361,2238 1409,2240 1458,2241"/>
                <TextEquiv>
                    <Unicode>apprehenderet ipsam esse veram satis </Unicode>
                </TextEquiv>
            </TextLine>
            <TextLine id="r1l26" custom="readingOrder {index:25;}">
                <Coords points="491,2339 731,2328 821,2363 888,2322 960,2348 1131,2312 1428,2323 1426,2270 1193,2249 1078,2282 834,2265 788,2288 733,2262 490,2291"/>
                <Baseline points="497,2328 543,2327 589,2325 635,2324 681,2322 728,2321 774,2320 820,2319 866,2318 912,2318 959,2316 1005,2315 1051,2315 1097,2313 1143,2312 1190,2311 1236,2309 1282,2307 1328,2306 1374,2303 1421,2301"/>
                <TextEquiv>
                    <Unicode>miror de istis consequentiis sic enim artictuo </Unicode>
                </TextEquiv>
            </TextLine>
            <TextLine id="r1l27" custom="readingOrder {index:26;}">
                <Coords points="477,2438 555,2396 866,2428 961,2385 1257,2378 1318,2407 1430,2367 1428,2322 1224,2310 1072,2344 883,2326 822,2365 474,2361"/>
                <Baseline points="482,2405 529,2402 576,2399 623,2397 670,2394 717,2393 764,2390 811,2388 858,2387 905,2386 953,2384 1000,2382 1047,2381 1094,2380 1141,2379 1188,2377 1235,2375 1282,2374 1329,2372 1376,2370 1424,2367"/>
                <TextEquiv>
                    <Unicode>genurerem quod essentia divina esset </Unicode>
                </TextEquiv>
            </TextLine>
            <TextLine id="r1l28" custom="readingOrder {index:27;}">
                <Coords points="483,2490 663,2458 702,2481 868,2456 961,2492 1022,2452 1463,2459 1471,2376 1317,2408 1252,2380 1004,2390 869,2428 555,2398 481,2436"/>
                <Baseline points="488,2472 539,2471 591,2469 642,2466 694,2465 745,2462 797,2460 848,2457 900,2455 951,2452 1003,2451 1054,2448 1106,2447 1157,2445 1209,2444 1260,2442 1312,2442 1363,2441 1415,2441 1467,2442"/>
                <TextEquiv>
                    <Unicode>aliud a patre et simulitudo aliud </Unicode>
                </TextEquiv>
            </TextLine>
            <TextLine id="r1l29" custom="readingOrder {index:28;}">
                <Coords points="481,2551 575,2541 614,2571 900,2530 985,2567 1108,2519 1428,2513 1426,2451 1325,2444 1250,2488 1108,2451 963,2492 763,2464 480,2497"/>
                <Baseline points="488,2543 534,2541 581,2538 627,2536 674,2534 721,2531 767,2530 814,2528 861,2526 907,2524 954,2522 1001,2520 1047,2519 1094,2518 1141,2516 1187,2516 1234,2514 1281,2514 1327,2514 1374,2513 1421,2513"/>
                <TextEquiv>
                    <Unicode>a resimli Et aequalitas aliud </Unicode>
                </TextEquiv>
            </TextLine>
            <TextLine id="r1l30" custom="readingOrder {index:29;}">
                <Coords points="482,2630 593,2619 637,2654 727,2612 887,2643 1032,2595 1404,2602 1484,2585 1483,2540 1227,2521 919,2568 766,2536 604,2577 552,2541 480,2575"/>
                <Baseline points="488,2618 537,2616 587,2614 636,2612 686,2610 735,2609 785,2606 834,2604 884,2603 933,2600 983,2599 1032,2597 1082,2595 1131,2593 1181,2591 1230,2589 1280,2588 1329,2585 1379,2583 1428,2582 1478,2579"/>
                <TextEquiv>
                    <Unicode>abaequali et paternitas aliud apa</Unicode>
                </TextEquiv>
            </TextLine>
            <TextLine id="r1l31" custom="readingOrder {index:30;}">
                <Coords points="479,2717 676,2690 944,2708 976,2675 1244,2685 1288,2656 1390,2692 1461,2669 1459,2612 1178,2593 1127,2626 684,2628 545,2659 475,2629"/>
                <Baseline points="485,2699 533,2697 581,2696 630,2694 678,2691 727,2690 775,2687 824,2684 872,2682 921,2678 969,2676 1017,2673 1066,2671 1114,2669 1163,2666 1211,2664 1260,2663 1308,2661 1357,2660 1405,2660 1454,2660"/>
                <TextEquiv>
                    <Unicode>tre in creaturis et multa et hiis </Unicode>
                </TextEquiv>
            </TextLine>
            <TextLine id="r1l32" custom="readingOrder {index:31;}">
                <Coords points="487,2814 529,2783 689,2778 785,2820 892,2764 1286,2768 1325,2741 1407,2780 1421,2689 790,2717 743,2745 653,2693 561,2739 482,2717"/>
                <Baseline points="491,2778 537,2778 583,2778 629,2777 676,2775 722,2774 768,2771 814,2769 861,2767 907,2764 953,2762 999,2758 1046,2756 1092,2753 1138,2749 1184,2747 1231,2744 1277,2742 1323,2739 1369,2738 1416,2736"/>
                <TextEquiv>
                    <Unicode>simlia quae ipsemet negaret </Unicode>
                </TextEquiv>
            </TextLine>
            <TextLine id="r1l33" custom="readingOrder {index:32;}">
                <Coords points="493,2853 597,2890 835,2883 917,2849 1010,2872 1102,2836 1435,2819 1462,2764 1249,2787 1158,2750 1068,2797 939,2769 785,2816 491,2807"/>
                <Baseline points="500,2847 547,2849 595,2850 643,2850 691,2850 739,2850 787,2848 835,2846 883,2844 931,2841 979,2838 1026,2837 1074,2833 1122,2829 1170,2826 1218,2824 1266,2820 1314,2817 1362,2815 1410,2813 1458,2811"/>
                <TextEquiv>
                    <Unicode>et patet omnino quod allegationes imese </Unicode>
                </TextEquiv>
            </TextLine>
            <TextLine id="r1l34" custom="readingOrder {index:33;}">
                <Coords points="495,2967 650,2985 793,2935 1077,2974 1149,2923 1411,2938 1489,2912 1485,2845 1419,2829 643,2899 490,2877"/>
                <Baseline points="500,2940 549,2940 598,2940 647,2940 696,2939 745,2937 794,2935 843,2933 892,2930 941,2928 990,2925 1039,2922 1088,2918 1137,2915 1186,2912 1235,2909 1284,2906 1333,2903 1382,2900 1431,2898 1481,2895"/>
                <TextEquiv>
                    <Unicode>suis ex toto sunt simles Et hiis </Unicode>
                </TextEquiv>
            </TextLine>
            <TextLine id="r1l35" custom="readingOrder {index:34;}">
                <Coords points="487,3071 571,3050 666,3089 793,3029 1134,2998 1442,3023 1481,3000 1478,2953 1243,2920 1079,2972 837,2952 693,2993 481,2979"/>
                <Baseline points="492,3036 541,3036 590,3035 639,3033 688,3032 737,3028 786,3026 835,3021 884,3017 933,3013 982,3009 1031,3005 1080,3001 1129,2996 1178,2993 1227,2989 1276,2987 1325,2984 1374,2983 1423,2982 1473,2982"/>
                <TextEquiv>
                    <Unicode>satis patet quod 2a ratio non concludit und</Unicode>
                </TextEquiv>
            </TextLine>
            <TextLine id="r1l36" custom="readingOrder {index:35;}">
                <Coords points="461,3121 650,3147 808,3099 1121,3076 1488,3089 1483,3015 1217,2998 1023,3047 801,3032 667,3089 458,3079"/>
                <Baseline points="467,3120 517,3120 568,3120 618,3119 669,3116 720,3113 770,3109 821,3105 871,3099 922,3094 973,3090 1023,3083 1074,3079 1124,3074 1175,3070 1226,3066 1276,3063 1327,3060 1377,3059 1428,3059 1479,3060"/>
                <TextEquiv>
                    <Unicode>cum arguitur per de mosttionem cuius </Unicode>
                </TextEquiv>
            </TextLine>
            <TextLine id="r1l37" custom="readingOrder {index:36;}">
                <Coords points="476,3236 531,3218 601,3262 787,3210 825,3229 891,3179 1125,3159 1168,3188 1398,3155 1459,3191 1450,3081 1327,3078 1190,3120 1081,3082 881,3114 784,3168 525,3133 471,3170"/>
                <Baseline points="480,3209 528,3209 576,3209 625,3207 673,3204 722,3200 770,3197 819,3192 867,3187 916,3181 964,3176 1012,3171 1061,3166 1109,3162 1158,3157 1206,3153 1255,3150 1303,3149 1352,3149 1400,3150 1449,3152"/>
                <TextEquiv>
                    <Unicode>conclusio est super quodlibet titulum igitur illius </Unicode>
                </TextEquiv>
            </TextLine>
            <TextLine id="r1l38" custom="readingOrder {index:37;}">
                <Coords points="486,3325 726,3283 815,3303 929,3261 1148,3281 1401,3246 1462,3276 1433,3182 1155,3208 1070,3170 994,3214 887,3193 844,3233 657,3225 602,3261 481,3264"/>
                <Baseline points="489,3293 537,3292 585,3290 633,3288 681,3286 729,3283 777,3278 826,3274 874,3269 922,3265 970,3260 1018,3255 1066,3250 1114,3245 1163,3240 1211,3238 1259,3234 1307,3233 1355,3231 1403,3230 1452,3231"/>
                <TextEquiv>
                    <Unicode>scientiae non est obiectum ipsa contra nege </Unicode>
                </TextEquiv>
            </TextLine>
            <TextLine id="r1l39" custom="readingOrder {index:38;}">
                <Coords points="469,3359 535,3386 863,3357 918,3398 1155,3332 1303,3321 1362,3355 1456,3325 1452,3274 1399,3246 1191,3284 1043,3265 780,3341 599,3295 468,3336"/>
                <Baseline points="476,3365 524,3366 573,3366 621,3366 670,3365 719,3363 767,3360 816,3357 864,3355 913,3352 962,3348 1010,3344 1059,3340 1107,3335 1156,3332 1205,3327 1253,3323 1302,3318 1350,3314 1399,3309 1448,3305"/>
                <TextEquiv>
                    <Unicode>consequentia et id  non probatur ideo non plus </Unicode>
                </TextEquiv>
            </TextLine>
            <TextLine id="r1l40" custom="readingOrder {index:39;}">
                <Coords points="485,3487 1481,3421 1474,3315 1368,3357 1280,3331 925,3395 864,3358 641,3367 579,3400 478,3373"/>
                <Baseline points="488,3438 537,3441 586,3442 635,3443 684,3443 734,3441 783,3438 832,3436 881,3434 930,3431 980,3426 1029,3422 1078,3419 1127,3414 1176,3410 1226,3405 1275,3402 1324,3399 1373,3395 1422,3392 1472,3390"/>
                <TextEquiv>
                    <Unicode>dicitur vel aliter nege assumptum et ad </Unicode>
                </TextEquiv>
            </TextLine>
            <TextEquiv>
                <Unicode>est sic signiatio complexe per totum propositions 
dictum quod non sit signifiate per alteream pr 
positionis ex mum nec hoc intenditum 
Spomoles nec eius verba hoc sonant 
unde cum allegetur non vieri quod super a 
ffirmatione vel negatione iabet affirmatia 
et negatio concedo recipiendo sensu
iacere pro significari sed tunc non 
sequitur nec habetur ex verbis philosophis non est 
enim oratio igitur sigficabile complexi 
distinguendo complexe significabile 
contra complexe significabile esse ¶ ad 
3m cum supponitur quod propositio aliqua non 
est ipsam esse veram haec est conceden
da sicut supponitur sed taliter ex ips
non arguitur nam patet quod haec proposius 
homo est a suius non est ipsam esse 
veram sed si inter quod propositionem veram 
esse veram sic aliquid aliud a propositio
ne sicut noster quod ipsam velit in
telligere margunendo tunc suppositionis 
quod deberes probare Et in super supra 
positum est falsum et cum arguitur quia 
tunc quilibet apprehendens propositionem 
apprehenderet ipsam esse veram satis 
miror de istis consequentiis sic enim artictuo 
genurerem quod essentia divina esset 
aliud a patre et simulitudo aliud 
a resimli Et aequalitas aliud 
abaequali et paternitas aliud apa
tre in creaturis et multa et hiis 
simlia quae ipsemet negaret 
et patet omnino quod allegationes imese 
suis ex toto sunt simles Et hiis 
satis patet quod 2a ratio non concludit und
cum arguitur per de mosttionem cuius 
conclusio est super quodlibet titulum igitur illius 
scientiae non est obiectum ipsa contra nege 
consequentia et id  non probatur ideo non plus 
dicitur vel aliter nege assumptum et ad </Unicode>
            </TextEquiv>
        </TextRegion>
        <TextRegion orientation="0.0" id="r2" custom="readingOrder {index:1;}">
            <Coords points="1610,435 1610,3409 2669,3409 2669,435"/>
            <TextLine id="r2l1" custom="readingOrder {index:0;}">
                <Coords points="1605,539 1874,495 2012,531 2076,494 2123,525 2312,474 2535,519 2595,491 2593,424 2443,387 1981,452 1873,412 1600,425"/>
                <Baseline points="1610,495 1658,497 1707,498 1756,500 1805,499 1854,498 1903,497 1952,494 2001,491 2050,489 2099,485 2147,482 2196,480 2245,477 2294,474 2343,473 2392,471 2441,470 2490,470 2539,471 2588,473"/>
                <TextEquiv>
                    <Unicode>probationes quae procedunt ex suppr </Unicode>
                </TextEquiv>
            </TextLine>
            <TextLine id="r2l2" custom="readingOrder {index:1;}">
                <Coords points="1630,581 1873,574 1943,603 2220,561 2293,598 2434,597 2538,558 2631,584 2629,492 2529,519 2262,481 2106,536 1875,494 1629,538"/>
                <Baseline points="1637,560 1686,564 1735,566 1785,567 1834,569 1883,568 1933,567 1982,566 2031,564 2081,561 2130,559 2179,557 2229,555 2278,553 2327,551 2377,549 2426,549 2475,549 2525,550 2574,552 2624,555"/>
                <TextEquiv>
                    <Unicode>omitionibus patet quid dicendum per ista tamen </Unicode>
                </TextEquiv>
            </TextLine>
            <TextLine id="r2l3" custom="readingOrder {index:2;}">
                <Coords points="1634,649 1982,638 2057,668 2095,637 2405,630 2508,674 2604,639 2603,581 2553,562 2346,602 2206,568 1970,575 1940,604 1633,579"/>
                <Baseline points="1640,639 1687,640 1735,641 1783,641 1831,640 1879,639 1927,638 1975,637 2023,635 2071,633 2119,632 2166,630 2214,629 2262,629 2310,627 2358,627 2406,627 2454,629 2502,630 2550,632 2598,635"/>
                <TextEquiv>
                    <Unicode>non intendo oppositam conclusionem asse </Unicode>
                </TextEquiv>
            </TextLine>
            <TextLine id="r2l4" custom="readingOrder {index:3;}">
                <Coords points="1618,736 1958,715 2033,751 2108,707 2394,697 2504,738 2608,712 2607,636 2542,673 2405,630 2216,630 1963,676 1855,643 1774,681 1709,646 1617,677"/>
                <Baseline points="1625,722 1673,720 1722,719 1771,717 1820,716 1869,713 1917,711 1966,708 2015,706 2064,705 2113,702 2161,701 2210,699 2259,699 2308,698 2357,699 2405,699 2454,701 2503,704 2552,707 2601,711"/>
                <TextEquiv>
                    <Unicode>ere et conclusionem istius doctoris negare </Unicode>
                </TextEquiv>
            </TextLine>
            <TextLine id="r2l5" custom="readingOrder {index:4;}">
                <Coords points="1637,811 1832,825 1948,781 2008,808 2199,777 2607,788 2606,740 2532,714 2479,745 2367,706 2034,751 1964,714 1894,747 1635,740"/>
                <Baseline points="1643,794 1690,795 1738,795 1786,794 1834,794 1882,792 1930,789 1978,788 2026,785 2074,782 2122,779 2169,777 2217,774 2265,773 2313,773 2361,771 2409,771 2457,773 2505,774 2553,777 2601,782"/>
                <TextEquiv>
                    <Unicode>rationes pro 2a conclusione quam omno cre</Unicode>
                </TextEquiv>
            </TextLine>
            <TextLine id="r2l6" custom="readingOrder {index:5;}">
                <Coords points="1631,901 1821,862 1980,891 2032,859 2253,843 2351,886 2398,851 2457,878 2582,865 2579,786 2539,783 2365,778 2334,807 2198,776 2000,829 1923,794 1805,841 1628,820"/>
                <Baseline points="1637,872 1683,872 1730,870 1777,869 1824,867 1871,864 1918,861 1964,859 2011,857 2058,853 2105,851 2152,848 2199,845 2246,844 2292,842 2339,842 2386,840 2433,842 2480,842 2527,843 2574,846"/>
                <TextEquiv>
                    <Unicode>do esse falsam non solum falsae ymmo </Unicode>
                </TextEquiv>
            </TextLine>
            <TextLine id="r2l7" custom="readingOrder {index:6;}">
                <Coords points="1626,980 1765,949 1889,988 1984,936 2135,924 2473,941 2592,921 2590,872 2292,891 2121,859 2007,900 1813,868 1724,910 1622,898"/>
                <Baseline points="1631,957 1678,953 1726,949 1774,947 1822,942 1869,939 1917,937 1965,933 2013,930 2060,929 2108,926 2156,923 2204,922 2251,920 2299,918 2347,918 2395,917 2442,916 2490,915 2538,915 2586,915"/>
                <TextEquiv>
                    <Unicode>periculose sunt unde cum argui </Unicode>
                </TextEquiv>
            </TextLine>
            <TextLine id="r2l8" custom="readingOrder {index:7;}">
                <Coords points="1626,1073 1721,1030 1801,1060 1907,1012 2251,1009 2290,1038 2416,997 2613,1007 2629,921 2539,960 2314,920 2166,960 1976,940 1919,982 1622,983"/>
                <Baseline points="1631,1037 1680,1032 1730,1028 1780,1023 1829,1020 1879,1016 1929,1013 1978,1010 2028,1008 2078,1005 2128,1004 2177,1002 2227,1001 2277,999 2326,998 2376,998 2426,996 2475,996 2525,996 2575,996 2625,996"/>
                <TextEquiv>
                    <Unicode>si res extra terminum multae scientiae cirite concedo </Unicode>
                </TextEquiv>
            </TextLine>
            <TextLine id="r2l9" custom="readingOrder {index:8;}">
                <Coords points="1629,1156 1772,1107 2166,1130 2360,1068 2614,1091 2612,1002 2527,1043 2415,998 2288,1039 2055,1044 2012,1014 1918,1066 1701,1038 1626,1078"/>
                <Baseline points="1634,1109 1682,1109 1731,1107 1780,1106 1829,1103 1877,1101 1926,1098 1975,1094 2024,1091 2072,1086 2121,1084 2170,1081 2219,1077 2267,1074 2316,1073 2365,1071 2414,1070 2462,1070 2511,1070 2560,1070 2609,1073"/>
                <TextEquiv>
                    <Unicode>consequens nam inter 3a oportet unum vel </Unicode>
                </TextEquiv>
            </TextLine>
            <TextLine id="r2l10" custom="readingOrder {index:9;}">
                <Coords points="1635,1222 1720,1184 1819,1213 1853,1182 1936,1210 2036,1171 2203,1190 2301,1150 2453,1182 2572,1140 2570,1076 2459,1102 2308,1079 2026,1136 1898,1100 1632,1146"/>
                <Baseline points="1640,1182 1686,1182 1732,1181 1779,1180 1825,1178 1871,1176 1918,1173 1964,1172 2010,1168 2057,1165 2103,1163 2149,1160 2196,1157 2242,1155 2288,1152 2335,1150 2381,1149 2427,1146 2474,1145 2520,1145 2567,1145"/>
                <TextEquiv>
                    <Unicode>quod nichil scimus nisi deum vel </Unicode>
                </TextEquiv>
            </TextLine>
            <TextLine id="r2l11" custom="readingOrder {index:10;}">
                <Coords points="1635,1294 1766,1256 1983,1242 2054,1282 2144,1234 2636,1225 2630,1122 2452,1183 2299,1149 2202,1191 2040,1172 1900,1213 1854,1182 1631,1225"/>
                <Baseline points="1640,1263 1689,1260 1738,1257 1788,1255 1837,1252 1887,1250 1936,1246 1985,1243 2035,1241 2084,1238 2134,1235 2183,1232 2232,1229 2282,1226 2331,1224 2381,1222 2430,1220 2479,1218 2529,1215 2578,1214 2628,1212"/>
                <TextEquiv>
                    <Unicode>quod tot sunt distincta aeterna et neccessaria </Unicode>
                </TextEquiv>
            </TextLine>
            <TextLine id="r2l12" custom="readingOrder {index:11;}">
                <Coords points="1630,1368 1796,1334 1833,1367 1959,1315 2130,1312 2207,1346 2269,1305 2601,1300 2599,1253 2458,1221 2284,1254 2145,1234 2063,1285 1983,1242 1627,1290"/>
                <Baseline points="1635,1340 1685,1335 1735,1330 1786,1325 1836,1322 1887,1318 1937,1314 1988,1312 2038,1309 2089,1307 2139,1305 2190,1302 2240,1301 2291,1299 2341,1298 2392,1298 2442,1296 2493,1296 2543,1296 2594,1296"/>
                <TextEquiv>
                    <Unicode>quod sunt scibilia vel quod continentia </Unicode>
                </TextEquiv>
            </TextLine>
            <TextLine id="r2l13" custom="readingOrder {index:12;}">
                <Coords points="1643,1428 1887,1393 1980,1433 2141,1384 2276,1420 2428,1368 2617,1386 2613,1315 2488,1298 2357,1345 2293,1304 2207,1346 1958,1316 1641,1389"/>
                <Baseline points="1649,1421 1697,1416 1745,1412 1793,1408 1841,1404 1889,1401 1937,1397 1985,1394 2033,1391 2081,1388 2129,1385 2177,1383 2225,1380 2273,1378 2321,1376 2369,1374 2417,1373 2465,1373 2513,1371 2561,1371 2609,1370"/>
                <TextEquiv>
                    <Unicode>sunt anobis scita Sed primo duo non </Unicode>
                </TextEquiv>
            </TextLine>
            <TextLine id="r2l14" custom="readingOrder {index:13;}">
                <Coords points="1641,1508 2027,1468 2263,1498 2402,1452 2466,1481 2505,1449 2634,1457 2632,1409 2540,1416 2427,1368 2351,1415 2196,1434 2065,1401 1984,1432 1638,1438"/>
                <Baseline points="1646,1487 1695,1484 1744,1482 1793,1479 1842,1476 1891,1474 1940,1471 1989,1469 2038,1466 2087,1463 2136,1461 2185,1459 2234,1457 2283,1455 2332,1454 2381,1452 2430,1451 2479,1451 2528,1451 2577,1451 2627,1451"/>
                <TextEquiv>
                    <Unicode>solum sunt falsa ymo periculosa ut </Unicode>
                </TextEquiv>
            </TextLine>
            <TextLine id="r2l15" custom="readingOrder {index:14;}">
                <Coords points="1638,1604 2031,1548 2112,1579 2180,1540 2595,1539 2603,1470 2497,1496 2373,1452 2215,1501 2028,1468 1636,1520"/>
                <Baseline points="1643,1562 1690,1556 1738,1552 1786,1548 1833,1545 1881,1541 1929,1539 1976,1538 2024,1536 2072,1535 2120,1534 2167,1533 2215,1533 2263,1532 2310,1532 2358,1532 2406,1532 2453,1531 2501,1530 2549,1530 2597,1529"/>
                <TextEquiv>
                    <Unicode>patet ergo 3m debet concedi Et cum </Unicode>
                </TextEquiv>
            </TextLine>
            <TextLine id="r2l16" custom="readingOrder {index:15;}">
                <Coords points="1626,1655 1832,1639 1923,1669 1991,1638 2086,1664 2160,1616 2257,1649 2473,1619 2516,1644 2658,1611 2656,1557 2507,1530 2268,1582 2166,1547 2115,1581 2029,1548 1624,1601"/>
                <Baseline points="1631,1638 1682,1635 1733,1632 1784,1629 1835,1626 1886,1623 1937,1622 1988,1620 2039,1617 2090,1616 2141,1614 2192,1613 2243,1611 2294,1611 2345,1610 2396,1610 2447,1608 2498,1608 2549,1608 2600,1608 2651,1608"/>
                <TextEquiv>
                    <Unicode>arguitur per philosophum dico quod philosophus ha</Unicode>
                </TextEquiv>
            </TextLine>
            <TextLine id="r2l17" custom="readingOrder {index:16;}">
                <Coords points="1633,1725 1812,1712 1862,1749 1904,1713 2167,1731 2274,1688 2406,1728 2608,1717 2606,1657 2475,1618 2342,1650 2143,1641 2114,1668 1989,1638 1923,1670 1631,1655"/>
                <Baseline points="1640,1715 1688,1713 1736,1712 1784,1709 1832,1707 1880,1704 1928,1702 1976,1700 2024,1697 2072,1695 2120,1692 2168,1691 2216,1689 2264,1688 2312,1688 2360,1688 2408,1688 2456,1688 2504,1689 2552,1692 2601,1695"/>
                <TextEquiv>
                    <Unicode>buit oppositam oppinionem hinc </Unicode>
                </TextEquiv>
            </TextLine>
            <TextLine id="r2l18" custom="readingOrder {index:17;}">
                <Coords points="1634,1804 1785,1780 1973,1814 2005,1784 2227,1763 2494,1809 2589,1787 2588,1728 2524,1702 2470,1732 2275,1694 1960,1746 1862,1748 1813,1712 1698,1746 1633,1725"/>
                <Baseline points="1640,1784 1687,1784 1734,1784 1781,1782 1828,1782 1875,1780 1922,1778 1969,1776 2016,1774 2063,1772 2111,1769 2158,1767 2205,1766 2252,1764 2299,1763 2346,1763 2393,1763 2440,1764 2487,1766 2534,1769 2582,1773"/>
                <TextEquiv>
                    <Unicode>doctori ut ipse met dicit in suo </Unicode>
                </TextEquiv>
            </TextLine>
            <TextLine id="r2l19" custom="readingOrder {index:18;}">
                <Coords points="1625,1867 1836,1851 1908,1889 1979,1854 2199,1872 2258,1845 2617,1879 2615,1786 2493,1809 2214,1767 2042,1816 1624,1818"/>
                <Baseline points="1631,1856 1682,1856 1734,1853 1785,1852 1837,1850 1888,1848 1940,1847 1991,1845 2043,1844 2094,1842 2146,1841 2197,1839 2249,1838 2300,1838 2352,1838 2403,1838 2455,1839 2506,1841 2558,1842 2610,1845"/>
                <TextEquiv>
                    <Unicode>2o nam ponit philosophus multarum </Unicode>
                </TextEquiv>
            </TextLine>
            <TextLine id="r2l20" custom="readingOrder {index:19;}">
                <Coords points="1610,1952 1902,1919 1975,1956 2045,1915 2229,1912 2578,1951 2630,1940 2630,1885 2471,1850 2374,1875 2251,1845 2153,1879 1979,1854 1907,1888 1827,1853 1689,1883 1609,1861"/>
                <Baseline points="1616,1919 1666,1919 1716,1919 1767,1919 1817,1917 1868,1917 1918,1916 1968,1914 2019,1913 2069,1913 2120,1911 2170,1911 2220,1910 2271,1910 2321,1910 2372,1910 2422,1910 2472,1911 2523,1913 2573,1914 2624,1916"/>
                <TextEquiv>
                    <Unicode>propositionum fuisse ab aeterno signi</Unicode>
                </TextEquiv>
            </TextLine>
            <TextLine id="r2l21" custom="readingOrder {index:20;}">
                <Coords points="1618,2024 2180,1997 2270,2030 2409,1998 2522,2044 2640,2003 2640,1944 2409,1960 2269,1928 2085,1966 1865,1923 1618,1949"/>
                <Baseline points="1625,1997 1675,1997 1725,1997 1776,1995 1826,1995 1877,1994 1927,1994 1977,1992 2028,1992 2078,1991 2129,1991 2179,1991 2229,1991 2280,1991 2330,1991 2381,1992 2431,1992 2481,1994 2532,1995 2582,1998 2633,2000"/>
                <TextEquiv>
                    <Unicode>ficata licet nulla eorum signficata </Unicode>
                </TextEquiv>
            </TextLine>
            <TextLine id="r2l22" custom="readingOrder {index:21;}">
                <Coords points="1632,2112 1720,2075 2119,2063 2206,2104 2288,2071 2365,2106 2524,2101 2647,2077 2647,2012 2540,2045 2438,2013 2025,2029 1985,1999 1632,2021"/>
                <Baseline points="1638,2073 1688,2071 1738,2070 1788,2068 1838,2067 1888,2066 1938,2066 1988,2066 2038,2066 2088,2066 2139,2066 2189,2066 2239,2066 2289,2066 2339,2067 2389,2067 2439,2067 2489,2069 2539,2069 2589,2069 2640,2069"/>
                <TextEquiv>
                    <Unicode>fuerit ab aeterno ita quod 2m philosophum nulla </Unicode>
                </TextEquiv>
            </TextLine>
            <TextLine id="r2l23" custom="readingOrder {index:22;}">
                <Coords points="1625,2162 1746,2185 1810,2148 1938,2170 2034,2133 2123,2187 2279,2143 2646,2159 2646,2111 2590,2087 2463,2116 2289,2073 2195,2113 2156,2075 2109,2101 1871,2076 1625,2108"/>
                <Baseline points="1632,2145 1682,2145 1732,2144 1783,2143 1833,2142 1883,2141 1934,2141 1984,2139 2034,2139 2085,2139 2135,2139 2185,2139 2236,2139 2286,2139 2336,2139 2387,2141 2437,2141 2487,2142 2538,2144 2588,2147 2639,2148"/>
                <TextEquiv>
                    <Unicode>conclusio esset scaita nisi ab aeterno et ha</Unicode>
                </TextEquiv>
            </TextLine>
            <TextLine id="r2l24" custom="readingOrder {index:23;}">
                <Coords points="1631,2230 1782,2224 1866,2266 1957,2227 2186,2245 2276,2219 2393,2252 2624,2210 2624,2161 2399,2148 2339,2183 2280,2143 2120,2183 2064,2136 1920,2176 1852,2154 1630,2183"/>
                <Baseline points="1637,2216 1686,2217 1735,2217 1784,2217 1833,2217 1882,2217 1931,2217 1980,2216 2029,2216 2078,2214 2127,2213 2176,2211 2225,2210 2274,2210 2323,2208 2372,2208 2421,2207 2470,2207 2519,2208 2568,2208 2618,2210"/>
                <TextEquiv>
                    <Unicode>beret signitum et habuisset in hoc </Unicode>
                </TextEquiv>
            </TextLine>
            <TextLine id="r2l25" custom="readingOrder {index:24;}">
                <Coords points="1631,2311 1890,2330 1938,2291 2064,2280 2243,2332 2424,2284 2539,2323 2625,2297 2624,2240 2572,2226 1909,2235 1867,2266 1776,2223 1630,2250"/>
                <Baseline points="1637,2294 1686,2294 1735,2294 1784,2292 1833,2292 1882,2291 1931,2291 1980,2290 2029,2289 2078,2288 2127,2288 2176,2286 2225,2285 2274,2285 2323,2283 2372,2283 2421,2282 2470,2282 2519,2282 2568,2282 2618,2282"/>
                <TextEquiv>
                    <Unicode>ati philosophum sequitr non est fidei et sic </Unicode>
                </TextEquiv>
            </TextLine>
            <TextLine id="r2l26" custom="readingOrder {index:25;}">
                <Coords points="1626,2405 1672,2383 1772,2414 1954,2347 2098,2384 2275,2365 2331,2404 2400,2364 2615,2370 2614,2321 2479,2290 2243,2332 1945,2291 1888,2332 1624,2312"/>
                <Baseline points="1631,2372 1679,2372 1728,2372 1777,2372 1826,2370 1875,2370 1924,2370 1973,2369 2022,2369 2071,2369 2120,2367 2168,2367 2217,2366 2266,2365 2315,2364 2364,2362 2413,2361 2462,2358 2511,2357 2560,2355 2609,2352"/>
                <TextEquiv>
                    <Unicode>patet quod aristaeles modicum est ad propositio</Unicode>
                </TextEquiv>
            </TextLine>
            <TextLine id="r2l27" custom="readingOrder {index:26;}">
                <Coords points="1640,2470 1868,2437 1934,2475 2042,2439 2081,2465 2115,2440 2618,2451 2627,2389 1639,2393"/>
                <Baseline points="1646,2445 1694,2444 1743,2441 1792,2441 1841,2439 1889,2439 1938,2438 1987,2438 2036,2438 2084,2438 2133,2438 2182,2439 2231,2439 2279,2439 2328,2438 2377,2438 2426,2438 2474,2437 2523,2435 2572,2433 2621,2432"/>
                <TextEquiv>
                    <Unicode>situ nostrum vel potest dici et melius </Unicode>
                </TextEquiv>
            </TextLine>
            <TextLine id="r2l28" custom="readingOrder {index:27;}">
                <Coords points="1632,2546 2188,2503 2415,2549 2649,2518 2648,2445 2392,2474 2198,2444 2079,2477 2040,2440 1941,2478 1805,2447 1631,2483"/>
                <Baseline points="1638,2523 1688,2519 1738,2516 1788,2513 1839,2511 1889,2510 1939,2508 1989,2508 2040,2508 2090,2508 2140,2508 2190,2508 2241,2508 2291,2508 2341,2508 2391,2508 2442,2508 2492,2507 2542,2504 2592,2502 2643,2499"/>
                <TextEquiv>
                    <Unicode>quod philosophus noluit dicere quod signitata </Unicode>
                </TextEquiv>
            </TextLine>
            <TextLine id="r2l29" custom="readingOrder {index:28;}">
                <Coords points="1640,2596 1907,2628 1968,2589 2115,2621 2204,2586 2275,2620 2330,2588 2465,2617 2646,2592 2645,2517 2610,2506 2392,2551 2311,2519 2215,2544 2048,2517 1640,2550"/>
                <Baseline points="1647,2594 1696,2592 1746,2591 1795,2589 1845,2588 1895,2586 1944,2585 1994,2585 2044,2583 2093,2583 2143,2582 2193,2582 2242,2582 2292,2582 2342,2582 2391,2583 2441,2583 2491,2583 2540,2585 2590,2585 2640,2586"/>
                <TextEquiv>
                    <Unicode>vel significatum conclusionis scite esset neccessri </Unicode>
                </TextEquiv>
            </TextLine>
            <TextLine id="r2l30" custom="readingOrder {index:29;}">
                <Coords points="1635,2705 1714,2662 1845,2656 2024,2664 2116,2704 2213,2657 2630,2664 2610,2598 2210,2623 1997,2587 1907,2627 1820,2601 1634,2627"/>
                <Baseline points="1641,2670 1690,2668 1739,2666 1788,2664 1837,2663 1886,2661 1935,2660 1985,2658 2034,2657 2083,2657 2132,2655 2181,2655 2230,2654 2279,2654 2329,2654 2378,2654 2427,2654 2476,2654 2525,2654 2574,2654 2624,2654"/>
                <TextEquiv>
                    <Unicode>quia tunc nulla pura negativa</Unicode>
                </TextEquiv>
            </TextLine>
            <TextLine id="r2l31" custom="readingOrder {index:30;}">
                <Coords points="1623,2759 2112,2725 2221,2765 2313,2725 2592,2737 2590,2680 2445,2666 2180,2669 2113,2702 1911,2660 1860,2697 1622,2709"/>
                <Baseline points="1629,2739 1676,2738 1724,2737 1772,2736 1820,2735 1868,2733 1915,2732 1963,2730 2011,2730 2059,2729 2107,2727 2154,2727 2202,2726 2250,2724 2298,2724 2346,2723 2393,2722 2441,2721 2489,2720 2537,2720 2585,2718"/>
                <TextEquiv>
                    <Unicode>cuius neritas non dependeret a re</Unicode>
                </TextEquiv>
            </TextLine>
            <TextLine id="r2l32" custom="readingOrder {index:31;}">
                <Coords points="1631,2842 1738,2808 2152,2792 2305,2838 2399,2798 2621,2793 2620,2727 2222,2766 2118,2731 1991,2765 1860,2738 1629,2765"/>
                <Baseline points="1637,2808 1685,2805 1734,2805 1783,2804 1832,2802 1881,2801 1930,2801 1979,2799 2028,2799 2077,2798 2126,2798 2174,2797 2223,2796 2272,2796 2321,2795 2370,2793 2419,2792 2468,2790 2517,2788 2566,2785 2615,2783"/>
                <TextEquiv>
                    <Unicode>positiva formaliter posset de most </Unicode>
                </TextEquiv>
            </TextLine>
            <TextLine id="r2l33" custom="readingOrder {index:32;}">
                <Coords points="1622,2896 2607,2872 2606,2814 2542,2788 2304,2839 2145,2809 1971,2842 1867,2806 1621,2840"/>
                <Baseline points="1628,2880 1676,2879 1725,2879 1773,2877 1822,2876 1871,2874 1919,2874 1968,2872 2016,2871 2065,2870 2114,2869 2162,2868 2211,2867 2259,2865 2308,2864 2357,2862 2405,2861 2454,2861 2502,2859 2551,2858 2600,2856"/>
                <TextEquiv>
                    <Unicode>ri vel sciri oppositum ipse credidit </Unicode>
                </TextEquiv>
            </TextLine>
            <TextLine id="r2l34" custom="readingOrder {index:33;}">
                <Coords points="1622,2977 2250,2938 2338,2976 2485,2937 2630,2950 2630,2901 2445,2872 2304,2898 1917,2881 1836,2911 1621,2890"/>
                <Baseline points="1628,2951 1677,2949 1727,2948 1777,2946 1827,2943 1877,2942 1926,2940 1976,2939 2026,2938 2076,2937 2126,2936 2175,2935 2225,2934 2275,2934 2325,2934 2375,2934 2424,2934 2474,2934 2524,2936 2574,2936 2624,2937"/>
                <TextEquiv>
                    <Unicode>de infinito et vacuo sed philosophus non </Unicode>
                </TextEquiv>
            </TextLine>
            <TextLine id="r2l35" custom="readingOrder {index:34;}">
                <Coords points="1631,3031 1931,3015 1993,3043 2240,3003 2404,3039 2462,3004 2597,3015 2609,2962 2093,2944 1974,2972 1822,2952 1781,2989 1629,2975"/>
                <Baseline points="1637,3024 1685,3023 1733,3021 1781,3020 1830,3017 1878,3015 1926,3014 1975,3012 2023,3010 2071,3008 2120,3006 2168,3005 2216,3003 2264,3002 2313,3000 2361,3000 2409,2999 2458,2999 2506,2999 2554,2999 2603,3000"/>
                <TextEquiv>
                    <Unicode>luit dicere quod omnis de mostratio </Unicode>
                </TextEquiv>
            </TextLine>
            <TextLine id="r2l36" custom="readingOrder {index:35;}">
                <Coords points="1632,3124 1831,3089 2157,3116 2254,3072 2665,3086 2662,3011 2574,3003 2407,3038 2285,3006 2132,3039 1629,3034"/>
                <Baseline points="1637,3093 1688,3092 1739,3091 1790,3090 1841,3088 1892,3086 1943,3083 1994,3081 2045,3079 2096,3075 2147,3073 2198,3071 2249,3069 2300,3066 2351,3065 2402,3063 2453,3062 2504,3062 2555,3060 2606,3062 2657,3062"/>
                <TextEquiv>
                    <Unicode>haberet fieri per propositiones neccessarias </Unicode>
                </TextEquiv>
            </TextLine>
            <TextLine id="r2l37" custom="readingOrder {index:36;}">
                <Coords points="1619,3177 1758,3198 1869,3166 1998,3197 2053,3162 2151,3191 2298,3142 2652,3149 2649,3083 2531,3064 2445,3106 2217,3079 2158,3116 1837,3094 1617,3128"/>
                <Baseline points="1626,3167 1679,3166 1733,3165 1786,3163 1840,3162 1894,3159 1947,3156 2001,3155 2055,3152 2108,3149 2162,3147 2215,3144 2269,3141 2323,3138 2376,3136 2430,3134 2484,3132 2537,3131 2591,3129 2645,3128"/>
                <TextEquiv>
                    <Unicode>et per consequens conclusio fuit propositio neccessaita vel de</Unicode>
                </TextEquiv>
            </TextLine>
            <TextLine id="r2l38" custom="readingOrder {index:37;}">
                <Coords points="1619,3239 1898,3269 2009,3227 2360,3241 2494,3197 2600,3251 2676,3212 2674,3156 2492,3138 2197,3158 2153,3191 2060,3162 2004,3199 1616,3176"/>
                <Baseline points="1625,3234 1677,3236 1729,3236 1781,3234 1833,3234 1886,3232 1938,3229 1990,3227 2042,3223 2094,3221 2147,3218 2199,3215 2251,3212 2303,3209 2355,3206 2408,3205 2460,3204 2512,3203 2564,3203 2616,3204 2669,3206"/>
                <TextEquiv>
                    <Unicode>bet esse propositio neccessaia esse ¶ ad 2m sequitur </Unicode>
                </TextEquiv>
            </TextLine>
            <TextLine id="r2l39" custom="readingOrder {index:38;}">
                <Coords points="1638,3343 1956,3302 2025,3335 2120,3286 2318,3327 2390,3279 2566,3319 2653,3293 2652,3253 2537,3206 2471,3249 2217,3219 2129,3258 2048,3233 1635,3276"/>
                <Baseline points="1644,3318 1694,3317 1744,3315 1794,3312 1844,3310 1894,3307 1944,3303 1994,3300 2044,3296 2094,3292 2145,3288 2195,3285 2245,3282 2295,3280 2345,3279 2395,3278 2445,3276 2495,3277 2545,3278 2595,3281 2646,3284"/>
                <TextEquiv>
                    <Unicode>quod res extra esset obiectum fidei igtc conce</Unicode>
                </TextEquiv>
            </TextLine>
            <TextLine id="r2l40" custom="readingOrder {index:39;}">
                <Coords points="1639,3426 2101,3388 2575,3398 2629,3382 2625,3303 2391,3282 2309,3331 2253,3294 2024,3335 1883,3313 1818,3352 1634,3339"/>
                <Baseline points="1643,3392 1691,3392 1740,3390 1789,3389 1838,3387 1887,3384 1936,3382 1985,3380 2034,3377 2083,3373 2132,3371 2180,3367 2229,3363 2278,3360 2327,3359 2376,3356 2425,3354 2474,3353 2523,3351 2572,3351 2621,3351"/>
                <TextEquiv>
                    <Unicode>consequens et dico quod non sunt absurda</Unicode>
                </TextEquiv>
            </TextLine>
            <TextEquiv>
                <Unicode>probationes quae procedunt ex suppr 
omitionibus patet quid dicendum per ista tamen 
non intendo oppositam conclusionem asse 
ere et conclusionem istius doctoris negare 
rationes pro 2a conclusione quam omno cre
do esse falsam non solum falsae ymmo 
periculose sunt unde cum argui 
si res extra terminum multae scientiae cirite concedo 
consequens nam inter 3a oportet unum vel 
quod nichil scimus nisi deum vel 
quod tot sunt distincta aeterna et neccessaria 
quod sunt scibilia vel quod continentia 
sunt anobis scita Sed primo duo non 
solum sunt falsa ymo periculosa ut 
patet ergo 3m debet concedi Et cum 
arguitur per philosophum dico quod philosophus ha
buit oppositam oppinionem hinc 
doctori ut ipse met dicit in suo 
2o nam ponit philosophus multarum 
propositionum fuisse ab aeterno signi
ficata licet nulla eorum signficata 
fuerit ab aeterno ita quod 2m philosophum nulla 
conclusio esset scaita nisi ab aeterno et ha
beret signitum et habuisset in hoc 
ati philosophum sequitr non est fidei et sic 
patet quod aristaeles modicum est ad propositio
situ nostrum vel potest dici et melius 
quod philosophus noluit dicere quod signitata 
vel significatum conclusionis scite esset neccessri 
quia tunc nulla pura negativa
cuius neritas non dependeret a re
positiva formaliter posset de most 
ri vel sciri oppositum ipse credidit 
de infinito et vacuo sed philosophus non 
luit dicere quod omnis de mostratio 
haberet fieri per propositiones neccessarias 
et per consequens conclusio fuit propositio neccessaita vel de
bet esse propositio neccessaia esse ¶ ad 2m sequitur 
quod res extra esset obiectum fidei igtc conce
consequens et dico quod non sunt absurda</Unicode>
            </TextEquiv>
        </TextRegion>
    </Page>
</PcGts>
