2964 4166
380 390 1362 495 nam eundem deum quem esse scicitus
374 468 1336 583 ut dicit hic doctor credimus esse
377 535 1356 635 terinum et unum et circa eundem er
388 608 1371 721 ramus nec hoc est mirum 2m di
371 675 1364 802 versas rationes habitudines respectus
383 756 1326 882 seu considerationes ¶ ad 3m concedo
383 834 1339 942 consequens primum et nege ulterior consequentia
377 893 1362 1012 nec ipsa aliquem colorem habet et ad
371 982 1357 1093 probationem dico quod non probat intentum
384 1044 1362 1168 sed bene probatur quod aliquem veritatem for
373 1122 1357 1236 matam dediabolo cuius scientiae vel
380 1187 1367 1317 veritatis dyabolus esset obiectum licet ita
382 1269 1377 1387 sunter credere possem sicut unam
378 1349 1378 1452 formatam de deo cuius deus est obe
389 1416 1368 1534 iectum et ista ut patet cuilibet nullo modo
384 1493 1339 1608 sequitur consequentia prius illata Ex hiis
384 1570 1357 1680 patieit quod conclusio 3a trtia male est probata
371 1656 1336 1754 et rationes eius nichil valent
384 1715 1348 1837 doctoris reverentia semper salva et
362 1780 1369 1895 hoc de primo argumento ¶ Iunc de
377 1879 1354 1974 2o igitur pro 2o contra illam oppinionem
363 1940 1353 2052 primo contra eius insufficiatum 2o contra
383 2008 1342 2112 eius falsitate et inconvenientiam nam
368 2074 1347 2196 ipsa est insufficiens dicit namquod
387 2153 1360 2269 significatum totale propositionis totta
367 2228 1359 2334 lis esse obiectum scientiae vel de mon
383 2293 1369 2405 strationis igitur omnis conclusio de moustr
375 2382 1377 2489 ta non habens signficatum non habe
369 2438 1347 2548 bit obiectum consequentia maimata tunc arguitur
361 2506 1367 2649 ultra omnis proporio non habens signficantus
362 2589 1344 2721 non habet obiectum sed multe sunt quae non
374 2650 1367 2771 habent signficata igitur etc et cum respectu pro
366 2743 1360 2865 positionum negativarum sit ita bene
369 2803 1341 2931 scientia sicut affirmatur et respectu harum non
377 2880 1375 3003 possit dare obiectum nec dedit quod ipsa
377 2953 1363 3064 est insufficiens Item multe sunt
355 3040 1354 3163 propositiones non signitatem qualiter est quresincite
365 3120 1383 3231 erit fuit nec esse potest respectu talum non de
365 3180 1375 3308 deit nec dare poteit haec opinio obiectum
355 3267 1332 3378 igitur est insufficiens satis patet hoc
1527 372 2488 497 si tamen probetur plures vel aliquas
1520 469 2521 575 fore propositiones non habentes signficata
1516 535 2509 658 quod sic probo et suppono quod esse sign
1520 615 2506 738 ficatum per aliquam propositionem est ali
1508 688 2485 805 quid esse vel aliqua vel aliqualiter
1514 771 2514 878 esse ista suppositio etiam satis patet per eos
1524 843 2510 949 met ut patet ex responsionibus argumentor
1523 908 2472 1017 contra primam conclusionem 2o quod omnino
1520 974 2513 1080 nichil est quocumque modo summendo esse
1522 1046 2478 1153 quod hoc nec sit aliquid nec aliqua
1510 1117 2480 1231 nec aliqualiter esse ista satis patet ex
1540 1192 2500 1308 se et ex eisdem dictis quibus prima
1521 1252 2509 1376 ¶ 3o suppositio quod omne quod indepundunt
1513 1326 2519 1445 enim causaliter aeternaliter est tale necessarium
1517 1403 2511 1523 est satis patet ista cuilibet advertenti 4o
1502 1485 2484 1595 quod omni necessario esse formaliter
1525 1549 2499 1673 repungnat inpossibile esse patet ista ex
1510 1619 2463 1741 presse ¶ 5ta supposito omne quod est aliquid
1526 1693 2505 1782 aut est dependens causaliter non aeternater
1514 1766 2491 1888 aut est independus non causaliter est
1513 1844 2473 1964 trinaliter patet ila quia omne quod est est
1505 1918 2479 2009 deus in creatura 2m beatum augstinus
1517 1981 2506 2098 in multis locis quibus positis argu
1510 2057 2508 2163 sic antichristus non est est prpositio vera nullum
1518 2115 2508 2233 omnio habens signficatum igitur habetur proposi
1515 2190 2486 2313 tum consequentia satis est nota sed probo antecedens pro
1509 2264 2542 2370 2t parte quia in hoc est difficultas
1510 2335 2475 2447 quia do oppositum habet signiceatum
1504 2401 2487 2525 igitur aliquid vel aliqualiter vel aliquam
1511 2479 2478 2599 est tale signi ficatum patet ex prima
1501 2554 2490 2667 suppositione sed omno simpliciter vel est igitur
1516 2624 2523 2737 nec aliquid nec aliqualiter nec a
1518 2697 2526 2820 liqua est patet ex 2a suppositione quod autem
1514 2780 2521 2887 annichristum non esse omnino nichil sit
1527 2848 2499 2960 simpliciter sumendo nichil patet quia si
1518 2923 2533 3026 est aliquid aut est dependens causa
1508 3005 2541 3102 liter non aeternaliter autem est dependens
1507 3058 2535 3174 non causaliter aeternaliter ista patet ex quintam
1513 3134 2519 3243 suppositione sed non est independenter
1513 3184 2534 3312 non tausaliter aeternaliter quia tunc eius
1516 3258 2545 3403 oppositum quod est antichristum esse foret simpliciter
