2964 4305
505 456 1527 594 quod requiritur ad hoc quod ipsa sit vera
513 551 1498 668 tum nec ipsa sigififnitat nec aliquod requi
496 611 1516 740 situm ad hoc quod ipsa sic posset esse
511 695 1495 811 vera Cuius sunt propositiones oppositione propositio
498 753 1537 874 nibus recitatis quarum quaelibet si non
498 831 1527 960 repugnaret propositioni affirmative si
507 903 1518 1036 gnitati ipsam propositionem esse veram ut patet
513 982 1530 1111 ad verborum sententiam ad vertenti Constat
506 1041 1516 1168 nullam dictarum propositionem oppositam esse impotenti
514 1123 1507 1239 sicut nec aliqua ipsarum met esse
525 1183 1519 1305 neccessariam eo quod propositiones ille quae non
519 1266 1539 1374 possunt esse vere vel falsae super aliqua
517 1331 1552 1454 contingenti quod nec semper est nec semper
508 1398 1536 1533 esse poterit Et iste quae non possunt
519 1465 1523 1572 esse vere quae nec seper erunt nec ali
516 1543 1530 1659 quid ipsorum semper erit unde quia praefu
519 1609 1519 1717 propono neccessario inpossibile vel contingens
543 1692 1514 1805 sequitur quamlibet propositionem praedictarum esse propositionem
520 1741 1511 1877 esse contingentem ¶ unde ad scniendum
516 1810 1507 1959 quae propositio est contingens poentindia est
521 1889 1525 2023 regula assignata primo primorum u
508 1969 1512 2091 bi dicit sic contingens esse quo non
518 2039 1515 2153 existente neccessario et posito inesse non ac
522 2108 1527 2230 cidit inpossibile quae regula sit in
519 2175 1527 2310 telligenda est propositio contingens est illa
516 2251 1534 2360 qua non existente neccessaria si alicui po
520 2316 1503 2440 vatur eadem propositio ex ista admi
512 2398 1538 2521 ssa non sequitur inpossibile et est ista satis
517 2467 1522 2594 vulgata ¶ obiectiones contra praedicta
501 2536 1522 2656 et earum solutiones vide in eodem capitulo
508 2609 1529 2740 siam allegato si vuis et haec sint dicta
514 2672 1527 2808 de toto isto ¶ ad rationes contra 3am conclusionem
529 2741 1530 2850 fectas respondeo cum arguitur si theoogia esse su
528 2814 1533 2956 pior fide notititua vel igitur ut creditiva
524 2873 1518 3012 et dico primo quod non est ponendum
510 2956 1516 3102 tales distinctos habitus fore iimpa
516 3020 1544 3177 theologia quia hoc superfluit sed unus
517 3119 1546 3248 tatum habitus ad eliciendum huius actus
513 3184 1542 3320 sufficit cum ceteris requisitis ¶ 2o di
514 3261 1555 3391 co quod est superior fide secundum quod idem habitus
500 3315 1521 3459 potest procedere inquamlibet istorum effectium ¶
514 3392 1569 3545 3o dico quod si ae scientia secundum primum et tertium modo
1666 447 2688 574 tunc simliter est dicenda scientia pe
1666 531 2697 645 nes primum modum et hoc est contra
1654 593 2662 708 durandum et sufficienter probatur per
1662 667 2688 785 amagistrum thomam de argentinis quaestione 2 pro
1667 734 2686 851 logis articulo primo ¶ ad 2am rationem cum
1672 803 2709 918 arguitur vel fides et theologia sint
1674 867 2705 986 idem habitus etc diceret alphonsus sicud
1666 940 2693 1059 patet quaestione 3a prologis articulo 2o conclusione prima quod
1683 1003 2694 1118 sic distinguit tamen ibi de fide primo
1659 1077 2668 1194 de infusa et acquisita et uterque earum
1660 1153 2692 1268 potest accipi pro actu credendi et sic
1672 1227 2707 1350 loquitur augustinus super Iohanes istincton ides est
1671 1302 2728 1403 credere quod non vides ¶ 2o pro eo quod creditur
1656 1368 2765 1480 sic achavasiis accipit fidem distinctione
1656 1430 2728 1569 haec est fides katholica etc ¶ 3o pro eo quo
1659 1508 2719 1626 creditur et sic magister libro 3o distinctione 23 capitulo 2o
1660 1583 2718 1698 dictio quod fides est virtus qua credunt
1661 1654 2727 1764 quae non videntur et hoc ultrum mebrum
1672 1723 2695 1828 potest subdistingui quia illud quo
1664 1789 2726 1913 creditur dupliciter potest summui vel effecti
1658 1862 2743 1975 ne vel subiective et sic ipsa potentia fidei
1664 1936 2712 2043 informata vel quo effective et re
1668 2006 2700 2118 psutative et non subiective Sed quia
1670 2070 2670 2185 docta illius doctoris faciliter solvi
1671 2149 2694 2256 possunt ex dictis thomae de argentis qui
1676 2209 2704 2315 4 prologis articulo 2o ideo pertranseo et dico quod
1672 2289 2722 2414 non est idem habitus fides et theologia
1678 2362 2692 2468 Et cum ultra arguitur dico primo quod si uni
1675 2428 2695 2545 forvitur remittuntur quod remaneret
1672 2493 2721 2608 aliquis gradus theologiae sed tamen non dicere
1665 2568 2710 2667 tunc theologia quia sive fide non suffi
1672 2624 2782 2762 ceret huius habitus habentem ipsum theogium
1665 2696 2773 2795 denominare 2a consequenter est dicendum quod theologia
1687 2787 2724 2873 potest manere sive fide sed non potest ma
1678 2833 2744 2954 nere sive fide theologia saltem secundum legem
1658 2901 2728 3027 praesentem et conclusionem Ex quo patet quod habitui
1678 2981 2731 3086 theologicao non est causa essele esse theogicum etc
1677 3025 2692 3178 est ipsum esse habitum patet satis de se ¶ 2o
1672 3127 2727 3221 potest dici ad rationem quod non potest esse uni
1683 3192 2734 3299 fores eorum remissio quo ad euntitiam non
1677 3268 2738 3385 titiam et certudinem patet quia non sunt
1679 3343 2713 3478 eiusdem ambitus secundum istas rationes
