2964 4186
534 455 1493 587 praedicantem istum articulum deus
537 530 1524 636 est terminus et unus et quoniam hoc ad idem
553 599 1522 717 rit habebit vitam aeternam tunc quae
540 666 1538 787 rit an iste stati sive aliqua evi
543 744 1531 854 dentia rationis possit illi libere as
559 805 1504 923 sentirae et sic tenet consequentia conclusionem negam Ego
556 872 1513 979 autem hic loquor de habente ha
550 939 1533 1059 vitum fidei infusum sicut patet ex di
529 1010 1503 1123 ctis ¶ 2m notnum quod conclusio alkot vel est
535 1076 1509 1199 frustra vel scipit haeresim quia vel
544 1146 1527 1261 vult dicere quod tamen aliquam evidentiam
549 1209 1529 1336 rationis sive fide posset illi libere a
537 1283 1511 1415 ssentive et tunc sine fide posset quis
550 1360 1507 1480 omnes articulos fidei credere sta
537 1438 1515 1550 te lege quod non puto sane dictum in
535 1502 1516 1628 fide vel ipse vult dicere quod sine fide
544 1580 1540 1704 per solum nmpium voluntatis sive evi
532 1652 1502 1766 dentia rationis non potest assentiere et
533 1736 1516 1847 tunc verum dicit valet inde tam quam
529 1803 1491 1926 assignat quia vel ista causarentia
522 1862 1522 2004 fidei et tunc diceret bene vel caarentia
541 1931 1522 2063 evidentiae rationis et tunc apparet ex di
525 1996 1491 2133 ctis quod non causam pro ca assignat ¶
519 2084 1487 2213 Ad 2am rationem brinkum patet forte
534 2150 1536 2276 primo negari minor dicendo quod respectu nullius
538 2227 1500 2363 stet dissensus respectu cuius homo habet fidem
532 2302 1509 2429 in eodem Et cum probatur de infidoli
529 2367 1489 2499 posset dici quod respectu talium haberet fidem sed
532 2453 1491 2560 non haberet fidem respectu talium sicut potest
518 2513 1492 2638 dici in simili proprium scinctio currere et tamen
532 2591 1501 2715 non saectio currere prapam vel potest ad
534 2661 1491 2795 idem aliter dici dicendo ad maiorem
511 2705 1519 2863 quod tc assensus potest dupliciter accipe simliter
503 2805 1466 2930 et fides quia respectu talis respectu cuius habet
517 2884 1498 3008 dissensum vel habet fidem specia
527 2947 1528 3076 lem explicitam et expressam vel genera
512 3039 1453 3157 lem confusam et inperssam primo modo
523 3105 1492 3215 esset vera maior sed tunc minore falsa
531 3158 1528 3288 ¶ 2o modo maior est falsa et minor est vera vel potest
530 3235 1499 3361 aliter dici quod li secundum per se et inmediate
508 3300 1505 3453 excludit omne ali quod non est fides
1646 436 2640 566 sivesit effectus ipsius fidei sive
1648 520 2650 642 quodcumque aliud tunc concedo et rationes
1640 612 2645 691 et etiam conclusionem sed tunc nichil est ad
1659 665 2658 788 propositionem nec de viait a communi via vel ex
1670 728 2694 836 cludit solum eiudentias vel evidenem
1659 798 2644 913 tiam fidei ulteriorem et evventio
1662 868 2626 971 rem tunc ad rationes non procedentes
1660 936 2701 1051 modo reneres videntur sapere primum modum
1661 996 2666 1119 et conclusio secundum quare videtur non bene probata
1672 1083 2642 1196 ¶ per hoc tunc apparet ad 3m cum arguitur si
1663 1150 2664 1267 ilicui infinidetur etc nego simple
1657 1221 2657 1351 consequentiam summendo consequens in sensu quod
1666 1291 2616 1416 capio quem capio et quod vdentur
1657 1366 2690 1486 tedere ipsa verba et cum probatur quia si suse
1648 1439 2626 1569 fficienter etc per simnle argumentum prorem
1664 1510 2685 1630 quod nullus habitus sufficit per se et imme
1662 1582 2655 1695 suum actum causare quia non stati
1649 1657 2659 1774 eo positio ponitur eius effectus quare
1673 1726 2655 1849 in ad sensum conclusionem quod verba conclusionis
1666 1796 2623 1912 videntur prtendere intelligit conclusionem
1662 1872 2695 1976 videtur eam non probare si autem intel
1655 1940 2680 2048 ligit excludo omne quod non est fides
1651 2016 2668 2141 sic rationes concludunt nec credo aliquis
1648 2081 2645 2198 sane mentis affirmaret oppositum Cum
1648 2149 2685 2290 ad assentiendum requiratur ipsa potentia
1649 2224 2689 2333 actus fidei et discresus quae actualiter
1660 2293 2667 2407 ipsa potentia assentit quorum nullum est habitus
1650 2361 2653 2479 ipsius fidei sicud apparet et sufficiant pro
1655 2429 2632 2551 3a conclusione ¶ Ad rationes contra 4am conclusionem
1655 2498 2677 2611 quia supnotati doctores sufficienter satis
1660 2561 2652 2651 respondent ideo breviter dicam ad eas
1619 2637 2643 2747 ¶ Ad primam cum dicitur scientia nostre sectae est
1644 2697 2650 2822 per se non nego hoc simpliciter didendo de no
1663 2758 2669 2891 titia ipsius cognoscentis et cum probatur
1651 2835 2668 2961 quia nullus ceitur indubitanter creden
1655 2908 2667 3018 etc nego hoc nec aestimeo tante dictum
1648 2977 2682 3106 sicut per 3am arti codempnatum perisi
1661 3044 2674 3163 us quo dicitur quod nichil sit credendum
1666 3117 2668 3247 nisi per se notum vel ex per se notis de
1649 3194 2647 3295 ductum error nisi reciperetur per se
1649 3270 2677 3396 notium valde large secundum quod videtur dominus
