2964 4166
334 446 1318 576 aisoerornis libro 3o summe dicens quod articul
328 537 1317 654 fidei sint per se noti hoc propter eius in
329 607 1332 722 chil aio eis notius asserti sit forte
325 673 1323 796 satis posset concedi diceretur tamen melius
321 752 1292 877 propter nichil certium asserti quia licet
325 828 1313 929 nichil sit arguitur fidei certius aliquid
330 914 1287 1000 tame est eis notius sed ista non apparet
320 968 1323 1073 fuisse istius doctoris sententia nec esset ad
324 1036 1315 1139 propositionem de quo ego loquor ideo articulus
329 1096 1322 1213 videtur informa esse contra ipsum posset
341 1168 1341 1277 tam hic fieri multiplex distinctio de
331 1251 1347 1350 per se esse notum sicut patet ex dictis hu
320 1295 1345 1413 goluum libro 1 quaestione 1 articulo primo et per ma
311 1366 1320 1469 gistrum Iohannem de bractis intracta
324 1431 1322 1549 tum suo devidendo deum capitulo 12 prolo
311 1502 1311 1608 gu etiam pro caulo computandum sed dimit
326 1560 1297 1681 to ad praesens ¶ ad 4m cum arguitur quam
334 1636 1308 1756 indubitant constat per se esse falsum etc
326 1710 1288 1829 potest primo dici negando aiorem nec promo valet
316 1805 1326 1899 quia non est una partiuates et maior est
330 1849 1312 1966 b unilis ratio aut falsitas maioris potest as
317 1919 1306 2032 signari quia potentia percipiens verum et
317 1986 1303 2106 falsum esset magis ropordionstata ad cogno
328 2046 1321 2169 scendum falsum esse falsum quam verum esse verum quia
326 2131 1329 2224 non solum falsum iudicatur falsum ymo ut
330 2210 1299 2318 plurum verum aestimatur falsum sed quia
317 2267 1318 2382 forte eadem causa posset dari de vero
328 2335 1308 2418 ieo potest dici 2o distinguendo de dictio
308 2397 1297 2507 et de re dicti potest dici 3o ad mio quod
321 2469 1327 2573 licet sint vere veritates nostrae sectae quantum
317 2520 1309 2649 est exveritalibus in se non sunt tamen nobs
319 2598 1312 2707 de communi lege tam note quam in se sunt
320 2653 1316 2787 vere ¶ ad 3m cum arguitur non est processus
326 2739 1312 2834 in infinitum etc ad sanum intellectum co
317 2800 1332 2918 cedo assumptum et cum dicitur igtur erit de ne
308 2873 1306 2988 miere ad aliquid primum verum creditum vel
312 2953 1321 3066 plura principaliter crdita Iterum ad bonum sensum
307 3024 1312 3132 potest admitti Et cum quaritur vel ista
296 3093 1317 3196 sunt credita etc dico quod non sunt cre
306 3162 1326 3266 dita propter aliud per se notum vel propter ali
295 3220 1306 3341 d creditum est sed propter intellectionem
299 3293 1330 3417 habitus fidei iipum voluntatis et a
1480 416 2504 543 auctoritatem dicentis est creditum est creditum
1473 521 2423 627 propter se ipsum quoniam secundum Eugoinus primo recto
1487 578 2479 692 capitulo 14 quod scimus debere rationi quod credi
1479 669 2458 743 mus auctortai nec nurum si auctoritati di
1481 719 2470 806 centis in nostra fide creditur quia christus
1484 788 2489 867 de aeternis nobis ex hibet infellilem vi
1474 850 2457 947 tatem secundum augustnum 13 de trinitate capitulo penltimeo
1483 917 2445 1022 Ex hiis apparet qud est dicendum ad ratio
1496 973 2448 1092 nes illius doctoris ¶ Ad rationem contra
1481 1048 2484 1168 primum corollariium cum arguitur per illud achaliem
1484 1120 2438 1233 mrti et mahanus etc qui non crediderit
1488 1202 2472 1300 dico primo quod intelligent deusu rationis
1488 1258 2464 1362 itentibus et habentib ¶ dico 2o quod re
1478 1326 2472 1438 cipiunt actum prohabitu ut dicatur qui
1481 1394 2442 1494 non credidit id est fidem non habuis
1474 1463 2479 1563 vel potest dici 3o qui non credidit incre
1466 1507 2464 1636 dere noluerit ¶ ad 2m quid sit de isto
1481 1591 2469 1710 primo actu rationis sine de iblo primo in
1474 1660 2435 1778 telligo corollarium si credit istam et scit
1468 1726 2491 1838 vel scientiae potest eam de mare aritu legis
1477 1799 2484 1920 nostrae secretae et tunc ratio non procedit contra
1475 1878 2469 2004 me sicut patet vel potest dici etiam si non
1465 1957 2471 2065 possit et talis inpotentia procedit ex culpa
1475 2033 2469 2146 sua vel ex culpa impulica scilicet quod dico
1466 2105 2480 2228 propter culpam orilem tunc talis propter suam
1474 2185 2489 2293 inpotentiam non excusatur sicut patet expersse
1458 2260 2471 2363 per venerabili anselmi cur deus homo capitulo 24
1457 2324 2447 2437 ubi inquid anselmus Iniustus est homo
1475 2400 2464 2519 qui non reddit deo quod debet etiam sequitur
1494 2474 2435 2585 ninis verum nam iniustus est qui
1471 2543 2472 2645 non reddit iniustus quia redde ne
1469 2599 2461 2719 quod ¶ ad 3m concedo antecedens et nego consequentiam
1469 2684 2475 2794 et dico quod in hoc stat conformitas me
1468 2758 2475 2864 biorum ad ecclesiam quod credant sicut ipsa
1469 2839 2481 2926 credit sed quod credant secundum quod ipsa crede
1469 2893 2448 3001 praecipitaic pro solutione argumentorum contra
1478 2955 2451 3067 quintam conclusionem nota primo quod est aliud
1467 3027 2464 3137 dicere hoc mirabile senibile sufficiter
1465 3099 2459 3193 causare conspicuam perfectam intuitivam
1472 3168 2457 3260 notitiam secundum modum dictum in 2a conclusione
1460 3246 2457 3342 Aliud est dicere hoc miraculum suf
1462 3296 2508 3412 ficit causare eviudentem scientiam et ali
