2964 4066
538 372 1467 506 fugilis quod uldum quam venerablilis aisulum 2o cur
534 464 1474 573 deus lo igitur 14 Et contra augustinus de duabus
539 540 1490 644 nrabus ¶ 3o et consequentia probatur quia positio
518 609 1449 710 huius est summum bene esse et prura non
518 664 1459 783 summum malum esse igitur consequentia est bona
519 729 1466 847 3o probo faliciates consequentis sic si consequens esset
509 803 1442 910 verum sequitur quod quodlibet bonum comprhensoris quolibet
516 871 1474 968 bono matoris esset melius quod videtur falsa
520 928 1486 1045 quia tunc nullus posset esse simul comphhlesi
521 1005 1470 1108 et mator quod est falsum consequentia patet quod bonum
521 1064 1467 1171 matoris non esse de genere summum bene
525 1118 1477 1245 esse comprehesoris Etiam ex alio quia bonum
509 1199 1470 1301 gliae bono gratiae generaliter melius esse
509 1254 1477 1371 videtur / 2o principaliter ad quaestionem sic nullus est primus
513 1315 1462 1435 vultus igitur conclusio suppositio falsum consequentia bona antecedens
508 1399 1474 1498 probatur primo sic nam quod sunt rationes yde
498 1457 1431 1584 ales tot sunt proprietates fatiales sed
515 1530 1455 1639 infinite sunt rationes ydeales igitur in
497 1608 1440 1713 finte erunt proprietates faciales et per
490 1669 1449 1776 consequens nullus vultus erit primus maior habetur ex
499 1740 1457 1850 modo loquendi doctorum profundi libro
501 1814 1438 1910 primo 4 17 dicit quod esentia divina
494 1871 1440 1987 est spececlum clarissimum perfeus vultus
491 1948 1463 2058 et ydeas minor habetur ex verbis augustini 14 de trinitae
479 2013 1431 2122 ituor 34 dicentis ubi naram sunt Iegule
488 2079 1415 2194 inminabiles enim in illo libro lucis quae
488 2159 1400 2274 veritas dicitur Ette quod expresse ponit
495 2218 1434 2330 iuimrabiles regulas lntis aeternae / 2o
480 2297 1431 2387 probatur idem antecedens sic ad intra in divinis in
474 2369 1443 2462 finiti igitur vultus infiniti consequentia pateres
474 2420 1437 2539 cum non sit possibile ad intra aliquae esse
470 2495 1435 2613 filium et ipsum non fore patris ygiem
472 2563 1449 2682 et proprissium vultum antecedens arguitur hoc suppositionem
456 2639 1433 2753 do quod similiatio ad intra sit communicabilis
470 2706 1419 2826 quod etiam filius sit prbufica quo spicitum
449 2784 1452 2900 articulo sic Sed communicae est entia divina tam
462 2855 1391 2969 communicaie est relatio ad intra sed essentiae
462 2929 1420 3039 est communica pluribus igituo et relatio minor
453 2994 1422 3110 est non magiatre probo primo sic quidquid compeit
458 3065 1407 3183 essentiae est communicabile sed relatio compeiti
452 3136 1418 3258 essentiae quia tensit in ydemptitatem
476 3209 1382 3321 eitur relatio est communicatiae 2o sic si
1625 379 2594 513 Relatio in creaturis ydemptificaret
1625 467 2595 577 si udo in divinis infunda Cuicuque tunc
1631 536 2582 637 communicaretur fundatum eidem communitare et
1626 595 2563 704 relatio igitur sic erit et est in divinis 3o
1613 667 2618 770 Sigta paternitate in abstcto filiatione
1622 730 2597 834 articulo sic haec nulli apponitur igitur hoc omni
1625 806 2577 902 bus in divinis communicatur consequentia est ashili
1617 868 2590 977 de partces scilice cilicet capituloantecedens probatur quia si a
1628 932 2545 1037 licii opporetur formaliter illud et ipsa non
1615 998 2589 1103 possent simul alicui ydemptiate convenire
1619 1067 2583 1177 3o principaliter probo antecedens sic Si aliquis
1613 1137 2570 1243 est primus vultus vel egrgo hoc est per compara
1620 1207 2595 1316 tionem ad exra solum vel ad intra solum
1608 1269 2596 1384 vel utraque simul si primum tunc continei
1622 1334 2584 1454 primus vultus diceretur primus et per consequens
1604 1416 2581 1520 staret nullum fore primum si 2m rgrtio erit
1610 1468 2584 1580 ordo prioris et posterioris in divinis quae a tha
1617 1536 2570 1649 nasui si 3m sequitur tam primum quam
1608 1608 2601 1733 2m 3 principaliter articulo ad quaestionem sic vultus
1611 1679 2581 1794 primus non est etc non est boni unum
1601 1750 2607 1862 si principiativus causaliter igitur nec contetinus
1614 1827 2562 1941 radicaliter consequentia est satis evidues Cum
1607 1913 2591 2026 omnis causa summum contineat effectum et cum
1609 1977 2598 2099 omne contetivum videatur esse respectu sui contenti
1603 2049 2544 2182 effectium antecedens articuo tripliciter primo quia
1588 2119 2514 2248 si primus vultus etc Sequit quod primus
1597 2192 2579 2311 vultus aliqualiter principiat ad extra
1594 2259 2565 2382 qualiter primus vultus non principiat
1602 2345 2592 2465 ut principalie potest ut potsibis bachalarius Cari
1621 2418 2534 2521 one 3a sui articulo Conformiter brinkil
1586 2479 2570 2599 sed consequens videtur repungnatiam includere
1577 2555 2534 2667 igitur etc consequentia patet per bones factas per ipsum
1572 2629 2538 2744 pro hac conclusione Et potest ulterius arguitur nam
1576 2695 2509 2815 primus vultus pternus taliter principiat
1566 2772 2547 2883 ad extra quod requi aliud ad producendum
1571 2846 2523 2951 b et taliter non producit nec producere
1556 2908 2528 3016 potest producendo verbum maius igito consequentia
1563 2980 2501 3092 bona antecedens est eiusdem patris articulo
1568 3051 2529 3136 Corario primo 5ae conclusionis 2o arguiuo idem
1560 3113 2538 3201 antecedens sit primus vultus non est boni u
1572 3176 2514 3271 inversi praestius igit nec principativus consequentia
1565 3232 2532 3336 tenet Cum inplicet contradictionem vultum primum
