2964 4166
358 420 1351 540 creatae patet quia non omnes qui hunct
344 525 1407 624 percipiunt ¶ 4o pro hiis potest esse dicetum hu
343 582 1384 701 igitur intractatude anima christi proprie principium
359 658 1375 760 ubi dicit quod lux luceat et illimat
349 726 1380 828 sed non omnes vident eam qui videtur
356 791 1356 908 per eam ¶ ad 2m in eodem principali
354 860 1357 956 cum dicitur theogicam possunt veribus theologiae li
360 936 1337 1043 be disentivae igitur non habent talem il
352 1006 1375 1113 lustrationem negatur consequentia ¶ ad 3m
353 1066 1341 1180 cum dicitur ibidem quod quilibet theooginus
355 1142 1363 1255 fuius adhaeret etc patet ex dictis quod con
366 1217 1347 1331 sequentia non valet quia fides aeque
370 1292 1353 1396 lis finitur adhesive cum quo theologia
370 1363 1316 1479 sive tali illustratione licet non
367 1438 1350 1527 aequalis cognitionis vel notitiae
367 1498 1346 1623 ¶ ad 4m cum dicitur fides theologicas non
364 1575 1359 1688 foret neccessaria patet ex dictis quod consequentia est
383 1646 1341 1764 neganda ¶ ad 5m patet qualiter e
368 1718 1333 1830 lustratio latet nos et qualiter non
364 1788 1339 1901 et etiam quod ratio de forma non valet ¶ Ad
370 1856 1358 1972 6um potest negari consequentia quia non simile
354 1928 1336 2049 deleine naturali et supernatuali aliter
367 1990 1358 2108 potest dici quod non solum lume naturale
373 2069 1349 2180 sufficit sed requiruntur multi habitus
352 2156 1364 2266 sic et supernatualibus requiritur illusttio
374 2211 1324 2319 qualis est dicta ¶ ad alum cum quaeretur
363 2289 1323 2390 qualiter sit medium dico quod per ab ne
356 2369 1353 2469 gationem formalem et per participa
371 2418 1332 2538 tionem virtualem et sic patet ad totum
370 2489 1349 2619 4m principale ¶ Ad 5m cum arguitur
371 2581 1373 2689 viator potest communte aliam vitam post
365 2650 1326 2769 istam igitur etc potest primo negari consequentia
359 2721 1330 2843 quia et si potest coitere non tamen taliter
373 2802 1333 2910 vel modo tam perfaecto sicut ponit in
370 2862 1337 2986 tas nostrae sectae ¶ Aliter potest dici
368 2938 1331 3063 assumptum negando assumptum nec pro
371 3015 1349 3133 bationes valent quia per similes ratio
368 3096 1372 3203 nes probaretur quod homo ex puris natura
369 3167 1340 3283 libus potest consequi finalem eius
355 3257 1362 3376 salutem et beatitudinem sua perfectam
1513 388 2501 534 quod est falsum Ex hiis patet quid dicendum ad
1517 464 2581 610 totam conclusionem ad argumenta facta grobet oiert
1518 563 1938 658 dicta in ipsa etiam
1714 625 2490 735 upiens etc Istem liber princip
1718 695 2481 796 pali sua divione dicitur ut 2t per
1714 760 2458 869 scilicet i prohemium et tractatum 2a pars
1518 829 2486 944 est ibi vecerum etc Ccausa primam partem
1514 897 2497 1012 nondum quod doctores subitere consexere
1504 966 2494 1079 runt in libris ab ipsis compositis praemit
1523 1035 2508 1153 tere pro hecum sive prologum triplici ex causa
1486 1121 2474 1238 primo ut ostendant ordinem et congrue
1516 1182 2476 1277 tiam dicendorum 2o ut amoveant
1513 1248 2499 1353 ignorantiam auditorum 3o ut removeant
1517 1302 2499 1413 maiam detractorum ¶ de primo sciendum
1513 1382 2515 1489 quod modis in congruus sine docendi sine stu
1510 1443 2513 1550 deundi multum inpedit ne pervenatur
1509 1507 2443 1610 ad disciplinam veritatis perfectam unde
1507 1573 2443 1687 hugolinus libro 5o diascolion scolares nostri
1501 1630 2501 1750 aut nesciunt aut nolunt modum congruum
1516 1709 2497 1823 indiscendo servare et idctio multos stu
1509 1781 2481 1889 dentes paucos sapienetes invenimus
1497 1845 2504 1954 de 2o non quod duplex secundum antiquos distinctione ignratio
1510 1907 2487 2009 rantia negonis et dispositionis prima
1515 1964 2489 2077 tollitur in prologo 6 in tractatu vel in
1513 2026 2469 2149 libro unde alfrabius in libro de divione
1501 2097 2449 2214 scientiarum ut inquod nam cum aliquam scientiarum
1503 2164 2486 2275 adiscere quis voluerit per hoc quam istarum
1507 2230 2475 2342 potius eligat ut cui studio suis in
1501 2302 2517 2396 tendat et quae sibi provemat utrilitas
1506 2354 2488 2463 intelligere poterit et poterit facilite uni
1503 2418 2464 2526 cere eum qui se iactat scientiam aliquid
1499 2488 2489 2608 comprehendisse Cum interrogatus quid et
1499 2550 2493 2670 quae sint eius nesciat respondere per hoc
1498 2604 2487 2731 etiam in omni scientia propriatus apprebit
1495 2686 2508 2801 non ex pars alicuius scientiae quae et quot sut
1507 2765 2496 2866 partes eius et quid contineat non ignratio
1517 2830 2502 2928 rare videtur ¶ de 3o noandum quod communiter
1499 2889 2499 2996 solet dici eQristruit incalle mul
1513 2951 2472 3061 to habet ille magistros sic et magister quiam
1501 3019 2520 3125 is non abigaus etc sic namque facile
1493 3090 2499 3177 est invenere abiectiones in una quadque
1506 3150 2530 3264 materia sed tamen laborio suis est tradere
1504 3224 2517 3310 eruditiones sine veritatis instructiones
1499 3268 2541 3393 quaris multi sunt de tractores hiic neccessarium
