2964 4269
465 415 1440 559 videtur auctoribus quamvis in suis prolo
464 512 1460 629 igitur et proheniis remaneant malium
480 588 1387 694 de tractorum et hoc decerto etc ¶
692 627 1479 769 vipiens etc Iste est prologus li
693 709 1486 831 bri sententiarum et dividitur in 3s partes
669 788 1465 916 principales in prima parte potensit
483 855 1483 940 actum dictandi ardui in 2a modum
459 923 1448 1036 procedendi congtrium In 3a frcum la
479 995 1498 1108 vborum uberimum et 2a pars incipit horum
459 1054 1469 1179 igitur 3a ibi non debet autem hic labor
466 1125 1485 1248 prima dividitur in 3es 2m quod ardieuntas dic
484 1203 1478 1323 tandi ex tribus consistit scilicet ex dictatis
478 1259 1461 1379 invelbecillitate naturali 32o ex difficul
486 1323 1477 1449 tate dicendorum supernatuali 3o ex de crica
471 1401 1443 1506 torum dolositate cuiali 2a pars est
483 1468 1449 1583 ibi ardua scandere 3a ibi Qmis
484 1527 1491 1651 non abigamus prima pars habet 3es particum
477 1602 1464 1718 las nam in prima recognoscit suam
478 1675 1468 1785 in becillitatem ingenim et industrie di
474 1733 1459 1842 cens Cupientes aliquid quaestione non altera
481 1803 1459 1922 sed aliquid ut humilia cum huilibet
492 1869 1440 1996 sentiat 2o scrutim et scientiae dicens
486 1922 1479 2063 cupientes depenima 3o erudiendi
482 2001 1466 2104 et doctrinae d ac tenicitate nostra tunc
489 2066 1449 2198 sequitur et pars ardua scandere etc quae
488 2142 1419 2274 similiter dividitur in 3es partes secundum ex
492 2200 1437 2348 tres ponit quae erant sibi diffi
483 2261 1456 2403 cilia quae eranst sctupor aggdiendi
481 2339 1450 2448 labor exaequendi timor deficiendi
486 2395 1455 2511 2a ibi delectatis nos veritas 3a ibi
470 2472 1418 2592 desiderui etc quamvis non abigamus
473 2543 1464 2673 ista est 3a particula primae partis quae
467 2601 1492 2735 dividitur in 3es nam in prima ex primi
476 2684 1463 2792 de trectionis radicem et occcasionem
486 2750 1460 2884 et in se flsitas lite praedicationem in 3a
476 2820 1473 2947 veritatis inpugnationem tunc 2a pars
473 2891 1455 3014 ibi quorum professio 3a ibi contentioni
490 2947 1477 3089 studentes quaelibet parcium posset dividi
483 3035 1194 3178 in plures sed partes patebunt
662 3091 1456 3209 vanius non ambigamus Ista
683 3154 1470 3280 est 3a particula primae partis pri-
679 3211 1463 3352 cipalis quae dividitur in 3as pars
476 3292 1458 3416 nam in prima expreimit deterectionis
480 3350 1480 3495 radicem et occasionem 2o falsitas in
1619 401 2633 534 felicem praedicationem in 3a veritatis decea
1636 490 2643 593 pecte inpugnationem 2a pars est ibi
1617 562 2664 672 quorum professio 3a qui contentioni studentes
1629 627 2601 741 quaelibet partium posset dividi in plures sed
1626 695 2629 806 partes patebunt inlegendo ¶ horum igitur
1634 765 2664 872 deo odibilem etc ista est 2a pars principalis
1642 829 2630 946 istius prologi quae ad praecedentem sic
1615 899 2628 1010 continuatur post quod magister determinativ actum
1633 969 2595 1071 dictandi ardini nunc in ista parte
1636 1030 2677 1134 ostendit modum procedendi sui stili congruum
1621 1107 2598 1205 et dividitur haec pars in 4or partes secundum quod
1630 1170 2592 1278 congruitatem sui saili ex quatuor
1626 1251 2645 1333 declarat nam primo probat ex affectiva
1625 1301 2631 1415 finali 2o exeffectiva causali 3o ex subiec
1629 1381 2630 1460 tivo maturiali 4o exclrativa formali tunc
1637 1439 2620 1545 2a pars incipit ibi in labore multo et
1630 1521 2626 1614 sudore 3a ibi extestionioniis veritatis
1631 1569 2629 1678 4a ibi incoantuor libris distinctum 2a
1625 1636 2648 1749 pars dividitur in duas partes secundum quod duos
1644 1702 2658 1805 ponit fines primus est ecclesiae in align
1624 1766 2667 1875 tium opilatio subersiva secunds est doctrinae
1608 1835 2655 1940 speculantium elucidatio ercina tunc
1620 1899 2641 2001 2a pars est ibi et lutuam veritatis et
1616 1987 2658 2085 pars etiam dividitur in duas secundum quod 2as
1618 2036 2604 2129 tangit causas effecto scilicet iustrale et
1625 2097 2630 2205 3 naoalem principbile cum dicit deo dante Iu
1638 2163 2634 2281 ftalem cum dicit Compegius 3a pars re
1628 2236 2644 2333 maneret indivisa sequitur illa littera
1613 2309 2622 2403 Caestiononiis veritatis maeterinum fundatis
1620 2372 2641 2471 et 4or libris destictvum quae vters pericla
1636 2436 2643 2536 potest ad praecedentem sic continuari post
1618 2504 2657 2607 quam magister probanit modum procedendi et suum
1606 2563 2583 2671 stilum congriui excsia effectiva finali
1621 2624 2625 2734 effectiva causali subiectiva formali
1627 2687 2612 2786 nunc probat hoc ex declarativa formali
1627 2754 2636 2852 etiam dividitur inquanque partes secundum quod quandque
1613 2811 2580 2934 officia vel proprietates suin fstibi senu
1624 2883 2629 2982 modi procedendi nam primo ponit
1630 2949 2631 3059 extra antiquorum et in probat frandule
1625 3022 2616 3138 tiam haereticorum 3o reserat additum
1624 3090 2637 3186 notrum 4o demirat pericula errorum 5o se
1627 3155 2656 3265 conformat litibus sanctorum 2a pars ibi In
1616 3222 2613 3352 quo prodienite fidei 3o ibi additum de
1635 3293 2622 3430 mtrande veritatis complexi 4o ibi nec
