2964 4219
324 444 1317 511 felices sed frui deo est tolere deum
324 518 1334 586 igitur etc Ista pars est conclusio 2a gregorii distinctione ista
336 600 1332 663 prima quaestione 3 articulo primo et probat eam diffinitione
332 678 1298 738 ex dictis augustini 2am partem conclusionis probo
323 752 1332 816 quia si non movet subeadem ratio
333 827 1344 894 ne hoc est do ideo secundum quod dicit opinio
335 900 1322 967 contraria quia movet intellectum sub
342 978 1337 1038 ratione veri et voluntate sub ratione bo
326 1047 1325 1114 ni Et quia haec rationes inter se sunt
324 1118 1302 1183 diversae saltem ratione Sed contra hoc arguo
332 1188 1329 1263 quia eadem est omnino ratio veritatis increatae
332 1270 1332 1335 vel immensae et bonitatis increatae si
333 1335 1346 1398 ne inmensae sed non movet natura divina
335 1412 1334 1470 ad se fruendum parte ymaginis creatae
321 1476 1326 1543 nisi sub ratione veritatis et bonitatis
326 1557 1310 1620 increatae igitur sub unica ratione con
333 1640 1314 1696 firmo hanc partem si sic non plus disti
336 1718 1286 1774 guitur denominatio unius generis in deo
336 1790 1320 1854 adae nominatione alterius generis quam de
329 1862 1313 1925 nominatio generis a sui specie vel indivi
327 1932 1316 1993 dui in deo sed omnino eadem est ratio de
329 2003 1310 2065 nominationis generis in deo et sui speciei
332 2070 1289 2137 vel individui igitur et generis ac generis
317 2141 1298 2206 igitur unica et eadem est praecise ¶ 3o sic
323 2214 1310 2274 causa idem omnino idemptitatis sinit de nomin
335 2284 1325 2340 ationes omnium generum in deo quam foret
329 2348 1301 2411 idem sub ipsi sed tantum una denominatio
333 2412 1322 2481 unius generis foret sed tunc formaliter foret
321 2480 1319 2549 idem illud sibi ipsi re et ratione igitur et
327 2541 1323 2622 nunc igitur sequitur tota conclusio uteri ¶  Contra istam
336 2624 1328 2691 conclusionem arguo primo sic cuiuslibet cre
341 2697 1314 2764 aturae rationalis potentia perceptiva est fini
329 2775 1310 2836 ta et eius capacitas limitata igitur a
342 2843 1319 2902 liqua finita et limitata bonitas
333 2915 1292 2973 eius potest esse obiectivo beatificativa et
338 2988 1268 3048 finaliter satiativa consequentia videtur satis
333 3059 1298 3120 nota antecedens arguitur quia nulla creatura
336 3123 1314 3185 est maior perceptibilitas seu capa
329 3187 1296 3258 citas quam entitias ut videtur ¶  2o contra
323 3250 1325 3321 eandem partem deus solum beatificat
311 3327 1286 3391 finite quemlibet beatum igitur bonitas fini
332 3398 1338 3459 ta potest influxum eius obiectivum in perceptione
1488 435 2489 496 creaturae supplere antecedens satis communiter tenetur
1491 501 2462 562 et consequentia probatur quia omni finito potest
1488 572 2459 632 dari aliud finitum aquale vel me
1484 644 2468 702 lius in perfectione nam aliter posset esse
1487 723 2454 774 aliquod finitum facere causa per factum quod ipso
1487 783 2460 849 perfectius non posset esse quod falsum ¶ 3o arguo
1488 858 2501 931 contra istam 3am partem conclusionis quia aut
1488 930 2486 1005 omnis actus ordinatus circa deum cre
1490 1000 2459 1069 aturae rationalis rationalis est fruitio aut non
1488 1074 2474 1138 est Si primum contra quia sic aliquod nolle
1482 1150 2505 1212 erit fruitio cuius oppositum credit probare
1467 1217 2508 1286 hugolinus libro primo distinctione 1 quaestione 1 articulo primo conclusione
1487 1298 2484 1352 2a patet consequentia quia plura sunt nolle circa
1482 1364 2483 1416 deum vel esse possunt a creatura rationali
1485 1428 2444 1486 si dicitur 2m igitur sequitur quod quis licite
1494 1498 2465 1551 poterit uti deo quod videtur falsum vel sequitur
1491 1561 2457 1617 quod erit aliquis actus medius or
1484 1635 2519 1693 dinatus inter uti et frui Cuius oppositum
1488 1699 2469 1754 idem doctor credebat se probasse
1491 1764 2487 1821 ubi supra conclusione quarta ¶ 4o arguo
1476 1833 2483 1891 contra 2am partem ex dictis thomae de
1476 1912 2478 1968 argentis oppositum tenetur libro 1 distinctione 1 quaestione 1
1472 1992 2444 2046 articulo 1 3ae quaestione primo sic obiectum intellectus et
1485 2070 2477 2121 obiectum voluntatis non possunt habere eam
1494 2125 2496 2191 dem rationem igitur pars illa conclusionis falsa
1490 2210 2490 2268 consequentia patet cum obiectum fruitionis sit ob
1491 2273 2490 2337 iectum horum vel harum personarum antecedens probatur
1473 2352 2475 2406 quia obiectum intellectus est intelligentiae
1485 2420 2451 2475 ut intelligentiae sed obiectum voluntatis no
1473 2488 2474 2541 bile ut nobile sed haec differunt
1481 2551 2477 2615 ratione igitur antecens verum quod autem haec di
1485 2620 2486 2685 fferant ratione probatur primo sic ratio
1490 2695 2492 2761 intelligibilis potest manere ut actu mo
1481 2763 2486 2844 vens non manente ratione nobilis
1476 2835 2522 2920 igitur patet assumptum quia aliquis hodie
1488 2916 2501 2998 potest esse volens et inteligens unum
1470 3003 2508 3070 et cras intelligere et non velle igitur etc
1487 3073 2460 3133 ¶ 2o deus intelligit hominem quem
1490 3144 2496 3198 non diligit et heri ipsum intellexit
1487 3213 2472 3269 et dilexit sed ista diversitas non est in
1475 3276 2477 3347 deo sed in rationibus obiectalibus igitur etc
1478 3363 2492 3436 ¶ 3o deus intelligit malum culpae
