2964 4211
305 426 1301 501 beatifica quam dicit ibidem esse dele
308 504 1280 570 ctatoinem probat per augustinum 10 de civitate capitulo 10
305 584 1295 643 83 quaestionibus quaestoine 3o primo de trinitate capitulo 8 ubi dicit augustinus
303 660 1280 717 haec est plenum gaudium quo amp
305 729 1281 793 lius non est frui trinitate doe patet etiam
327 797 1281 867 quod gregorius primi dubii tenet partem affir
315 863 1305 942 mativam scilicet quod motio formalis obiectiva
311 934 1289 1009 ad percipiendum fruitive et significanter
311 1006 1305 1075 beatifice est etiam motio delectandi
321 1078 1311 1147 et delectatio non tenet se per modum passionis
323 1145 1289 1213 consecutive huic conclusioni assenti adam
327 1217 1292 1284 libro primo distinctione 9 quaestione 3 primum librum meum hiis
317 1283 1298 1349 in parte concordat doctor inventivus Ia
326 1355 1296 1415 cobus de viterbio primo quolibet conclusione
320 1429 1302 1481 8 in primo principali ubi dicit quod a
338 1492 1317 1551 mare non est actus voluntatis distinctus
326 1554 1296 1621 contra desiderare et delectari magister hugolinus
336 1611 1317 1693 libro primo distinctione de prima quaestione 2 articulo 3o ponit 3es
351 1687 1281 1765 conclusiones prima aliquis amor est
329 1759 1295 1829 complacentia quietativa probat de fruitio
347 1831 1289 1890 ne beatifica ¶ 2a nulla complacentia
342 1901 1293 1953 est totaliter delectactativa nisi ipsa sit
327 1965 1277 2030 gaudium vel delectatio ¶ 3a aliquis
344 2031 1298 2095 amor est delectatio patet haec ex duabus
333 2086 1284 2164 praecedentibus consentio hiis docto
353 2155 1320 2228 ribus in conclusione principali dubii antedi
353 2221 1302 2288 cti tamen propter eorum rationes tamen etiam
347 2287 1316 2358 quia videtur michi magis conformis
353 2348 1356 2423 dictis et sententiis augustini ¶ 2m dubium videtur
353 2421 1307 2488 aliqualiter determinatum ab ecclesia pro par
350 2489 1311 2547 te eius affirmativa extra de haereticis libro
351 2553 1286 2610 7 capitulo ad nostrum et est pro hoc adam libro
365 2615 1295 2675 primo distinctione prima et in prologis dubio 7
350 2671 1334 2741 et satis communiter tenent doctores quod
357 2734 1334 2805 fruitio tam a potentia quam etiam obiecti dist
359 2798 1350 2867 uiguatur et si beatus augustinus quandoque videtur
354 2872 1317 2934 dicere quod amor et notitia non sunt
356 2938 1293 3002 in anima sicut in subiecto sicut
353 2999 1338 3068 9o de trinitate capitulo 4 dicendum eset quod loquitur de
354 3071 1353 3139 amore et etiam notitia potentiali et virtu
354 3146 1308 3210 ali non habituali vel actuali patet per
365 3211 1317 3272 ipsum met augustinus 6 de trinitate capitulo 6 Et
347 3282 1304 3359 ponitur primo sententiarum distinctione 8 capitulo 6 quia
362 3349 1338 3431 non est idem animam esse et sapientem
1482 412 2445 464 esse Et 5 de trinitate 10 anima non sapientia sed
1487 474 2480 520 utrum deus posset creare unam na
1481 537 2460 581 turam quae potest intelligere et velle per
1481 597 2442 646 essentiam suam vide adam libro primo distinctione
1472 657 2441 707 prima quaestione 1 dubio 4o ¶ quantum ad 3m dubium
1491 723 2442 781 patet ex supra dictis quod gregorius ponit quod omnis
1482 781 2475 858 fruitio est actus et operatio solius voluntatis
1478 852 2484 927 Sed bonsilant libro primo quaestione 2 articulo primo
1487 924 2499 998 ponit duas conclusiones prima est quod voluntas
1485 993 2433 1059 est causa libere productiva actus
1488 1058 2441 1121 fruitionis probat istam ex dictis in conclusione
1485 1127 2409 1195 prima dubio 2o 2a conclusio omnis actus
1479 1200 2442 1265 voluntatis ab aliqua notitia partia
1485 1266 2454 1325 liter effective causatur probat istam
1494 1332 2481 1386 ibidem satis diffusive ad eandem ma
1494 1399 2498 1449 teriam ponit quaestione primo articulo primo tres conclusiones
1484 1455 2481 1518 quarum prima est haec omnis et sola
1494 1523 2436 1584 potentia effectiva respectu ab cuius obiecti est potentia
1482 1584 2457 1655 fruitiva et recipit fruitionem lar
1494 1649 2451 1712 ge ¶ 2o sumendo proprie totaliter et re
1484 1712 2484 1771 quisitive sic actus potentiae intellec
1499 1778 2492 1838 tive 3a quod fruitio proprie dicta et elective
1491 1849 2474 1904 sic actus solius voluntatis tam active
1493 1914 2486 1974 quam subiectiva probat istas conclusiones diffusive
1499 1981 2469 2041 Et per hoc satis patere quid dicendum
1481 2052 2453 2119 ad dubium 3m supra motum et per consequens
1499 2116 2474 2180 ad 6m rationem factam contra conclusionem
1499 2182 2489 2255 prima huius quaestionis de hiis tamen ma
1497 2251 2445 2319 teriis possunt videri alii doctores quid
1494 2306 2481 2384 sentiant de ipsis ¶ primum correlarium sicud
1491 2379 2472 2456 non stat frui divina trinitate et non
1500 2452 2460 2527 frui qualibet eius intrinsica perfectione
1494 2521 2463 2593 et dignitate sic non stat aliquem frui a
1497 2589 2484 2664 liquo deo essentialiter et non frui qualibet
1512 2663 2498 2731 eius notionali prima pars arguitur sic omnis
1502 2729 2465 2794 perfectio deo intrinseca sine dignitas
1508 2807 2508 2871 vel bonitas est deus trinitas realiter
1505 2868 2463 2939 formaliter et econverso Trinitas est quaelibet
1485 2939 2475 3009 perfectio divina sive bonitas igitiru corollarium
1505 3012 2505 3083 verum nisi quis velit dicere differentias in
1508 3071 2492 3142 ter has propositiones terminative sortes fruitur
1499 3127 2507 3208 trinitate et si sic adhuc corollarium videtur esse
1500 3204 2498 3274 verum quia frui semper in corollario sicut
1496 3269 2486 3345 patet ex eius forma igitur et 2a pars sequitur
1505 3350 2552 3412 ex prima et probatur per idem argumentum igitur sequitur totam corollarium verum
