2964 4244
553 333 1488 472 est tam meriti et non sine gratia igitur etc
531 415 1497 540 ¶ 3m corollarium sacra scripturae est circumstantia
555 493 1517 603 studium augens non diminuens credendi
538 561 1527 681 meritum pro corollarium quia talem studium de se
525 623 1539 733 est meritum dummodo in caritate et propter deum
527 701 1509 808 fiat et fidei non repugnant igitur corollari
538 767 1492 880 verum Et ex hiis ut videtur sequitur responsio ad
541 844 1525 928 quaestionem satis informa quia pars a
544 920 1486 1012 ffirmativa est vera sicut patet ex dictis
543 972 1464 1079 Sed contra istam 3am conclusionem est primo tertium
546 1035 1514 1165 principale quia stundens periculo erran
530 1111 1509 1231 di se exponit 2o quia studium istud
542 1192 1496 1302 fidem diminuit 3o quia solam in
541 1254 1546 1378 tellectivam perficit non enim videtur dubium
543 1329 1495 1463 quin stundens legendo dicta haereticorum
550 1395 1506 1540 exponat se periculo errandi igitur videtur
534 1461 1524 1608 quod non sit meritorium 2a contra probationem
545 1527 1541 1678 illius conclusionis in qua dicitur quod articulus
536 1613 1509 1742 trinitatis sit sufficienter expressus cum igitur secundum
530 1683 1480 1803 dyonisium de divinis nomibus capitulo primo
537 1761 1492 1882 non sic audendum aliquid dicere et co
538 1815 1523 1961 gitare de super substantiali et oculte di
538 1887 1512 2016 vitate praeter ea quae divinitus ex sanctis
534 1980 1473 2100 eloquiis sunt expressa et certum est quod
522 2044 1500 2178 in tota sacra scriptua sacri canonis hoc
537 2113 1530 2252 nomen persona de deo non inveniatur
522 2179 1474 2331 expressum igitur non debet attibui sibi neque
524 2248 1512 2399 sic transferenda ad divina ¶ 3o contra eandem
510 2323 1503 2469 conclusionem in sacra scriptura miscentur dicta
521 2400 1511 2528 haereticorum gentilium etiam infidelium
519 2494 1507 2612 et philosophorum quae in propriis locis legere
516 2551 1500 2678 non licet nec expedit igitur nec iux
519 2621 1466 2755 ta sacrae scripturae et cum scriptura non
519 2703 1504 2821 possit legi sive illis sequitur quod sacra
506 2767 1498 2911 scriptura non est legenda consequentia videtur
510 2844 1459 2984 bona et antecedens patet nam quod dicta illa
514 2924 1475 3060 falsa misceantur patet per totum processum li
507 3008 1514 3118 bri de cuitate et quasi communiter de omni
501 3054 1489 3183 bus libris sanctorum quod autem non debeat
506 3143 1467 3275 legi in propriis locis patet de yeroo qui
495 3202 1442 3330 funt graviter percussus eo quod legit
511 3259 1471 3381 libros ciceronis igitur etc ¶ contra primum primum
489 3331 1487 3456 corollarium intellectionis et voluntas sunt eadem
1679 316 2686 440 res omnino sed voluntas est libera igitur et
1679 404 2651 499 intellectus maior patet ex dictis in conclusione
1680 469 2678 572 primae distinctionis et minor patet ex ratione istius
1667 533 2664 629 corollarii primi et formae videtur bona igitur corollarium
1670 601 2703 699 falsum ¶ Contra 2m corollarium arguitur sic si ipsum est
1665 656 2682 774 verum sequitur quod nullus meretur nisi apprehen
1660 727 2670 849 dat articulum trinitatis et quod approhensio
1670 813 2664 899 istius articuli sit actus ipsius vo
1664 862 2707 972 luntatis quae ambo sunt falsa igitur et corollarium
1664 926 2705 1048 probatur consequentia pro prima parte nam si sine
1682 992 2671 1127 apprehensione istius articuli non est
1679 1062 2718 1173 meritum igitur quandocumque est meritum est etiam
1672 1132 2702 1253 apprehensio istius articuli sit actus
1668 1203 2712 1316 ipsius voluntatis et habetur primum pro 2a parte probaur
1657 1279 2670 1397 quia si totum meritum pendet quantum
1676 1342 2653 1435 ad hominem ex actu voluntatis sequitur si
1670 1413 2675 1514 apprehensio sit meritoria quod erit actus
1658 1480 2665 1602 voluntatis et sic habetur 2m ¶ Contra 3m
1655 1541 2688 1657 corollarium nam per studium acquiritur habitus
1658 1614 2684 1739 faciliter credendi igitur studens ex suo
1666 1689 2688 1797 studio praedit unam circumstantia inten
1666 1747 2670 1866 dentem ad augmenndum meritum ipsius
1661 1820 2673 1924 antecedens notum est et consequentia probatur quia
1666 1896 2678 2011 difficultas credendi est circumstantia
1658 1958 2702 2102 intenden meritum et actum merendi nam
1650 2026 2665 2163 2m Ieorminum in epistola ad filium maitii
1667 2102 2639 2223 ea res maior est meriti quae ma
1652 2180 2658 2284 ioris est laboris et ambrosius in libro de
1645 2248 2698 2360 cayu et abel omnis virtus in labore
1658 2312 2640 2426 consistit ad idem videtur esse philosophus 2o
1655 2372 2651 2503 ethicorum igitur videtur corollarium falsum ¶ ad ista et
1658 2462 2639 2582 primo ad principale cum dicitur quod studium
1648 2534 2652 2657 huius arguitur non sit etc negatur antecedens et cum
1641 2595 2663 2733 probatur primo quia talis exponit se peri
1652 2668 2640 2765 culo errandi dicendum quod si studeat
1639 2742 2643 2870 taliter qualiter debet quod hoc est falsum Si
1656 2823 2659 2938 autem aliter quam debet non est contra
1622 2895 2685 3015 propositum debet namque talis cum venerabili
1639 2962 2673 3082 anselmum in fine prologis sui prosologion non
1645 3042 2641 3158 quaerere intelligere ut credat sed debet
1639 3118 2619 3217 credere ut intelligat simile dicit
1646 3204 2630 3315 circa principium primi sui Cur deus
1628 3274 2609 3405 homo Ex quo sequitur mortale
