2964 4244
539 334 1504 469 quod nullus dubitat fore illictum ¶ ad
559 413 1519 543 rationem contra primum corollarium dicitur quod intellectus
552 485 1504 585 et voluntas sunt eadem res di
546 549 1515 664 co quod nonanter dixi meo quod intellectus
555 626 1533 761 ut sic patet hoc quia ut sic est poten
550 702 1524 805 tia naturalis et ideo anima quae est tam vo
550 781 1502 893 luntas quam intellectus sed rationem qua
542 834 1535 966 vos dicitur libere agere sed secundum quod intellectus
549 924 1509 1048 decitur agere naturaliter nec procedit ratio contra
549 996 1524 1111 illa dicta ¶ ad rationem contra 2m corollarium
552 1060 1515 1180 cum dicitur quod si corollarium sit verum etc di
553 1121 1518 1268 co quo ad primum consequens primo concedendo
553 1205 1504 1328 ipsum loquendo de apprehensione
559 1268 1511 1385 actuali et habituali dico 2o quod contra
555 1347 1531 1469 non valet de forma unde non sequitur sive
555 1410 1496 1527 acquisitione gradus remissionis non
552 1482 1504 1621 possum acquirere gradum intensio
545 1549 1494 1680 rem ergo quandocumque acquiro gradum inten
563 1610 1501 1761 siorem acquiro remissiorem sed bene sequitur
551 1682 1530 1836 quod acquiro vel acquisivi ita sufficit
554 1749 1495 1922 in proposito quod apprehendat vel alias
535 1829 1504 1992 ante apprehenderit non curo tamen ad praesens
535 1894 1487 2033 disctutere veritatem in forma exempli
540 1965 1494 2123 adducti sed sufficit consequentiam non tenere
527 2043 1525 2202 de forma ¶ ad 2m consequens potest dici primo
543 2131 1495 2249 negando quia non omne quod depen
526 2196 1514 2309 det vel dependet ex actu volendi
533 2273 1479 2390 vel a voluntate est cuius actus sicut
526 2327 1514 2482 posset ostendi in multis exemplis ¶
527 2401 1516 2536 2o potest dici et melius quod aliquid esse
531 2475 1528 2610 actum voluntatis potest esse vel imperative
521 2562 1492 2665 vel elicitive primo modo conceditur consequentia et
515 2644 1492 2763 negaretur falsitas consequentis sed 2o modo conceditur
520 2687 1488 2842 falsitas consequentis et negetur consequentia ¶ Ad
522 2769 1486 2907 rationem contra 3m corollarium cum dicitur quod per stu
500 2838 1507 2952 dium acquiritur habitus faciliter creden
509 2901 1481 3046 di etc potest dupliciter responderi ¶ primo quod
518 2962 1510 3119 licet studens perdat unam circumst
520 3041 1524 3174 antiam ex hoc tamen non sequitur quod suum me
510 3102 1482 3242 ritum diminuatur quia loco illius circum
512 3156 1489 3345 stantiae acquirit alias multum meli
516 3232 1497 3395 ores ista sicut est intensius credere vel
498 3319 1522 3502 extensius expressius et verius et etiam suam
1673 300 2712 440 fidem caritati sub ordinare et in deum
1688 394 2691 505 actualiter dirigere et multa hiis si
1676 471 2718 577 milia ¶ 2o potest dici negando assumptum
1683 534 2703 650 quia non semper melior theologus facilius
1688 606 2705 693 credit quia occrrunt sibi plures ratio
1687 694 2724 787 nes iustantiae quas quas simpli
1679 735 2713 838 ces non advertunt et ideo ut frequentius
1679 791 2700 913 tales oportet captivare intellectum in obsequi
1678 870 2709 987 um christi et hoc forte advertit ecclesiasticos
1685 937 2677 1043 cum dicebat qui addit scientiam addit
1667 996 2671 1115 et laborem ecclesiastes caplaio primo et sic patet
1685 1075 2694 1187 quid dicendum de tota ista conclusione et
1683 1146 2422 1246 ad rationes factas in ipsa ¶
1852 1204 2716 1320 plus namque etc ista est 3a distinc
1857 1273 2691 1377 tio istius libri primi quae potest ad
1846 1345 2656 1451 praecedentem sic continuari post
1670 1413 2686 1539 quam in praecedenti distinctione magister probavit
1691 1464 2692 1580 naturae divinae unitatem et personarum trinitatem
1676 1548 2694 1652 per auctoritates sacrae scripturae nunc in ista inten
1679 1614 2691 1705 dit hoc idem probare rationibus cogru
1682 1680 2667 1796 is et simulitudinibus creaturae et divi
1668 1750 2694 1858 ditur in tres partes principales sed quod tripliciter
1660 1822 2657 1942 probat hoc ratione essentiae unitatem et perso
1676 1890 2715 2017 narum trinitatem nam primo probat haec
1667 1942 2684 2071 ratione et argumento 2o simulitudine
1668 2031 2672 2132 et vestigio 3 ymagine fundate in
1672 2096 2684 2213 animae fundato tunc 2a pars incipit ibi
1679 2160 2680 2278 nunc restat ostendere 3s ibi nunc vero ad
1673 2238 2659 2363 eam prima dividitur in quatuor partes
1655 2321 2685 2423 sed quod ponit quatuor rationes per quas
1664 2375 2688 2493 probat suam conclusionem nam in prima arguit
1667 2434 2679 2557 ex dei causalitate effectiva 2o arguitur ex creatoris
1658 2508 2690 2640 tuarum mutabilitate et dei stabili per
1674 2578 2690 2691 severantia omnimoda ¶ 3o perfectioum excel
1657 2641 2665 2764 lentia ¶ 4o ex speciositis exemplaris con
1663 2722 2673 2836 tinentia tunc 2a pars alio etiam modo
1655 2802 2650 2909 3a ibi consideraverunt etiam ¶ 4a ibi
1656 2859 2679 2971 intellexerunt etc corporis species et tunc
1668 2922 2658 3031 sequitur 2a principalis nunc restat quae
1644 3002 2664 3105 dividitur in 3 partes nam primo ostendit
1643 3063 2641 3180 qualiter vestigi cunctis rebus a
1669 3130 2664 3260 prima arte inprimitur 2o qualiter hoc
1667 3213 2703 3355 vestigum a rationali mente cognoscitur
1656 3289 2697 3435 3o qualiter hoc vestigium trinitatis sive
