<?xml version="1.0" encoding="UTF-8" standalone="yes"?>
<PcGts xmlns="http://schema.primaresearch.org/PAGE/gts/pagecontent/2013-07-15" xmlns:xsi="http://www.w3.org/2001/XMLSchema-instance" xsi:schemaLocation="http://schema.primaresearch.org/PAGE/gts/pagecontent/2013-07-15 http://schema.primaresearch.org/PAGE/gts/pagecontent/2013-07-15/pagecontent.xsd">
    <Metadata>
        <Creator>prov=University of Rostock/Institute of Mathematics/CITlab|PLANET AI GmbH/Gundram Leifert/gundram.leifert@planet-ai.de:name=clm26711-m5(htr_id=24125)::::v=2.6.6
prov=University of Rostock/Institute of Mathematics/CITlab|PLANET AI GmbH/Tobias Gruening/tobias.gruening@planet-ai.de:name=de.uros.citlab.module.baseline2polygon.B2PSeamMultiOriented:v=2.6.6
prov=University of Rostock/Institute of Mathematics/CITlab|PLANET AI GmbH/Tobias Gruening/tobias.gruening@planet-ai.de:name=/net_tf/LA73_249_0mod360.pb:de.uros.citlab.segmentation.CITlab_LA_ML:v=2.6.6
Transkribus</Creator>
        <Created>2020-02-15T09:48:20.191-05:00</Created>
        <LastChange>2020-06-03T22:49:57.637+02:00</LastChange>
        <TranskribusMetadata docId="324541" pageId="12773206" pageNr="120" tsid="30407355" status="DONE" userId="25065" imgUrl="https://files.transkribus.eu/Get?id=VJXKQKZKFKTLLMCOUNOXUNPO&amp;fileType=view" xmlUrl="https://files.transkribus.eu/Get?id=OIXABYDORJJHWZCMQZQSZWZQ" imageId="9020458"/>
    </Metadata>
    <Page imageFilename="61v.jpg" imageWidth="2964" imageHeight="4247">
        <ReadingOrder>
            <OrderedGroup id="ro_1594074135416" caption="Regions reading order">
                <RegionRefIndexed index="0" regionRef="r2"/>
                <RegionRefIndexed index="1" regionRef="r3"/>
            </OrderedGroup>
        </ReadingOrder>
        <TextRegion orientation="0.0" id="r2" custom="readingOrder {index:0;}">
            <Coords points="548,419 548,3475 1569,3475 1569,419"/>
            <TextLine id="r2l1" custom="readingOrder {index:0;}">
                <Coords points="551,503 980,504 1344,449 1450,487 1524,458 1526,405 1365,404 1229,423 1099,407 864,434 548,429"/>
                <Baseline points="557,468 605,473 653,477 701,479 749,480 797,480 845,480 893,479 941,477 989,475 1037,473 1085,470 1133,467 1181,463 1229,460 1277,457 1325,455 1373,453 1421,452 1469,450 1517,450"/>
                <TextEquiv>
                    <Unicode>sui ipsius activus vel deus non est sui </Unicode>
                </TextEquiv>
            </TextLine>
            <TextLine id="r2l2" custom="readingOrder {index:1;}">
                <Coords points="549,596 609,556 676,588 777,546 1100,577 1182,535 1304,561 1342,527 1538,533 1535,459 1503,452 1456,486 1409,453 1316,486 1245,462 1208,498 1137,473 1057,510 545,491"/>
                <Baseline points="554,543 602,545 651,546 700,546 749,546 798,546 846,546 895,545 944,543 993,543 1042,540 1090,539 1139,536 1188,533 1237,529 1286,527 1334,522 1383,519 1432,515 1481,511 1530,507"/>
                <TextEquiv>
                    <Unicode>perceptivus vel utraque simul quodlibet illorum</Unicode>
                </TextEquiv>
            </TextLine>
            <TextLine id="r2l3" custom="readingOrder {index:2;}">
                <Coords points="550,678 638,646 831,652 886,618 931,652 993,622 1035,656 1129,652 1175,615 1305,639 1348,602 1477,592 1477,532 1264,567 724,556 670,588 614,563 548,595"/>
                <Baseline points="555,618 600,617 646,615 692,615 738,614 784,614 830,614 875,612 921,612 967,612 1013,611 1059,609 1105,609 1151,607 1196,605 1242,603 1288,600 1334,597 1380,593 1426,589 1472,585"/>
                <TextEquiv>
                    <Unicode>est falsum ¶ 2o sic posse perceptivum </Unicode>
                </TextEquiv>
            </TextLine>
            <TextLine id="r2l4" custom="readingOrder {index:3;}">
                <Coords points="564,717 660,751 713,703 842,734 872,706 986,729 1083,696 1117,724 1218,679 1310,719 1353,679 1506,656 1503,594 1305,639 1181,621 1127,653 913,635 562,672"/>
                <Baseline points="570,704 616,702 663,701 709,699 756,699 802,697 849,696 895,693 942,693 988,690 1035,688 1081,686 1128,684 1174,681 1221,678 1267,676 1314,672 1360,670 1407,666 1453,662 1500,657"/>
                <TextEquiv>
                    <Unicode>est proprietas potentiae in eo quod vita seu vi</Unicode>
                </TextEquiv>
            </TextLine>
            <TextLine id="r2l5" custom="readingOrder {index:4;}">
                <Coords points="552,811 752,782 852,818 1154,756 1376,800 1522,750 1519,694 1375,675 1317,710 759,712 658,751 547,704"/>
                <Baseline points="557,782 604,782 652,780 700,779 748,777 796,775 844,772 892,770 940,767 988,764 1036,761 1083,758 1131,754 1179,752 1227,749 1275,747 1323,745 1371,744 1419,743 1467,743 1515,743"/>
                <TextEquiv>
                    <Unicode>talis essentia posse activum est proprietas </Unicode>
                </TextEquiv>
            </TextLine>
            <TextLine id="r2l6" custom="readingOrder {index:5;}">
                <Coords points="543,896 796,852 899,889 981,841 1240,849 1288,820 1508,858 1519,774 1270,806 1145,760 852,818 734,791 539,816"/>
                <Baseline points="548,858 596,857 644,857 692,855 741,852 789,851 837,848 886,844 934,841 982,838 1031,834 1079,832 1127,829 1175,826 1224,824 1272,822 1320,822 1369,821 1417,822 1465,822 1514,825"/>
                <TextEquiv>
                    <Unicode>communis tam esse vitali quam esse non </Unicode>
                </TextEquiv>
            </TextLine>
            <TextLine id="r2l7" custom="readingOrder {index:6;}">
                <Coords points="557,943 1114,910 1224,951 1298,900 1545,899 1542,852 1431,826 1366,863 1156,843 1098,883 896,889 792,853 554,896"/>
                <Baseline points="563,932 611,932 660,932 709,930 758,927 806,926 855,923 904,920 953,917 1001,914 1050,910 1099,908 1148,904 1196,901 1245,898 1294,896 1343,894 1391,893 1440,893 1489,893 1538,893"/>
                <TextEquiv>
                    <Unicode>vitali igitur una non est formaliter a</Unicode>
                </TextEquiv>
            </TextLine>
            <TextLine id="r2l8" custom="readingOrder {index:7;}">
                <Coords points="542,1026 1054,1036 1110,990 1201,1026 1276,997 1506,1020 1556,1014 1552,908 1463,942 1300,916 1225,951 1166,916 1033,962 947,932 539,959"/>
                <Baseline points="548,1004 598,1005 648,1005 698,1005 748,1005 798,1004 848,1002 898,999 948,998 998,995 1048,993 1098,990 1148,986 1198,984 1248,981 1298,979 1348,976 1398,974 1448,972 1498,971 1548,969"/>
                <TextEquiv>
                    <Unicode>lia ¶ Confirmatur quod quodlibet posse perceptivum</Unicode>
                </TextEquiv>
            </TextLine>
            <TextLine id="r2l9" custom="readingOrder {index:8;}">
                <Coords points="563,1091 769,1072 832,1111 958,1070 1302,1062 1528,1088 1526,1016 1201,1026 1111,990 1052,1038 909,1014 780,1047 561,1016"/>
                <Baseline points="569,1071 616,1073 664,1073 711,1072 759,1071 807,1071 854,1070 902,1068 949,1068 997,1067 1045,1065 1092,1064 1140,1062 1187,1061 1235,1059 1283,1058 1330,1058 1378,1056 1425,1056 1473,1056 1521,1056"/>
                <TextEquiv>
                    <Unicode>creaturae est formaliter actum et non </Unicode>
                </TextEquiv>
            </TextLine>
            <TextLine id="r2l10" custom="readingOrder {index:9;}">
                <Coords points="564,1147 627,1179 763,1147 831,1176 1021,1163 1054,1132 1107,1168 1168,1134 1354,1165 1576,1145 1563,1066 1173,1095 959,1068 794,1112 722,1075 563,1109"/>
                <Baseline points="570,1143 622,1143 675,1143 727,1143 780,1143 832,1142 885,1140 938,1138 990,1136 1043,1134 1095,1133 1148,1131 1200,1129 1253,1127 1306,1125 1358,1125 1411,1124 1463,1124 1516,1124 1569,1125"/>
                <TextEquiv>
                    <Unicode>econverso non enim quodlibet esse activum est perceptivum</Unicode>
                </TextEquiv>
            </TextLine>
            <TextLine id="r2l11" custom="readingOrder {index:10;}">
                <Coords points="555,1214 621,1206 671,1252 741,1221 796,1253 832,1218 884,1242 916,1211 1289,1196 1430,1195 1465,1228 1528,1205 1526,1133 1357,1165 1256,1134 1109,1168 1081,1143 840,1175 553,1160"/>
                <Baseline points="561,1211 609,1212 657,1212 705,1212 753,1211 801,1211 849,1209 897,1208 945,1205 993,1204 1041,1202 1089,1200 1137,1198 1185,1197 1233,1195 1281,1193 1329,1192 1377,1191 1425,1191 1473,1191 1521,1191"/>
                <TextEquiv>
                    <Unicode>igitur esse perceptivum ad esse activum aliquid </Unicode>
                </TextEquiv>
            </TextLine>
            <TextLine id="r2l12" custom="readingOrder {index:11;}">
                <Coords points="565,1332 661,1339 775,1284 1102,1273 1171,1304 1229,1260 1333,1311 1576,1259 1557,1212 1465,1227 1429,1194 1287,1234 1070,1209 796,1252 743,1217 673,1253 561,1221"/>
                <Baseline points="570,1287 622,1286 675,1284 727,1283 780,1281 832,1279 885,1277 938,1275 990,1273 1043,1271 1095,1268 1148,1265 1200,1264 1253,1262 1306,1259 1358,1257 1411,1256 1463,1254 1516,1253 1569,1253"/>
                <TextEquiv>
                    <Unicode>super addit vel igitur tale esse est formaliter ac</Unicode>
                </TextEquiv>
            </TextLine>
            <TextLine id="r2l13" custom="readingOrder {index:12;}">
                <Coords points="558,1394 955,1406 1093,1358 1510,1353 1539,1348 1536,1273 1331,1311 1208,1282 555,1336"/>
                <Baseline points="564,1365 612,1364 660,1364 709,1362 757,1361 806,1358 854,1356 902,1355 951,1351 999,1349 1048,1347 1096,1344 1144,1341 1193,1338 1241,1337 1290,1334 1338,1332 1386,1331 1435,1329 1483,1328 1532,1328"/>
                <TextEquiv>
                    <Unicode>tantum et sequitur quod posse perceptivum est magis </Unicode>
                </TextEquiv>
            </TextLine>
            <TextLine id="r2l14" custom="readingOrder {index:13;}">
                <Coords points="562,1498 602,1469 1075,1471 1155,1432 1255,1472 1424,1421 1537,1433 1542,1352 1297,1388 1186,1362 1096,1396 1017,1372 944,1406 558,1393"/>
                <Baseline points="567,1451 615,1448 664,1445 712,1442 761,1440 809,1438 858,1436 906,1434 955,1432 1003,1430 1052,1428 1101,1427 1149,1425 1198,1424 1246,1422 1295,1421 1343,1419 1392,1416 1440,1415 1489,1412 1538,1409"/>
                <TextEquiv>
                    <Unicode>posse perceptivum quam quodcumque posset activum</Unicode>
                </TextEquiv>
            </TextLine>
            <TextLine id="r2l15" custom="readingOrder {index:14;}">
                <Coords points="581,1537 701,1568 951,1509 1548,1510 1543,1432 1424,1423 1254,1472 1166,1448 1123,1480 862,1459 579,1487"/>
                <Baseline points="588,1530 635,1525 683,1522 730,1518 778,1517 825,1514 873,1512 920,1511 968,1509 1015,1508 1063,1506 1111,1505 1158,1503 1206,1500 1253,1498 1301,1494 1348,1491 1396,1486 1443,1480 1491,1472 1539,1466"/>
                <TextEquiv>
                    <Unicode>non perceptivum quod notum est esse falsum </Unicode>
                </TextEquiv>
            </TextLine>
            <TextLine id="r2l16" custom="readingOrder {index:15;}">
                <Coords points="566,1610 1515,1561 1504,1493 1456,1529 1393,1496 1325,1550 1197,1521 1108,1551 936,1527 780,1535 744,1566 637,1534 564,1556"/>
                <Baseline points="573,1601 619,1596 666,1595 713,1592 760,1590 806,1589 853,1587 900,1586 947,1585 993,1584 1040,1582 1087,1581 1134,1578 1180,1577 1227,1574 1274,1571 1321,1568 1367,1564 1414,1560 1461,1553 1508,1547"/>
                <TextEquiv>
                    <Unicode>vel non est formaliter activum illud </Unicode>
                </TextEquiv>
            </TextLine>
            <TextLine id="r2l17" custom="readingOrder {index:16;}">
                <Coords points="561,1709 603,1677 648,1702 767,1665 902,1695 950,1663 1102,1672 1203,1637 1376,1673 1500,1643 1498,1593 922,1593 872,1638 750,1595 682,1631 556,1614"/>
                <Baseline points="566,1668 612,1668 658,1667 705,1665 751,1664 797,1662 844,1660 890,1658 936,1655 983,1653 1029,1650 1075,1648 1122,1644 1168,1643 1214,1640 1261,1637 1307,1635 1353,1632 1400,1631 1446,1629 1493,1628"/>
                <TextEquiv>
                    <Unicode>superadditum sed illud additum quo </Unicode>
                </TextEquiv>
            </TextLine>
            <TextLine id="r2l18" custom="readingOrder {index:17;}">
                <Coords points="555,1760 669,1779 779,1745 845,1790 945,1735 1090,1724 1136,1757 1402,1701 1525,1737 1518,1638 1380,1671 1236,1656 1173,1684 1067,1655 993,1694 795,1672 552,1707"/>
                <Baseline points="561,1751 608,1750 656,1748 704,1746 751,1743 799,1740 847,1737 894,1734 942,1731 990,1728 1038,1724 1085,1720 1133,1717 1181,1713 1228,1710 1276,1707 1324,1704 1371,1701 1419,1698 1467,1695 1515,1692"/>
                <TextEquiv>
                    <Unicode>aliquid est formaliter perceptivum igitur esse </Unicode>
                </TextEquiv>
            </TextLine>
            <TextLine id="r2l19" custom="readingOrder {index:18;}">
                <Coords points="564,1859 1083,1798 1216,1823 1522,1770 1520,1740 1396,1712 1293,1749 930,1755 883,1789 778,1747 559,1773"/>
                <Baseline points="569,1823 616,1823 663,1821 710,1819 758,1817 805,1814 852,1812 899,1809 947,1806 994,1802 1041,1799 1088,1796 1136,1791 1183,1788 1230,1784 1277,1780 1325,1776 1372,1773 1419,1769 1466,1766 1514,1763"/>
                <TextEquiv>
                    <Unicode>perceptivum non est ut sic esse activum </Unicode>
                </TextEquiv>
            </TextLine>
            <TextLine id="r2l20" custom="readingOrder {index:19;}">
                <Coords points="555,1921 668,1937 713,1899 853,1884 935,1919 1113,1859 1277,1894 1316,1853 1468,1874 1513,1856 1507,1773 1355,1789 1302,1831 1084,1803 550,1855"/>
                <Baseline points="561,1907 608,1902 655,1899 702,1896 749,1892 797,1888 844,1884 891,1880 938,1876 985,1872 1033,1868 1080,1864 1127,1861 1174,1857 1221,1854 1269,1850 1316,1848 1363,1845 1410,1842 1457,1841 1505,1838"/>
                <TextEquiv>
                    <Unicode>et per consequens corollarium falsum vel etiam conclusio ¶ 3o contra</Unicode>
                </TextEquiv>
            </TextLine>
            <TextLine id="r2l21" custom="readingOrder {index:20;}">
                <Coords points="566,1982 883,1952 952,1977 1116,1943 1184,1972 1243,1922 1365,1954 1503,1931 1498,1869 1320,1854 1279,1894 1118,1868 935,1920 727,1900 668,1937 563,1934"/>
                <Baseline points="573,1976 619,1970 665,1966 711,1962 757,1958 803,1954 849,1950 895,1947 941,1943 987,1940 1033,1937 1079,1934 1125,1931 1171,1926 1217,1923 1263,1920 1309,1916 1355,1913 1401,1908 1447,1904 1494,1899"/>
                <TextEquiv>
                    <Unicode>eandem conclusionem si conclusio est vera sequitur quod </Unicode>
                </TextEquiv>
            </TextLine>
            <TextLine id="r2l22" custom="readingOrder {index:21;}">
                <Coords points="566,2077 601,2055 725,2086 851,2025 1176,2030 1239,2003 1351,2027 1382,1998 1433,2027 1545,1963 1523,1915 1475,1945 1208,1943 1184,1972 985,1947 946,1982 862,1960 560,2000"/>
                <Baseline points="570,2052 618,2047 666,2043 715,2037 763,2032 812,2027 860,2024 909,2020 957,2015 1006,2012 1054,2008 1102,2004 1151,2000 1199,1997 1248,1992 1296,1988 1345,1986 1393,1981 1442,1977 1490,1972 1539,1968"/>
                <TextEquiv>
                    <Unicode>esse perfectissimum intellectus quod est esse perceptivum </Unicode>
                </TextEquiv>
            </TextLine>
            <TextLine id="r2l23" custom="readingOrder {index:22;}">
                <Coords points="574,2145 849,2105 940,2129 1106,2083 1209,2113 1427,2062 1537,2107 1531,2033 1384,1999 1306,2035 1133,2011 1099,2040 835,2043 728,2090 569,2068"/>
                <Baseline points="579,2124 626,2121 673,2117 721,2113 768,2109 815,2106 863,2101 910,2098 957,2093 1005,2089 1052,2086 1099,2082 1147,2079 1194,2075 1241,2072 1289,2070 1336,2066 1383,2064 1431,2061 1478,2058 1526,2057"/>
                <TextEquiv>
                    <Unicode>sic esse activum formaliter vel igitur realitur in </Unicode>
                </TextEquiv>
            </TextLine>
            <TextLine id="r2l24" custom="readingOrder {index:23;}">
                <Coords points="556,2217 677,2226 894,2174 1043,2201 1129,2159 1426,2139 1490,2163 1537,2109 1129,2094 551,2145"/>
                <Baseline points="560,2190 608,2189 657,2187 705,2184 754,2182 803,2179 851,2176 900,2172 948,2169 997,2165 1046,2162 1094,2157 1143,2154 1191,2150 1240,2146 1289,2142 1337,2139 1386,2137 1434,2134 1483,2132 1532,2129"/>
                <TextEquiv>
                    <Unicode>esse producitur quod est falsum si in esse inten</Unicode>
                </TextEquiv>
            </TextLine>
            <TextLine id="r2l25" custom="readingOrder {index:24;}">
                <Coords points="564,2279 713,2263 834,2297 930,2246 988,2279 1556,2208 1550,2143 1427,2141 1346,2174 1129,2161 1045,2200 871,2183 798,2218 755,2190 560,2230"/>
                <Baseline points="569,2264 620,2264 672,2261 723,2259 775,2255 826,2252 878,2247 929,2243 981,2239 1032,2233 1084,2229 1135,2224 1187,2219 1238,2215 1290,2210 1341,2207 1393,2202 1444,2199 1496,2196 1548,2195"/>
                <TextEquiv>
                    <Unicode>tionale praescientiae contra quodlibet esse activum </Unicode>
                </TextEquiv>
            </TextLine>
            <TextLine id="r2l26" custom="readingOrder {index:25;}">
                <Coords points="559,2361 951,2311 1027,2343 1354,2288 1450,2324 1568,2283 1564,2225 1497,2218 836,2296 701,2263 555,2302"/>
                <Baseline points="564,2337 613,2335 663,2333 713,2330 763,2327 813,2323 862,2319 912,2316 962,2312 1012,2307 1062,2304 1111,2300 1161,2295 1211,2292 1261,2288 1311,2283 1360,2280 1410,2277 1460,2275 1510,2273 1560,2270"/>
                <TextEquiv>
                    <Unicode>reale maiorem ponit ponit perfecti</Unicode>
                </TextEquiv>
            </TextLine>
            <TextLine id="r2l27" custom="readingOrder {index:26;}">
                <Coords points="566,2421 876,2395 946,2421 988,2380 1056,2417 1123,2379 1317,2362 1453,2384 1535,2367 1530,2286 1450,2324 1364,2302 1267,2336 983,2319 906,2354 562,2360"/>
                <Baseline points="572,2399 619,2399 667,2399 715,2399 763,2397 810,2394 858,2392 906,2390 954,2386 1001,2382 1049,2378 1097,2375 1145,2370 1192,2367 1240,2363 1288,2358 1336,2355 1383,2353 1431,2349 1479,2348 1527,2346"/>
                <TextEquiv>
                    <Unicode>onem in re quem esse activum intentio </Unicode>
                </TextEquiv>
            </TextLine>
            <TextLine id="r2l28" custom="readingOrder {index:27;}">
                <Coords points="551,2485 732,2467 912,2501 1004,2447 1540,2423 1507,2358 1451,2386 1328,2361 1201,2397 1126,2381 1055,2417 981,2387 880,2437 738,2404 548,2437"/>
                <Baseline points="557,2471 605,2472 654,2471 703,2470 752,2468 801,2465 849,2462 898,2457 947,2453 996,2448 1045,2444 1093,2439 1142,2435 1191,2430 1240,2426 1289,2422 1337,2420 1386,2417 1435,2415 1484,2414 1533,2414"/>
                <TextEquiv>
                    <Unicode>nale sed non quodlibet esse activum inten</Unicode>
                </TextEquiv>
            </TextLine>
            <TextLine id="r2l29" custom="readingOrder {index:28;}">
                <Coords points="557,2545 712,2543 767,2587 882,2537 945,2569 998,2530 1123,2551 1175,2512 1543,2487 1539,2422 1197,2466 1036,2452 918,2502 724,2469 554,2496"/>
                <Baseline points="563,2534 611,2535 660,2537 708,2535 757,2534 806,2532 854,2529 903,2525 952,2522 1000,2518 1049,2513 1098,2508 1146,2504 1195,2500 1244,2495 1292,2490 1341,2487 1390,2484 1438,2480 1487,2478 1536,2477"/>
                <TextEquiv>
                    <Unicode>tionali sed non quodlibet esse activum rea</Unicode>
                </TextEquiv>
            </TextLine>
            <TextLine id="r2l30" custom="readingOrder {index:29;}">
                <Coords points="559,2633 844,2614 940,2646 1042,2594 1143,2583 1200,2614 1263,2574 1454,2554 1503,2583 1542,2551 1538,2502 1418,2497 1125,2551 887,2542 686,2595 553,2544"/>
                <Baseline points="563,2604 611,2607 660,2609 708,2610 757,2609 806,2607 854,2604 903,2601 952,2597 1000,2592 1049,2587 1098,2582 1146,2578 1195,2573 1244,2568 1292,2564 1341,2561 1390,2559 1438,2558 1487,2556 1536,2558"/>
                <TextEquiv>
                    <Unicode>le est maioris perfectionis formaliter quam </Unicode>
                </TextEquiv>
            </TextLine>
            <TextLine id="r2l31" custom="readingOrder {index:30;}">
                <Coords points="559,2707 739,2720 854,2675 1028,2666 1078,2693 1170,2641 1286,2668 1513,2633 1510,2587 1365,2571 1199,2614 1035,2596 940,2646 632,2619 555,2641"/>
                <Baseline points="563,2670 610,2673 657,2675 704,2676 751,2676 798,2674 845,2672 893,2668 940,2664 987,2660 1034,2655 1081,2651 1128,2646 1175,2642 1223,2639 1270,2635 1317,2633 1364,2631 1411,2630 1458,2630 1506,2633"/>
                <TextEquiv>
                    <Unicode>esse perceptivum igitur esse perceptivum non </Unicode>
                </TextEquiv>
            </TextLine>
            <TextLine id="r2l32" custom="readingOrder {index:31;}">
                <Coords points="557,2758 751,2776 952,2739 997,2773 1142,2722 1489,2717 1537,2702 1533,2641 1286,2668 1214,2642 1100,2691 889,2672 814,2716 554,2717"/>
                <Baseline points="563,2747 611,2748 659,2748 708,2747 756,2745 804,2744 853,2741 901,2737 949,2735 998,2730 1046,2726 1094,2722 1143,2718 1191,2714 1239,2711 1288,2707 1336,2703 1384,2701 1433,2699 1481,2697 1530,2696"/>
                <TextEquiv>
                    <Unicode>est esse activum formaliter intuitiona </Unicode>
                </TextEquiv>
            </TextLine>
            <TextLine id="r2l33" custom="readingOrder {index:32;}">
                <Coords points="549,2830 1173,2792 1290,2826 1532,2787 1528,2725 1362,2717 1248,2754 1116,2730 998,2773 545,2761"/>
                <Baseline points="555,2820 603,2819 651,2817 700,2816 748,2813 797,2811 845,2810 894,2805 942,2804 991,2801 1039,2797 1087,2795 1136,2791 1184,2788 1233,2786 1281,2783 1330,2781 1378,2778 1427,2776 1475,2774 1524,2772"/>
                <TextEquiv>
                    <Unicode>liter nec etiam realiter ut probatum </Unicode>
                </TextEquiv>
            </TextLine>
            <TextLine id="r2l34" custom="readingOrder {index:33;}">
                <Coords points="555,2895 874,2885 959,2913 1060,2868 1130,2889 1224,2855 1531,2848 1528,2794 1457,2783 1354,2821 1107,2799 553,2853"/>
                <Baseline points="561,2886 609,2886 657,2885 705,2884 753,2882 801,2880 849,2878 898,2875 946,2871 994,2869 1042,2867 1090,2863 1138,2860 1186,2856 1235,2854 1283,2852 1331,2849 1379,2847 1427,2846 1475,2844 1524,2844"/>
                <TextEquiv>
                    <Unicode>est igitur in illo modo ¶ ad istas rationes respon</Unicode>
                </TextEquiv>
            </TextLine>
            <TextLine id="r2l35" custom="readingOrder {index:34;}">
                <Coords points="561,2975 702,2988 839,2951 934,2991 1005,2946 1115,2975 1273,2927 1466,2940 1541,2920 1538,2849 962,2911 870,2885 813,2921 557,2906"/>
                <Baseline points="567,2955 615,2955 663,2954 712,2952 760,2951 809,2948 857,2946 905,2944 954,2940 1002,2939 1051,2936 1099,2933 1147,2930 1196,2927 1244,2925 1293,2922 1341,2919 1389,2917 1438,2915 1486,2913 1535,2912"/>
                <TextEquiv>
                    <Unicode>deo praemitto primo quod secundum bona loycam </Unicode>
                </TextEquiv>
            </TextLine>
            <TextLine id="r2l36" custom="readingOrder {index:35;}">
                <Coords points="560,3043 1210,3009 1322,3032 1351,3001 1452,3029 1548,2988 1522,2923 935,2990 840,2951 557,2982"/>
                <Baseline points="566,3030 614,3029 663,3027 712,3024 761,3023 809,3021 858,3018 907,3015 956,3014 1004,3011 1053,3008 1102,3005 1151,3003 1199,3000 1248,2997 1297,2993 1346,2990 1394,2987 1443,2983 1492,2979 1541,2975"/>
                <TextEquiv>
                    <Unicode>aliud est dicere a est neutrum istorum forma </Unicode>
                </TextEquiv>
            </TextLine>
            <TextLine id="r2l37" custom="readingOrder {index:36;}">
                <Coords points="549,3108 753,3130 879,3090 1045,3082 1106,3120 1226,3073 1521,3088 1505,3003 1452,3029 1350,3002 1322,3033 1208,3011 546,3046"/>
                <Baseline points="555,3096 602,3096 650,3095 698,3095 746,3093 794,3091 842,3089 889,3087 937,3084 985,3081 1033,3078 1081,3075 1129,3073 1177,3070 1224,3066 1272,3065 1320,3063 1368,3060 1416,3059 1464,3057 1512,3057"/>
                <TextEquiv>
                    <Unicode>liter et formaliter est neutrum istorum </Unicode>
                </TextEquiv>
            </TextLine>
            <TextLine id="r2l38" custom="readingOrder {index:37;}">
                <Coords points="555,3200 643,3212 689,3180 906,3209 998,3158 1120,3171 1287,3129 1325,3161 1430,3153 1512,3142 1511,3093 1225,3074 1106,3120 1041,3082 981,3114 882,3092 551,3130"/>
                <Baseline points="560,3168 607,3168 654,3167 701,3167 749,3164 796,3163 843,3161 891,3158 938,3156 985,3153 1033,3150 1080,3147 1127,3144 1174,3141 1222,3139 1269,3135 1316,3132 1364,3129 1411,3126 1458,3123 1506,3122"/>
                <TextEquiv>
                    <Unicode>patet hoc satis faciliter ex hoc possem</Unicode>
                </TextEquiv>
            </TextLine>
            <TextLine id="r2l39" custom="readingOrder {index:38;}">
                <Coords points="551,3255 1088,3228 1135,3255 1318,3209 1385,3244 1542,3200 1539,3143 1418,3181 1209,3139 1148,3186 1064,3158 909,3206 689,3180 614,3215 547,3183"/>
                <Baseline points="557,3243 605,3243 654,3243 703,3242 752,3242 801,3239 850,3237 899,3236 948,3233 997,3230 1046,3226 1094,3222 1143,3219 1192,3215 1241,3212 1290,3207 1339,3204 1388,3200 1437,3198 1486,3194 1535,3191"/>
                <TextEquiv>
                    <Unicode>dicere quod rationes non concludunt sed etiam </Unicode>
                </TextEquiv>
            </TextLine>
            <TextLine id="r2l40" custom="readingOrder {index:39;}">
                <Coords points="555,3322 871,3308 993,3343 1142,3294 1528,3276 1524,3212 552,3280"/>
                <Baseline points="561,3312 611,3312 661,3311 712,3311 762,3309 813,3308 863,3306 914,3303 964,3301 1015,3298 1065,3296 1116,3292 1166,3289 1217,3286 1267,3282 1318,3278 1368,3274 1419,3270 1469,3266 1520,3261"/>
                <TextEquiv>
                    <Unicode>intendunt non plus includunt </Unicode>
                </TextEquiv>
            </TextLine>
            <TextLine id="r2l41" custom="readingOrder {index:40;}">
                <Coords points="553,3415 1516,3351 1511,3279 1430,3273 1206,3333 1077,3311 993,3343 685,3323 549,3352"/>
                <Baseline points="558,3390 605,3390 653,3390 700,3389 748,3387 795,3386 843,3383 890,3380 938,3377 985,3374 1033,3370 1081,3367 1128,3363 1176,3359 1223,3356 1271,3353 1318,3348 1366,3345 1413,3342 1461,3339 1509,3338"/>
                <TextEquiv>
                    <Unicode>nisi quod esse perceptivum non esset aliquod </Unicode>
                </TextEquiv>
            </TextLine>
            <TextLine id="r2l42" custom="readingOrder {index:41;}">
                <Coords points="553,3526 841,3468 953,3497 1055,3445 1140,3476 1377,3450 1441,3410 1575,3406 1568,3311 1415,3377 1284,3353 544,3417"/>
                <Baseline points="554,3461 604,3461 655,3461 706,3461 756,3459 807,3456 858,3453 908,3450 959,3445 1010,3441 1061,3437 1111,3432 1162,3427 1213,3422 1263,3418 1314,3413 1365,3408 1415,3403 1466,3400 1517,3397 1568,3393"/>
                <TextEquiv>
                    <Unicode>istorum faciliter formaliter sed ex hoc concludere </Unicode>
                </TextEquiv>
            </TextLine>
            <TextEquiv>
                <Unicode>sui ipsius activus vel deus non est sui 
perceptivus vel utraque simul quodlibet illorum
est falsum ¶ 2o sic posse perceptivum 
est proprietas potentiae in eo quod vita seu vi
talis essentia posse activum est proprietas 
communis tam esse vitali quam esse non 
vitali igitur una non est formaliter a
lia ¶ Confirmatur quod quodlibet posse perceptivum
creaturae est formaliter actum et non 
econverso non enim quodlibet esse activum est perceptivum
igitur esse perceptivum ad esse activum aliquid 
super addit vel igitur tale esse est formaliter ac
tantum et sequitur quod posse perceptivum est magis 
posse perceptivum quam quodcumque posset activum
non perceptivum quod notum est esse falsum 
vel non est formaliter activum illud 
superadditum sed illud additum quo 
aliquid est formaliter perceptivum igitur esse 
perceptivum non est ut sic esse activum 
et per consequens corollarium falsum vel etiam conclusio ¶ 3o contra
eandem conclusionem si conclusio est vera sequitur quod 
esse perfectissimum intellectus quod est esse perceptivum 
sic esse activum formaliter vel igitur realitur in 
esse producitur quod est falsum si in esse inten
tionale praescientiae contra quodlibet esse activum 
reale maiorem ponit ponit perfecti
onem in re quem esse activum intentio 
nale sed non quodlibet esse activum inten
tionali sed non quodlibet esse activum rea
le est maioris perfectionis formaliter quam 
esse perceptivum igitur esse perceptivum non 
est esse activum formaliter intuitiona 
liter nec etiam realiter ut probatum 
est igitur in illo modo ¶ ad istas rationes respon
deo praemitto primo quod secundum bona loycam 
aliud est dicere a est neutrum istorum forma 
liter et formaliter est neutrum istorum 
patet hoc satis faciliter ex hoc possem
dicere quod rationes non concludunt sed etiam 
intendunt non plus includunt 
nisi quod esse perceptivum non esset aliquod 
istorum faciliter formaliter sed ex hoc concludere </Unicode>
            </TextEquiv>
        </TextRegion>
        <TextRegion orientation="0.0" id="r3" custom="readingOrder {index:1;}">
            <Coords points="1676,408 1676,3397 2750,3397 2750,408"/>
            <TextLine id="r3l1" custom="readingOrder {index:0;}">
                <Coords points="1690,475 2393,441 2429,474 2572,454 2716,509 2716,426 2582,380 2378,396 2220,356 1691,405"/>
                <Baseline points="1697,450 1747,450 1798,450 1848,450 1899,449 1950,447 2000,446 2051,443 2101,442 2152,440 2203,439 2253,438 2304,438 2354,438 2405,440 2456,442 2506,446 2557,450 2607,457 2658,464 2709,473"/>
                <TextEquiv>
                    <Unicode>quod formaliter est nullum istorum consequentia non </Unicode>
                </TextEquiv>
            </TextLine>
            <TextLine id="r3l2" custom="readingOrder {index:1;}">
                <Coords points="1687,531 1927,557 1978,516 2224,507 2683,544 2692,473 2478,449 2426,474 2377,438 2312,472 2108,476 2045,441 1687,474"/>
                <Baseline points="1694,510 1743,512 1793,513 1842,513 1892,513 1941,513 1991,512 2040,510 2090,509 2139,507 2189,507 2239,506 2288,506 2338,506 2387,507 2437,509 2486,512 2536,515 2585,519 2635,526 2685,533"/>
                <TextEquiv>
                    <Unicode>valet ¶ 2o praemitto quod aliud est dicere </Unicode>
                </TextEquiv>
            </TextLine>
            <TextLine id="r3l3" custom="readingOrder {index:2;}">
                <Coords points="1702,596 2041,607 2094,576 2356,567 2426,612 2520,577 2703,606 2703,561 2591,520 1702,534"/>
                <Baseline points="1709,576 1758,578 1807,578 1857,578 1906,578 1955,576 2005,575 2054,574 2103,573 2153,571 2202,570 2251,569 2301,569 2350,569 2399,570 2449,572 2498,573 2547,576 2597,581 2646,587 2696,593"/>
                <TextEquiv>
                    <Unicode>agere non est formaliter percipere vel perci</Unicode>
                </TextEquiv>
            </TextLine>
            <TextLine id="r3l4" custom="readingOrder {index:3;}">
                <Coords points="1697,655 1887,654 1925,682 2306,639 2706,671 2705,623 2503,590 2426,612 2361,569 1936,614 1698,597"/>
                <Baseline points="1704,644 1753,644 1803,645 1853,645 1903,644 1952,644 2002,642 2052,641 2102,639 2151,638 2201,637 2251,636 2301,636 2350,636 2400,638 2450,640 2500,643 2549,647 2599,652 2649,659 2699,668"/>
                <TextEquiv>
                    <Unicode>pere non est formaliter agere Et a</Unicode>
                </TextEquiv>
            </TextLine>
            <TextLine id="r3l5" custom="readingOrder {index:4;}">
                <Coords points="1688,730 1820,713 1962,744 2025,705 2143,744 2239,708 2670,726 2670,684 2615,671 2116,646 1925,680 1688,652"/>
                <Baseline points="1694,713 1742,713 1791,711 1839,711 1888,710 1936,709 1985,708 2033,707 2082,707 2130,705 2179,705 2227,704 2276,704 2324,705 2373,705 2421,707 2470,708 2518,711 2567,714 2615,717 2664,722"/>
                <TextEquiv>
                    <Unicode>liud est ponere potentia perceptiva non </Unicode>
                </TextEquiv>
            </TextLine>
            <TextLine id="r3l6" custom="readingOrder {index:5;}">
                <Coords points="1684,799 1835,819 2070,764 2296,775 2358,812 2501,777 2588,830 2637,799 2739,823 2740,762 2546,714 2328,749 2190,714 2142,746 2026,705 1962,744 1789,720 1685,746"/>
                <Baseline points="1691,780 1743,779 1795,777 1847,776 1899,774 1951,773 2003,771 2055,771 2107,770 2159,770 2211,770 2263,770 2315,770 2367,772 2419,774 2471,777 2523,780 2575,785 2627,790 2679,796 2732,804"/>
                <TextEquiv>
                    <Unicode>est formaliter activa patet etiam satis </Unicode>
                </TextEquiv>
            </TextLine>
            <TextLine id="r3l7" custom="readingOrder {index:6;}">
                <Coords points="1704,884 1855,857 1919,897 2100,854 2154,879 2275,835 2679,902 2711,893 2712,820 2315,808 2246,771 1704,803"/>
                <Baseline points="1710,854 1759,852 1809,849 1859,848 1909,845 1958,844 2008,842 2058,840 2108,839 2157,837 2207,837 2257,837 2307,837 2356,839 2406,840 2456,843 2506,847 2555,851 2605,856 2655,863 2705,870"/>
                <TextEquiv>
                    <Unicode>Ex hoc possent solvi rationes quia </Unicode>
                </TextEquiv>
            </TextLine>
            <TextLine id="r3l8" custom="readingOrder {index:7;}">
                <Coords points="1713,946 1860,956 1960,920 2110,958 2189,923 2294,959 2509,925 2694,961 2693,898 2656,874 2610,899 2313,857 1956,894 1781,859 1712,880"/>
                <Baseline points="1719,929 1767,927 1815,926 1864,924 1912,922 1961,921 2009,918 2057,917 2106,915 2154,914 2203,912 2251,912 2299,912 2348,912 2396,913 2445,914 2493,916 2541,920 2590,923 2638,929 2687,933"/>
                <TextEquiv>
                    <Unicode>solum intentur probare quod percipere non sic</Unicode>
                </TextEquiv>
            </TextLine>
            <TextLine id="r3l9" custom="readingOrder {index:8;}">
                <Coords points="1706,1019 1947,996 2007,1028 2115,989 2360,982 2491,1027 2560,995 2720,1025 2720,959 2629,971 2545,931 2107,964 1959,921 1840,971 1706,961"/>
                <Baseline points="1713,1004 1763,1002 1813,999 1863,997 1913,995 1963,992 2013,990 2063,989 2113,987 2163,986 2213,984 2263,984 2313,984 2363,984 2413,986 2463,987 2513,990 2563,993 2613,998 2663,1004 2714,1010"/>
                <TextEquiv>
                    <Unicode>formaliter agere et ex hoc non sequitur quod potentia </Unicode>
                </TextEquiv>
            </TextLine>
            <TextLine id="r3l10" custom="readingOrder {index:9;}">
                <Coords points="1688,1121 1952,1068 2106,1101 2259,1051 2417,1099 2475,1058 2700,1075 2699,1018 2655,1002 2617,1031 2268,992 1999,1040 1873,1010 1687,1039"/>
                <Baseline points="1694,1080 1746,1077 1799,1075 1851,1073 1904,1070 1956,1066 2009,1063 2062,1061 2114,1058 2167,1056 2219,1055 2272,1053 2324,1052 2377,1052 2430,1053 2482,1055 2535,1057 2587,1060 2640,1065 2693,1070"/>
                <TextEquiv>
                    <Unicode>perceptiva non sit activa formaliter </Unicode>
                </TextEquiv>
            </TextLine>
            <TextLine id="r3l11" custom="readingOrder {index:10;}">
                <Coords points="1702,1169 1806,1132 1847,1158 2234,1127 2348,1173 2443,1137 2708,1172 2733,1111 2572,1064 2380,1101 2225,1057 2106,1102 1905,1075 1702,1116"/>
                <Baseline points="1709,1146 1759,1143 1810,1140 1861,1137 1912,1135 1963,1132 2014,1130 2065,1128 2116,1127 2167,1125 2218,1125 2268,1124 2319,1125 2370,1126 2421,1128 2472,1130 2523,1133 2574,1137 2625,1142 2676,1147 2727,1154"/>
                <TextEquiv>
                    <Unicode>aliter concludere quod nulla potentia intellectiva </Unicode>
                </TextEquiv>
            </TextLine>
            <TextLine id="r3l12" custom="readingOrder {index:11;}">
                <Coords points="1691,1220 2325,1199 2366,1237 2498,1208 2756,1257 2757,1174 2542,1177 2424,1138 2353,1176 2234,1127 2173,1165 2058,1133 1986,1165 1691,1154"/>
                <Baseline points="1697,1211 1749,1207 1802,1203 1854,1200 1907,1199 1960,1197 2012,1196 2065,1196 2118,1196 2170,1196 2223,1197 2276,1199 2328,1199 2381,1200 2434,1203 2486,1205 2539,1207 2592,1209 2644,1212 2697,1215 2750,1218"/>
                <TextEquiv>
                    <Unicode>esset formaliter violitiva Cuius opppositum </Unicode>
                </TextEquiv>
            </TextLine>
            <TextLine id="r3l13" custom="readingOrder {index:12;}">
                <Coords points="1697,1313 1802,1278 1847,1303 2410,1267 2682,1324 2708,1244 2550,1244 2501,1209 2365,1236 2325,1200 2160,1233 2101,1199 1835,1255 1780,1214 1698,1224"/>
                <Baseline points="1704,1271 1753,1269 1803,1269 1853,1268 1903,1267 1953,1266 2002,1265 2052,1263 2102,1263 2152,1263 2202,1262 2251,1263 2301,1263 2351,1265 2401,1266 2451,1269 2500,1272 2550,1276 2600,1281 2650,1287 2700,1293"/>
                <TextEquiv>
                    <Unicode>ipse ponit eodem articulo conclusione prima ¶ </Unicode>
                </TextEquiv>
            </TextLine>
            <TextLine id="r3l14" custom="readingOrder {index:13;}">
                <Coords points="1685,1368 1863,1337 1940,1370 2131,1341 2206,1375 2277,1335 2318,1375 2411,1334 2505,1386 2624,1356 2715,1380 2715,1315 2442,1276 1686,1302"/>
                <Baseline points="1692,1331 1742,1332 1793,1334 1844,1334 1895,1334 1946,1334 1996,1332 2047,1332 2098,1331 2149,1331 2200,1329 2250,1329 2301,1329 2352,1331 2403,1332 2454,1334 2504,1335 2555,1340 2606,1344 2657,1350 2708,1356"/>
                <TextEquiv>
                    <Unicode>3o dico quod in ista positione sequitur destructivo </Unicode>
                </TextEquiv>
            </TextLine>
            <TextLine id="r3l15" custom="readingOrder {index:14;}">
                <Coords points="1706,1433 2033,1402 2145,1442 2286,1398 2612,1423 2680,1461 2698,1371 2506,1386 2406,1333 2318,1375 1816,1348 1706,1384"/>
                <Baseline points="1713,1410 1761,1409 1810,1409 1859,1407 1908,1405 1957,1404 2006,1402 2055,1400 2104,1400 2153,1398 2202,1398 2250,1398 2299,1398 2348,1400 2397,1401 2446,1405 2495,1407 2544,1412 2593,1419 2642,1425 2691,1433"/>
                <TextEquiv>
                    <Unicode>sui fundamenti principalis cum in omnibus </Unicode>
                </TextEquiv>
            </TextLine>
            <TextLine id="r3l16" custom="readingOrder {index:15;}">
                <Coords points="1706,1501 1978,1481 2055,1518 2382,1463 2442,1513 2733,1511 2733,1455 2455,1404 2283,1444 2018,1412 1866,1416 1801,1453 1706,1432"/>
                <Baseline points="1712,1490 1762,1487 1813,1484 1864,1482 1914,1478 1965,1475 2016,1473 2066,1472 2117,1469 2168,1468 2219,1466 2269,1466 2320,1466 2371,1467 2421,1468 2472,1470 2523,1473 2573,1478 2624,1482 2675,1490 2726,1497"/>
                <TextEquiv>
                    <Unicode>suis dictis patet nam certum est quod deus </Unicode>
                </TextEquiv>
            </TextLine>
            <TextLine id="r3l17" custom="readingOrder {index:16;}">
                <Coords points="1680,1568 1763,1590 2219,1539 2293,1583 2422,1548 2568,1590 2670,1564 2751,1616 2751,1522 2628,1496 2175,1474 2056,1517 1922,1485 1802,1531 1680,1515"/>
                <Baseline points="1686,1556 1738,1554 1791,1552 1844,1550 1897,1548 1950,1545 2003,1544 2056,1542 2109,1539 2162,1538 2215,1537 2267,1536 2320,1536 2373,1538 2426,1539 2479,1541 2532,1545 2585,1549 2638,1554 2691,1561 2744,1569"/>
                <TextEquiv>
                    <Unicode>est potentia activa intrinsece si igitur perceptivum </Unicode>
                </TextEquiv>
            </TextLine>
            <TextLine id="r3l18" custom="readingOrder {index:17;}">
                <Coords points="1701,1634 2113,1616 2176,1649 2283,1615 2433,1656 2487,1618 2687,1651 2687,1590 2568,1590 2517,1556 1701,1579"/>
                <Baseline points="1707,1625 1755,1623 1804,1621 1853,1620 1901,1617 1950,1616 1999,1614 2047,1613 2096,1611 2145,1611 2194,1610 2242,1610 2291,1610 2340,1611 2388,1611 2437,1614 2486,1616 2534,1619 2583,1623 2632,1627 2681,1634"/>
                <TextEquiv>
                    <Unicode>ut sic maiorem ponit perfectionem </Unicode>
                </TextEquiv>
            </TextLine>
            <TextLine id="r3l19" custom="readingOrder {index:18;}">
                <Coords points="1701,1700 1785,1716 1891,1679 1933,1714 1977,1683 2172,1674 2665,1715 2693,1712 2694,1652 2284,1615 2179,1645 2055,1620 1968,1663 1701,1646"/>
                <Baseline points="1707,1688 1756,1686 1805,1685 1854,1682 1903,1681 1952,1679 2001,1677 2050,1676 2099,1675 2148,1674 2197,1674 2246,1674 2295,1674 2344,1676 2393,1677 2442,1680 2491,1683 2540,1688 2589,1692 2638,1697 2687,1704"/>
                <TextEquiv>
                    <Unicode>in deo quam actum ut sic igitur non omnis </Unicode>
                </TextEquiv>
            </TextLine>
            <TextLine id="r3l20" custom="readingOrder {index:19;}">
                <Coords points="1682,1778 2268,1739 2704,1774 2692,1709 2389,1681 2327,1704 2121,1674 1932,1714 1891,1679 1823,1719 1682,1712"/>
                <Baseline points="1689,1755 1739,1753 1789,1751 1840,1748 1890,1745 1941,1743 1991,1740 2041,1739 2092,1737 2142,1736 2193,1736 2243,1736 2293,1736 2344,1737 2394,1739 2445,1740 2495,1743 2545,1748 2596,1751 2646,1757 2697,1763"/>
                <TextEquiv>
                    <Unicode>gradualitas excluditur a deo Cuius </Unicode>
                </TextEquiv>
            </TextLine>
            <TextLine id="r3l21" custom="readingOrder {index:20;}">
                <Coords points="1694,1835 1810,1800 2135,1829 2275,1801 2533,1847 2574,1822 2646,1868 2718,1839 2674,1769 2372,1770 2327,1742 1695,1776"/>
                <Baseline points="1701,1812 1751,1811 1802,1808 1852,1806 1903,1805 1953,1803 2004,1801 2054,1800 2105,1799 2155,1799 2206,1797 2256,1799 2307,1799 2357,1800 2408,1803 2458,1806 2509,1810 2559,1815 2610,1821 2660,1828 2711,1836"/>
                <TextEquiv>
                    <Unicode>propositum nititur in omnibus dictis su</Unicode>
                </TextEquiv>
            </TextLine>
            <TextLine id="r3l22" custom="readingOrder {index:21;}">
                <Coords points="1691,1910 1780,1919 1881,1875 1944,1919 2045,1865 2201,1908 2350,1867 2398,1905 2547,1878 2736,1923 2736,1857 2644,1869 2575,1823 2533,1847 2380,1804 1692,1834"/>
                <Baseline points="1698,1877 1749,1875 1801,1872 1852,1869 1904,1868 1955,1865 2007,1863 2058,1861 2110,1860 2161,1859 2213,1859 2265,1859 2316,1860 2368,1861 2419,1863 2471,1866 2522,1871 2574,1876 2625,1882 2677,1890 2729,1898"/>
                <TextEquiv>
                    <Unicode>is probare sicut patet prologis primi sententiarum </Unicode>
                </TextEquiv>
            </TextLine>
            <TextLine id="r3l23" custom="readingOrder {index:22;}">
                <Coords points="1685,1965 2044,1966 2101,1932 2165,1971 2245,1930 2618,1997 2703,1975 2703,1902 2392,1908 2345,1867 2201,1908 2054,1877 1922,1912 1874,1875 1815,1912 1685,1908"/>
                <Baseline points="1691,1955 1741,1952 1791,1949 1841,1946 1892,1943 1942,1940 1992,1937 2042,1935 2093,1932 2143,1931 2193,1930 2243,1929 2294,1929 2344,1931 2394,1932 2444,1935 2495,1938 2545,1943 2595,1949 2645,1957 2696,1965"/>
                <TextEquiv>
                    <Unicode>et quaestione prima suarum determinationem ¶ hoc </Unicode>
                </TextEquiv>
            </TextLine>
            <TextLine id="r3l24" custom="readingOrder {index:23;}">
                <Coords points="1691,2005 1752,2041 2058,2043 2149,2002 2248,2035 2367,2002 2451,2034 2676,2033 2649,1977 2615,1997 2244,1940 2169,1969 2096,1935 2034,1978 1895,1956 1859,1982 1821,1955 1691,1981"/>
                <Baseline points="1698,2012 1746,2013 1795,2012 1843,2012 1892,2010 1940,2008 1989,2006 2037,2003 2086,2001 2134,1999 2183,1997 2232,1997 2280,1995 2329,1996 2377,1997 2426,2000 2474,2002 2523,2007 2571,2014 2620,2021 2669,2031"/>
                <TextEquiv>
                    <Unicode>3m dictum confirmatur per eum quaestione prima </Unicode>
                </TextEquiv>
            </TextLine>
            <TextLine id="r3l25" custom="readingOrder {index:24;}">
                <Coords points="1695,2094 2052,2076 2126,2111 2200,2087 2284,2112 2414,2071 2650,2112 2687,2110 2688,2068 2583,2022 2451,2034 2374,2002 2252,2035 2151,2002 1997,2047 1752,2041 1695,2003"/>
                <Baseline points="1701,2078 1750,2079 1799,2079 1848,2079 1897,2078 1946,2077 1995,2075 2044,2073 2093,2070 2142,2068 2191,2066 2240,2064 2289,2064 2338,2065 2387,2066 2436,2069 2485,2073 2534,2079 2583,2087 2632,2096 2681,2109"/>
                <TextEquiv>
                    <Unicode>determinationem articulo primo solutione primi </Unicode>
                </TextEquiv>
            </TextLine>
            <TextLine id="r3l26" custom="readingOrder {index:25;}">
                <Coords points="1683,2166 1977,2144 2037,2183 2394,2135 2687,2187 2700,2108 2472,2076 2284,2112 1683,2091"/>
                <Baseline points="1689,2142 1739,2144 1789,2145 1839,2144 1889,2144 1940,2141 1990,2139 2040,2137 2090,2135 2140,2133 2191,2132 2241,2130 2291,2130 2341,2130 2391,2132 2442,2135 2492,2140 2542,2145 2592,2153 2642,2163 2693,2174"/>
                <TextEquiv>
                    <Unicode>argumenti contra conclusionem 2am ubi dicit </Unicode>
                </TextEquiv>
            </TextLine>
            <TextLine id="r3l27" custom="readingOrder {index:26;}">
                <Coords points="1692,2226 2110,2212 2186,2246 2480,2208 2691,2261 2692,2189 2553,2146 2488,2173 2424,2140 2258,2168 2213,2141 2038,2183 2006,2156 1693,2162"/>
                <Baseline points="1698,2210 1747,2211 1796,2211 1845,2210 1895,2208 1944,2207 1993,2204 2043,2202 2092,2201 2141,2199 2191,2198 2240,2198 2289,2198 2338,2199 2388,2201 2437,2205 2486,2209 2536,2215 2585,2224 2634,2234 2684,2246"/>
                <TextEquiv>
                    <Unicode>deus est inmense perfectus etc in de</Unicode>
                </TextEquiv>
            </TextLine>
            <TextLine id="r3l28" custom="readingOrder {index:27;}">
                <Coords points="1693,2291 1780,2314 2076,2283 2151,2317 2365,2279 2485,2343 2556,2313 2726,2338 2728,2267 2420,2219 1695,2227"/>
                <Baseline points="1700,2283 1751,2282 1802,2280 1853,2279 1904,2277 1955,2276 2006,2274 2057,2273 2108,2271 2159,2271 2210,2270 2261,2271 2312,2273 2363,2275 2414,2278 2465,2282 2516,2288 2567,2295 2618,2304 2669,2314 2720,2327"/>
                <TextEquiv>
                    <Unicode>ibi ¶ respondeo igitur quamvis non oporteret </Unicode>
                </TextEquiv>
            </TextLine>
            <TextLine id="r3l29" custom="readingOrder {index:28;}">
                <Coords points="1684,2354 1960,2341 2068,2377 2349,2347 2673,2400 2674,2366 2577,2317 2487,2344 2315,2282 2199,2318 2079,2284 2035,2314 1686,2309"/>
                <Baseline points="1691,2346 1739,2346 1788,2345 1837,2343 1886,2343 1934,2342 1983,2340 2032,2340 2081,2340 2129,2340 2178,2342 2227,2343 2276,2345 2324,2348 2373,2352 2422,2357 2471,2362 2519,2369 2568,2377 2617,2386 2666,2396"/>
                <TextEquiv>
                    <Unicode>ad rationem informa unde tamen arguitur in</Unicode>
                </TextEquiv>
            </TextLine>
            <TextLine id="r3l30" custom="readingOrder {index:29;}">
                <Coords points="1679,2418 1959,2408 2099,2438 2209,2406 2267,2450 2420,2419 2684,2457 2685,2420 2578,2381 2365,2353 2067,2378 1959,2340 1835,2371 1681,2353"/>
                <Baseline points="1685,2415 1734,2414 1784,2411 1833,2410 1883,2408 1933,2406 1982,2406 2032,2405 2082,2404 2131,2403 2181,2405 2231,2405 2280,2406 2330,2410 2380,2412 2429,2417 2479,2422 2529,2427 2578,2436 2628,2444 2678,2454"/>
                <TextEquiv>
                    <Unicode>tellectus divinus non est formaliter </Unicode>
                </TextEquiv>
            </TextLine>
            <TextLine id="r3l31" custom="readingOrder {index:30;}">
                <Coords points="1684,2490 2471,2481 2718,2530 2719,2485 2470,2426 2002,2434 1958,2408 1685,2461"/>
                <Baseline points="1691,2489 1742,2484 1793,2479 1844,2477 1895,2472 1946,2470 1997,2469 2048,2467 2099,2466 2150,2466 2201,2466 2252,2468 2303,2470 2354,2472 2405,2477 2456,2481 2507,2486 2558,2492 2609,2500 2660,2507 2711,2517"/>
                <TextEquiv>
                    <Unicode>activus dico primo negando consequentiam </Unicode>
                </TextEquiv>
            </TextLine>
            <TextLine id="r3l32" custom="readingOrder {index:31;}">
                <Coords points="1690,2604 1780,2552 2188,2541 2242,2576 2356,2534 2510,2596 2567,2566 2667,2591 2698,2529 2610,2537 2472,2481 2142,2497 2107,2468 1691,2521"/>
                <Baseline points="1698,2556 1747,2553 1797,2548 1846,2544 1896,2541 1946,2539 1995,2537 2045,2535 2094,2534 2144,2534 2194,2534 2243,2535 2293,2537 2342,2540 2392,2543 2442,2547 2491,2552 2541,2558 2590,2564 2640,2572 2690,2580"/>
                <TextEquiv>
                    <Unicode>quia arguitur ab una particulari vel singu </Unicode>
                </TextEquiv>
            </TextLine>
            <TextLine id="r3l33" custom="readingOrder {index:32;}">
                <Coords points="1669,2655 2283,2606 2607,2665 2700,2636 2700,2586 2503,2593 2346,2542 2293,2573 2153,2541 1723,2600 1669,2568"/>
                <Baseline points="1676,2631 1726,2628 1777,2625 1828,2620 1879,2617 1930,2615 1981,2612 2031,2610 2082,2609 2133,2607 2184,2607 2235,2607 2286,2608 2337,2609 2387,2611 2438,2614 2489,2618 2540,2623 2591,2628 2642,2635 2693,2642"/>
                <TextEquiv>
                    <Unicode>lari negativa ad universalem ¶ 2o </Unicode>
                </TextEquiv>
            </TextLine>
            <TextLine id="r3l34" custom="readingOrder {index:33;}">
                <Coords points="1680,2707 1859,2702 1910,2735 2371,2676 2720,2724 2720,2666 2470,2622 2137,2647 2011,2619 1680,2663"/>
                <Baseline points="1686,2697 1737,2696 1788,2693 1840,2691 1891,2688 1943,2686 1994,2684 2045,2681 2097,2679 2148,2678 2200,2676 2251,2676 2302,2676 2354,2676 2405,2679 2457,2681 2508,2684 2559,2689 2611,2695 2662,2703 2714,2712"/>
                <TextEquiv>
                    <Unicode>nego assumptum et cum dicitur vel igitur deus </Unicode>
                </TextEquiv>
            </TextLine>
            <TextLine id="r3l35" custom="readingOrder {index:34;}">
                <Coords points="1678,2784 1727,2768 1776,2805 1881,2769 2463,2753 2724,2808 2724,2726 2651,2708 2586,2736 2364,2686 2279,2714 2164,2690 1896,2742 1822,2704 1678,2707"/>
                <Baseline points="1685,2762 1736,2763 1788,2765 1839,2763 1891,2763 1943,2762 1994,2759 2046,2757 2097,2754 2149,2751 2201,2750 2252,2748 2304,2747 2355,2747 2407,2747 2459,2748 2510,2752 2562,2757 2613,2762 2665,2772 2717,2783"/>
                <TextEquiv>
                    <Unicode>erit sui activus etc nego dico quod nullum </Unicode>
                </TextEquiv>
            </TextLine>
            <TextLine id="r3l36" custom="readingOrder {index:35;}">
                <Coords points="1679,2866 2079,2825 2121,2862 2215,2856 2371,2816 2712,2860 2711,2791 2338,2752 2175,2788 1679,2783"/>
                <Baseline points="1686,2835 1739,2835 1793,2835 1846,2834 1900,2831 1954,2829 2007,2826 2061,2824 2115,2821 2168,2818 2222,2816 2275,2814 2329,2814 2383,2814 2436,2816 2490,2819 2544,2823 2597,2829 2651,2837 2705,2849"/>
                <TextEquiv>
                    <Unicode>istorum sequitur sicut patet ¶ ad 2m concedo antecedens </Unicode>
                </TextEquiv>
            </TextLine>
            <TextLine id="r3l37" custom="readingOrder {index:36;}">
                <Coords points="1679,2913 1899,2932 1956,2897 2047,2919 2153,2886 2250,2926 2345,2879 2594,2896 2681,2940 2681,2872 2373,2815 2212,2857 2008,2834 1678,2867"/>
                <Baseline points="1686,2898 1735,2898 1784,2898 1834,2898 1883,2896 1933,2894 1982,2892 2032,2889 2081,2886 2131,2884 2180,2882 2229,2880 2279,2879 2328,2879 2378,2879 2427,2880 2477,2882 2526,2886 2576,2891 2625,2896 2675,2904"/>
                <TextEquiv>
                    <Unicode>et nego consequentiam nam per similem rationem </Unicode>
                </TextEquiv>
            </TextLine>
            <TextLine id="r3l38" custom="readingOrder {index:37;}">
                <Coords points="1670,3007 1902,2968 1982,3006 2363,2965 2703,2999 2703,2924 2344,2883 2250,2926 2088,2896 2020,2931 1752,2904 1669,2930"/>
                <Baseline points="1676,2964 1727,2966 1778,2966 1829,2966 1880,2966 1931,2964 1982,2962 2033,2960 2084,2958 2135,2957 2186,2955 2237,2954 2288,2952 2339,2952 2390,2952 2441,2954 2492,2955 2543,2957 2594,2961 2645,2966 2696,2972"/>
                <TextEquiv>
                    <Unicode>probarem quod esse respondibile est neutrum </Unicode>
                </TextEquiv>
            </TextLine>
            <TextLine id="r3l39" custom="readingOrder {index:38;}">
                <Coords points="1692,3057 2417,3025 2719,3049 2718,2990 2281,2975 1987,3012 1917,2972 1844,3011 1691,2998"/>
                <Baseline points="1698,3042 1748,3042 1799,3042 1850,3042 1900,3041 1951,3039 2002,3036 2052,3034 2103,3033 2154,3030 2205,3028 2255,3026 2306,3024 2357,3023 2407,3023 2458,3024 2509,3025 2559,3027 2610,3031 2661,3036 2712,3042"/>
                <TextEquiv>
                    <Unicode>formaliter inter ens et non ens probatur </Unicode>
                </TextEquiv>
            </TextLine>
            <TextLine id="r3l40" custom="readingOrder {index:39;}">
                <Coords points="1673,3163 1758,3122 1921,3155 2206,3090 2373,3141 2474,3105 2630,3150 2687,3122 2686,3041 2470,3056 2408,3029 2261,3061 2165,3028 1949,3079 1671,3069"/>
                <Baseline points="1679,3122 1729,3120 1779,3117 1829,3116 1879,3113 1929,3110 1979,3107 2029,3105 2079,3103 2129,3101 2180,3099 2230,3097 2280,3096 2330,3096 2380,3096 2430,3096 2480,3098 2530,3101 2580,3104 2630,3108 2681,3113"/>
                <TextEquiv>
                    <Unicode>sed eum quia respondibile est proprietas asi</Unicode>
                </TextEquiv>
            </TextLine>
            <TextLine id="r3l41" custom="readingOrder {index:40;}">
                <Coords points="1682,3200 2331,3169 2590,3215 2739,3193 2739,3141 2392,3143 2153,3099 1922,3154 1681,3157"/>
                <Baseline points="1688,3191 1740,3189 1792,3186 1844,3183 1897,3180 1949,3178 2001,3175 2053,3173 2106,3170 2158,3168 2210,3167 2262,3165 2315,3165 2367,3165 2419,3165 2471,3167 2524,3170 2576,3172 2628,3176 2680,3182 2733,3188"/>
                <TextEquiv>
                    <Unicode>ni in eo quod vitalis ens non est proprietas </Unicode>
                </TextEquiv>
            </TextLine>
            <TextLine id="r3l42" custom="readingOrder {index:41;}">
                <Coords points="1677,3281 2266,3235 2716,3268 2715,3207 2655,3184 2588,3215 2335,3169 2173,3208 1676,3205"/>
                <Baseline points="1683,3257 1734,3255 1785,3252 1836,3250 1888,3248 1939,3245 1990,3243 2042,3241 2093,3239 2144,3237 2196,3236 2247,3234 2298,3234 2349,3233 2401,3233 2452,3234 2503,3236 2555,3239 2606,3241 2657,3245 2709,3249"/>
                <TextEquiv>
                    <Unicode>communis ¶ 2o quia non sequitur non est formaliter</Unicode>
                </TextEquiv>
            </TextLine>
            <TextLine id="r3l43" custom="readingOrder {index:42;}">
                <Coords points="1692,3329 1815,3345 1852,3311 2064,3296 2698,3312 2697,3267 2651,3256 2494,3271 2367,3237 1692,3281"/>
                <Baseline points="1698,3315 1747,3314 1797,3312 1846,3310 1896,3308 1946,3305 1995,3303 2045,3300 2095,3298 2144,3297 2194,3295 2244,3294 2293,3293 2343,3293 2393,3294 2442,3294 2492,3297 2542,3299 2591,3303 2641,3306 2691,3312"/>
                <TextEquiv>
                    <Unicode>alterum istorum igitur formaliter est neutrum </Unicode>
                </TextEquiv>
            </TextLine>
            <TextLine id="r3l44" custom="readingOrder {index:43;}">
                <Coords points="1681,3400 2224,3391 2305,3368 2550,3410 2596,3378 2702,3386 2702,3333 2278,3294 1679,3332"/>
                <Baseline points="1686,3381 1736,3379 1787,3377 1837,3375 1888,3374 1938,3371 1989,3369 2039,3368 2090,3366 2140,3365 2191,3363 2241,3362 2292,3362 2342,3362 2393,3362 2443,3363 2494,3364 2544,3366 2595,3370 2645,3373 2696,3377"/>
                <TextEquiv>
                    <Unicode>istorum ¶ ad 3m cum confirmatur si quodlibet </Unicode>
                </TextEquiv>
            </TextLine>
            <TextEquiv>
                <Unicode>quod formaliter est nullum istorum consequentia non 
valet ¶ 2o praemitto quod aliud est dicere 
agere non est formaliter percipere vel perci
pere non est formaliter agere Et a
liud est ponere potentia perceptiva non 
est formaliter activa patet etiam satis 
Ex hoc possent solvi rationes quia 
solum intentur probare quod percipere non sic
formaliter agere et ex hoc non sequitur quod potentia 
perceptiva non sit activa formaliter 
aliter concludere quod nulla potentia intellectiva 
esset formaliter violitiva Cuius opppositum 
ipse ponit eodem articulo conclusione prima ¶ 
3o dico quod in ista positione sequitur destructivo 
sui fundamenti principalis cum in omnibus 
suis dictis patet nam certum est quod deus 
est potentia activa intrinsece si igitur perceptivum 
ut sic maiorem ponit perfectionem 
in deo quam actum ut sic igitur non omnis 
gradualitas excluditur a deo Cuius 
propositum nititur in omnibus dictis su
is probare sicut patet prologis primi sententiarum 
et quaestione prima suarum determinationem ¶ hoc 
3m dictum confirmatur per eum quaestione prima 
determinationem articulo primo solutione primi 
argumenti contra conclusionem 2am ubi dicit 
deus est inmense perfectus etc in de
ibi ¶ respondeo igitur quamvis non oporteret 
ad rationem informa unde tamen arguitur in
tellectus divinus non est formaliter 
activus dico primo negando consequentiam 
quia arguitur ab una particulari vel singu 
lari negativa ad universalem ¶ 2o 
nego assumptum et cum dicitur vel igitur deus 
erit sui activus etc nego dico quod nullum 
istorum sequitur sicut patet ¶ ad 2m concedo antecedens 
et nego consequentiam nam per similem rationem 
probarem quod esse respondibile est neutrum 
formaliter inter ens et non ens probatur 
sed eum quia respondibile est proprietas asi
ni in eo quod vitalis ens non est proprietas 
communis ¶ 2o quia non sequitur non est formaliter
alterum istorum igitur formaliter est neutrum 
istorum ¶ ad 3m cum confirmatur si quodlibet </Unicode>
            </TextEquiv>
        </TextRegion>
    </Page>
</PcGts>
