2964 4230
369 409 1390 521 voluntas sed consequentia probatur quia voluntas
365 506 1353 605 est una mens una substantia una
374 581 1365 676 vita secundum augustinus ut habetur in littera
365 643 1400 735 distinctionis 3 primi sententiarum qua
376 721 1407 824 re conclusio videtur vera sed quod sit receptiva
369 771 1374 877 communiter tenetur non indiget magis
373 844 1333 962 probatione potest tamen probari primo
373 911 1392 1027 ex textu evalius luncis 16 filii re
374 984 1379 1081 cordarre ubi loquitur ad animam
370 1060 1363 1174 sed hoc non fuit solum per abla sed
370 1128 1362 1244 etiam hystora secundum augustinum 8 super gesem
367 1196 1374 1305 capitulo 7 ad idem est venerabilis anselmi de coe
373 1273 1391 1384 ceptum virinali capitulo 4o in mebris
364 1327 1333 1452 corporis nichil delet nichil de
370 1411 1368 1525 lectatur nisi anima et voluntas rationalis
364 1481 1369 1589 ¶ primu corollarium nullus actus animae
380 1553 1371 1668 effective habet solum unum principium
375 1620 1363 1747 et unam causam praecise probatur nam
366 1694 1362 1824 obiectum talis actus est principium effecti
365 1770 1356 1894 num percila tmale secundum quod primi in quaestio
370 1853 1357 1977 ne primae distinctionis et probatur
359 1923 1365 2044 9 de trinitate capitulo 13 ubi augustinus omnis
352 2006 1338 2127 res quam cognoscius cogiat in
365 2073 1335 2199 nobis notitiam sui sed cum hoc habet
356 2155 1348 2277 ipsam anima principium et causam
347 2236 1362 2346 igitur corollarium verum ¶ 2m corollarium causam na
358 2292 1353 2415 lem ad effectum liberem concurrere non
358 2376 1372 2501 est simpliciter inpossibile probatur quia
364 2448 1352 2565 obiectum cauat naturaliter naturali influxum
366 2530 1337 2645 causativo et cum concurrit effective
358 2607 1342 2722 ad actus liberi catio igitur corollarium
355 2677 1329 2806 verum ¶ 3m corollarium quod anima intellecti
349 2759 1314 2865 na suorum activiu libere csativa
346 2829 1315 2940 divinae trinitatis est ymago proprie
359 2891 1375 3025 repraesentativa probatur quia est ibi
359 2974 1339 3068 essentialis unitas et causalis trinitas
353 3054 1368 3175 igitur corollarium verum consequentia et antecedens pateret
334 3132 1329 3254 ex dictis augustini et magistri in littera
359 3205 1354 3325 praesentis distinctionis 3ae primi li
358 3276 1350 3395 beri / contra conclusionem sequitur quod idem eset
349 3360 1329 3490 movens et motu agens et
1533 398 2531 534 passum ¶ 2o esset infinite vite
1546 491 2577 587 tutis quia infinite receptibitis
1550 563 2538 682 3o si esset activa intrinsece posset
1538 630 2514 753 agere sine sensibus quod est falsum et
1553 713 2528 828 ita posset cetus auctoriatate silo
1528 778 2545 899 gaare de coloribus ¶ contra primu
1551 859 2548 971 corollarium sequitur quod idem agens praecise eo
1545 937 2534 1050 dem modo posset esse causa oppositorum
1538 1006 2574 1125 patet quia stante tali cognitione
1538 1077 2564 1194 voluntas libere potest habere velle vel
1546 1155 2556 1269 nolle et tunc cognitio obiecti aequaliter
1543 1239 2551 1351 est causa iutusque quod videtur falsum ¶ contra 2m
1550 1305 2531 1422 corollarium quia tunc obiectum posset esse
1540 1376 2541 1501 causa dilectionis sed contra quia tunc
1544 1453 2510 1536 obiecto intenso intuderetur dilectio
1541 1527 2559 1631 quod est falsum ¶ contra 3m essentia animae nuda
1532 1603 2529 1715 est dei ymago vera igitur non in eo
1534 1673 2541 1793 quod suorum activi effectiva vel rece
1532 1751 2567 1848 ptiva ad ista respondeo concedo consequens
1535 1824 2526 1934 de agente partiali et receptivos
1533 1892 2570 2016 totali sicut est anima suorum actuum
1528 1965 2494 2085 et loquendo depassionem quae
1540 2037 2527 2152 non est abiectio sed salus et perfectio
1513 2121 2565 2209 ¶ ad 2m nego quia esse receptivum
1519 2179 2534 2294 non est perfectionis simpliciter saltem
1519 2246 2530 2367 / ad 3m nego consequentiam quia anima
1532 2323 2538 2437 non est totalis causa ad alium
1532 2404 2553 2514 contra primum corollarium concedendo consequens nec est
1524 2465 2533 2586 inconveniens de causa partiali non
1517 2542 2532 2660 elicitive sed solum inquisitive
1527 2611 2528 2728 concurrente quam ad modum est obiectum
1517 2687 2523 2806 vel etiam cognitio ipsius obiecti ¶ ad
1516 2763 2554 2879 2rum potest dupliciter responderi primo ne¶gario
1508 2833 2532 2952 gando consequentiam quia non oportet quod semper
1527 2905 2532 3021 intensa causa partiali intendatur ef
1523 2973 2526 3090 fectus aliter potest dici concedo consequensilicet
1511 3051 2522 3177 quod ad perceptialem intensio nem cog
1519 3123 2525 3242 nitionis sequatur intensio cogni
1513 3202 2556 3323 tionis dilectionis etiam secundum aliquis
1516 3280 2494 3392 stante praecise eadem velle quo
1529 3352 2476 3474 prius sed tamen hanc responsionem
