2964 4230
331 431 1343 556 variatione et 4o earum dem deus est
326 523 1338 627 mens pem generans continiatione per
340 583 1341 716 severans ¶ prima conclusio pater conctuans si
338 689 1351 785 lium per suam in effabilem generationem
337 739 1334 854 omnem possibilem vel ymaginariam sunt
324 811 1354 914 cessionem probatur quia talis sut
332 875 1347 1002 cessus vel foret singui vel men
334 953 1347 1068 suae vel gradus et nature vel distan
337 1028 1363 1148 tia dispantiae vel originis praecise
340 1103 1340 1239 si signi vel mensurae contra cum omne
343 1184 1339 1303 signum divinum sit aeternitas sequitur quod per
331 1256 1314 1371 aeternam mensuram pater filium perce
332 1333 1326 1447 deret quod est falsum successus gradus et
332 1399 1312 1521 ne nemo ponit nisi haeretici ar
326 1470 1337 1593 rettivi sed sunccessio originis nulla
325 1552 1352 1658 est omnino igitur tantum videtur dispantiae
326 1615 1326 1732 distantis sed contra hoc quia illomodo
323 1688 1330 1807 illud dicitur prius quod simpliciter
329 1761 1335 1879 primo est propriinquius et sic pater minus
335 1831 1293 1938 recederet ab essentia divina quam filius
314 1901 1317 2013 et filius quam spiritus sanctus quod est in
328 1971 1350 2086 conveniens omno ¶ primum corollarium patris
335 2044 1303 2158 verbale dicere nullo modo praecedit
328 2111 1323 2213 vel succedit intellectus sui inmensum
338 2184 1326 2298 intelligere patet quia si oppositum foret
321 2253 1338 2350 verum tunc aliquo morum praedictorum foret
322 2323 1298 2430 sunccessio in divinis quod est contra conclusionem
325 2382 1333 2497 2m corollarium in aliquo signo pater generat
317 2452 1306 2565 et numquam ante illud signum generavit
317 2520 1327 2637 et tamen generare non incipit probatur quia
319 2589 1306 2696 in signo aeternitatis pater generat et mi
325 2666 1308 2776 quam ante hoc generavit quia nullum
328 2725 1285 2839 signum ante illud est vel fuit sed quod
320 2808 1305 2923 non incipit patet quia aeternaliter ge
322 2876 1335 3003 munt ex quo posset faciliter deduci
312 2949 1326 3056 quod lume intellectus divini vel potius
310 3014 1327 3127 et verius line intellectus divinus illo modo
323 3096 1314 3222 ante vebi originationem aliqualiter
323 3169 1326 3296 ad essentiam applicatur patet cum nullum sc
321 3256 1328 3377 ibi ante ¶ 3m corollarium deus pater filium
307 3338 1321 3475 in aliquo signo et numquam post gignit
1506 396 2497 540 et tamen ipsum giguere non desunt
1489 492 2506 613 probatur sicut 2m de signo aeternitatis
1503 568 2485 673 ex quo faciliter potest deduci quod deus
1498 633 2505 751 nullam rem facit post quam genuit
1509 714 2478 822 filium probatur per omnem modum sicut
1504 776 2496 900 praecedens ¶ contra conclusionem arguitulro sic omnis
1516 859 2493 950 ratio alia ab esse post esse in deo est
1507 924 2492 1042 posterior ipso esse sed generare filium
1504 998 2490 1106 est denominatio vel ratio non esse dei
1504 1061 2542 1188 vel esse deum igitur est posterior et per consequens
1507 1142 2550 1258 ab esse usque ad generate erit aliqua
1505 1208 2502 1322 sunccessio ymaginanda maior est
1491 1278 2490 1399 got sthalceke quia t prologis conclusione 3a
1496 1342 2502 1465 probatur quia in divina essentia estor
1487 1439 2509 1537 do quidam rationum essentialium sed dyonsum
1487 1500 2533 1609 dedum nominibus capitulo 3o ¶ contra primum corollarium
1493 1573 2499 1684 probatur quid patris immensus intelli
1484 1641 2533 1753 gere praecedeit suum vrbale dicere quia
1499 1716 2530 1830 intelligere habet rationem principi respectu ipsius
1493 1791 2496 1886 dicere sed principium principiatum pecetit
1489 1868 2487 1979 igitur corollarium falsum ¶ contra 2m corollarium simplicitr
1489 1923 2479 2054 talem primum habet ordinem efficientiae
1487 1999 2522 2116 respectu omnium post primum qualem habet ordine
1490 2087 2496 2189 existentiae sed plura sunt in deo non simpliciter
1494 2151 2472 2258 prima existentis ante generationem igitur effici
1490 2226 2499 2339 etiam sed non nisi per generationeem vel spi
1484 2291 2485 2384 rationem igitur an illud contra efficienter
1482 2368 2528 2480 producit illud maior videtur satis nota quia
1476 2435 2533 2556 aliter ponerentur plura independentia
1480 2517 2508 2620 et minor probatur quia prius est ut videtur deum
1475 2578 2486 2692 vie quam intelligere et prius intelligere
1474 2649 2455 2747 quam velle sed haec omnia generationem
1471 2733 2510 2833 aucedunt igitur corollarium falsum ¶ contra 3m corollarium
1478 2796 2503 2909 sic omne patris aeternum intelligere est
1490 2867 2481 2988 filium suum gignere sed dicere verbum
1478 2944 2521 3068 praecessit aliquod aeternum patris intelligere igitur
1481 3017 2515 3157 genuit post quom verbum dixit et per consequens
1478 3099 2491 3223 propositum at nota minor probatur quia in
1479 3178 2485 3307 telligere est commquentie tribus suppositis
1482 3250 2511 3380 et non dicere igitur dicere prius est ipso intlliectu
1464 3342 2473 3475 et per consequens propositio vera ¶ ad ista respondeo
