2964 4310
474 463 1459 630 et primo ad principalem rationem ad
465 558 1459 696 quem factam cum arguitur filius incip
496 627 1470 771 patet per corollarium quod est falsum nec probatio valet ex
480 716 1469 859 quo patet quod non sufficienter exponitur iste
473 774 1448 906 terminus incipit per istas propositiones a
489 856 1449 969 et 1 capitulo 90 praesenti et numquam ante hoc
485 945 1450 1075 fuit igitur esse incipit sed debet dici
489 990 1486 1139 nec in aliquo instanti ante istud fuit vel
479 1070 1491 1215 dicatur a est hoc instanti temporis vel etiam
494 1141 1471 1267 dicatur a nunc est in hoc contluati et aliquod
487 1229 1474 1354 cona ante hoc o fuit et a numquam ante
499 1285 1431 1420 fuit Similiter dicatur suo modo
509 1340 1517 1481 de illa in qua poneretur hoc verbum
503 1428 1513 1582 desunt ¶ ad 2m ibidem negatur
487 1492 1489 1656 consequentia quia arguitur abvisiori ad superius
501 1575 1488 1694 negatione prposita a parte praeti ¶ad
492 1633 1464 1782 3m dico quod pater generat filium de substantia
492 1706 1482 1870 sua sed sententiam augustini 15 de trinitate capitulo 14 in
495 1777 1492 1955 fine vel 2m aliam allegationem
500 1874 1492 2030 in principio capitulo 15 ubi dicit quod ne
507 1923 1483 2081 bum est lumen de lume sapientia
498 1990 1439 2166 de sapientia essentia de essentia Idem dicit
507 2083 1487 2253 super illo pars ante luciserum genum
525 2138 1480 2308 te et cum arguitur tunc agens et materia
493 2213 1501 2367 conciderent nego hoc quia nulla
512 2316 1473 2432 materia est ibi nec et quasi ma
494 2374 1456 2514 teria contra doctorem sollempe Ad
503 2458 1456 2581 rationem cum arguitur omnis ratio et tc nego
485 2520 1464 2677 simpliciter manerem et cum probatur quia
510 2592 1480 2735 inidivina essentia est ordo quidam di
508 2652 1516 2817 co primo quod consequentia non valet sicut pul
505 2738 1463 2890 chre deducit dominus Egidius distinctione 9oa
523 2787 1520 2962 primi parte 2a quaestione 2a ¶ 2o dico quod illae
501 2867 1487 3006 ordo nullo modo intrinsece est admittendus
511 2947 1473 3089 nec yonus eum ponit intrinsece sic
503 3022 1464 3151 Ad aliud contra primum corollarium pateri immensus
509 3095 1498 3224 intelligere etc negatur assumptum et cum
496 3157 1497 3291 probatur quia rationem principium respectu ipsius
498 3245 1491 3369 ddicere etc nego consequentiam quia non
504 3295 1512 3453 valet ¶ ad 4m concedo maiorem nego si
529 3369 1522 3517 pliciter minorem contra gotsthaltum et cum
514 3399 1537 3612 probatur quia prius est esse quod vivere
1619 425 2668 565 et sic de singulis nego idem contra eundem
1641 502 2670 643 bidem ubi prius ¶ Ad et cum arguitur ore
1643 570 2673 692 patris intelligere etc transeat illa sine
1633 653 2651 771 illa vera sive falsa sed negatur minor
1645 712 2629 843 cum dicitur quod dicere verbum praecedeit
1642 788 2685 927 aliquid patris etc et cum probatur quia
1626 856 2656 988 dicere est proprium intelligere est commuente igitur
1632 934 2688 1050 intelligere praecedit negatur consequentia quia
1627 1006 2652 1132 non valet ¶ 2o conclusio prima persona indivi
1644 1054 2659 1175 na trinitate graer solumti suum filium
1635 1128 2651 1236 in aeternitate et ne ydemptate probatur
1627 1191 2661 1334 per argumentum augustinum libro 3o contra maximum ta cvri
1643 1279 2668 1383 potiunt et volunt et non potiunt etc ¶
1635 1339 2630 1461 Item 6o de trinitate capitulo 2o filius est deus
1635 1407 2651 1528 deus de deo sed non nisi per generatienm
1627 1469 2695 1604 igitur ¶ ad idem est venerabilis anselmus de processis
1656 1551 2707 1671 spiritus sancti 5 29 capitulis igitur primum corollarium
1652 1616 2644 1748 quamvis deus pater genuit deum qui
1643 1674 2616 1818 est omnis deus non tamen genuit
1648 1751 2675 1880 omnium qui est deus probatur corollarium quia
1648 1820 2655 1953 genunit filium qui est omnis et non
1632 1890 2682 2010 genurit scilicetilicut qui tamen est deus igitur corollarium
1642 1952 2649 2077 verum ¶ 2m corollarium contra sanctum thomam libro primo
1622 2030 2653 2144 distinctione 4 quaestione 3 haec absolute debet conce
1628 2111 2648 2208 di deus deum non genuit et deus
1644 2167 2653 2286 deum generare non potiunt patet patet
1643 2217 2677 2345 quonia secued damascenus libro 3o capitulo 10 et xi deus
1662 2293 2663 2447 supponit quandoque pro persona sed certum
1657 2373 2659 2492 quod persona personam non produxit
1659 2444 2664 2566 igitur deus deum generare non potiunt
1645 2525 2680 2638 ¶ 3m corollarium quamvis in patre sit potentia genera
1650 2590 2689 2718 tiva et sprirativa et producit duo
1644 2657 2636 2809 supposita pbaien essentia non debet dici
1666 2728 2704 2861 multiplicata nec triplicata prima
1660 2804 2721 2945 pars est contra aureolum distinctione prima quaestione prima
1654 2879 2631 2999 arguitulo 2o et articulo eam sic non minus
1655 2946 2685 3072 correspondet patri aeterno posse activum
1666 3024 2679 3117 respectu actus in manentis quam actus crianse
1658 3095 2677 3194 mitis sed respectu actus transemitis quam habet
1664 3176 2698 3260 ad creaturas univoce correspondet
1660 3237 2661 3357 sibi potentia activae realiter igitur et respectu in ma
1668 3293 2661 3415 nentis 2a pars patet per beatum augustinum et
1662 3380 2674 3492 Egidium ubi supra in argumento fuit
