2964 4292
503 358 1536 508 dicuntur artem tenet unitas divinae
527 450 1531 590 trinitatis Ad idem est hugo inconcluetis ese
526 540 1509 669 Ieris capitulo 6 ubi ostendit quod unitas
516 610 1504 725 divina non solum debet dici movas sed
522 683 1507 799 evas etiam quod sonat unitatem
520 743 1516 890 veram eiusdem substantiae sub simplicietere
526 821 1518 971 subsistentis ut dicit ibidem con
525 893 1543 1049 est in forma doctoris sollemp parte
511 997 1519 1118 prima articulo 29 quaestione 8 Et domini Egidii
530 1061 1493 1200 in ista distinctione 8 quaestione 2o quia de ratione
522 1128 1501 1272 simpliciter sunt individitas immutabite
528 1200 1506 1343 litas et per se actualitas sed haec omnia
525 1283 1528 1400 creaturae conveniere non possunt quare
519 1363 1527 1478 etc primum corollarium quascumque formas
531 1435 1525 1570 vel species datas potest deus eas fa
527 1525 1530 1638 tere in superiorem aliquam unitiae con
534 1595 1513 1720 fluere patet cum quaelibet talis non sit in
537 1683 1520 1799 mutabilitas esse suum / 2m corollarium
537 1750 1543 1900 inpossibile est aliquam speciem totam sui
522 1830 1524 1953 gius vel aliquod individuum totam
537 1900 1538 2047 suae speciei perfectionem unitivae contine
535 1976 1525 2120 patet quia tunc non posset cum alia
548 2070 1500 2192 vel cum alio in superiorem semper con
549 2117 1521 2282 fluere unitive 3m corollarium inpossibis
548 2214 1508 2358 est aliquam speciem causa simplicem esse
534 2291 1530 2409 quod actium elicito vel habitui infuso
543 2363 1522 2515 subiective non possit subesse patet
549 2443 1521 2589 quia sic solus deus simplex
541 2533 1520 2653 esse potest ista omnia dicta saltem
531 2597 1507 2730 in virtute conforma sunt domini Egidii
544 2677 1513 2808 in ista distinctione et hugolinus in eadem / contra
547 2732 1519 2877 ista simul arguo per auctoritates aliquis
534 2813 1509 2926 quas recitat dominus Egidius contra
538 2876 1537 3030 se in ista distinctione prima propositione 7 de ca
540 2950 1530 3073 ubi dicitur intelligentiam est substatia quo
540 3027 1519 3154 snon dividitur / 3o de anima dicitur in
547 3105 1520 3256 tellectus est simplex permixtus in ma
539 3171 1525 3312 teialis 3a conclusio hoc est ratio principalis
557 3254 1522 3411 e quae fundatur super dictis damascenus
541 3323 1534 3469 libro 2o capitulo 12 ut dicit Egidius ad
1681 365 2700 493 pritam auctoritatem dicitur quod intellectis
1685 443 2672 563 non dividitur verum est quantum ad partes
1689 519 2652 627 naturae quia non habet partes vel quod ad
1685 598 2691 692 duationem quia est tota simul vel 2o
1681 654 2703 779 quantum advmrum quia non sunt plures
1685 719 2679 843 numnero in specie / Ad 2am auctoritatem dicit
1688 788 2672 912 ipse quod intellectus est simplex etc
1683 867 2647 995 verum est primo quia non est virtus
1691 937 2700 1085 organica et hoc noliit philosophus 2o si
1690 1030 2691 1178 plex aliquo modo non tamen simpliciter
1687 1096 2700 1226 cum omnis creatura sit aliquo modo
1690 1182 2691 1313 composita / Ad 3am rationem quae fuit
1699 1262 2694 1379 fecta in principio quaestionis cum dicitur
1697 1334 2656 1465 quod aliquod citra deum sit simplex si
1687 1415 2673 1527 intelligitur omnino nego assumptum
1690 1484 2682 1597 et tunc ad probationem quia correspon
1678 1554 2660 1686 det esse punctale igitur nego consequentiam
1679 1636 2673 1766 Ad 2m si anima non simplex est
1693 1713 2698 1840 sequitur quod habet percos consequentia non est formalis
1681 1782 2683 1916 quia solum ex hoc dicitur res omnino
1691 1850 2645 1985 simplex quia non habet partes per
1686 1924 2705 2066 hoc patet quid dicendum ad proba
1689 2006 2670 2135 tionem et per consequens ad totam quaestionem
1862 2084 2665 2222 unc ad distinctionem perso
1861 2150 2677 2286 narum accedamus etc Ista uneclusione
1864 2224 2675 2351 distinctio ad praecedentem con
1687 2294 2672 2420 tinuatur postquam magister determinavit
1687 2378 2692 2502 de generatione divina in se nunc incipit
1693 2430 2664 2567 tractare degignentis et geniti est
1694 2507 2694 2632 trina dapnatione et dividitur in duas
1694 2572 2709 2709 partes principales quia primo tractat
1682 2676 2691 2775 de coaeternitate geniti et gingentis
1693 2736 2661 2864 quo ad eus existentiam intrinsecam
1694 2806 2700 2932 /2o quantum ad signifiniem evuctiativam
1678 2895 2716 3012 extrinsecam tunc 2a pars est ibi hic
1684 2953 2699 3073 quaeri potest prima pars principalis di
1689 3042 2703 3146 iuditur in quatuor partes nam primo
1697 3106 2693 3204 magister distinctionem personarum vaciter
1687 3166 2695 3289 ponit 2o aeternam duationem aeternam
1697 3231 2670 3355 aequaliter ipsis tribuit 3o ex dictis
1678 3299 2672 3437 haereticorum pertinacits obiat quiato
