2964 4121
391 398 1348 520 solua et cum patribus aliis conferam pro
392 475 1375 589 cedam eo ordine quo rationes sint
385 542 1368 651 fecte Cum igitur primo arguitur quod si quaestio foret
416 611 1379 733 pera Sequitur quod huc vultum beatifice parti
403 681 1343 797 pe esset summum bene esse posset consequentia
404 753 1365 870 satis cogere neri deforma quam duplex est
387 835 1380 948 betitudo rei et speciei vel me et patriae
403 903 1368 1021 2m quod potest haberi ex dictis salvatoris
401 979 1349 1096 et veritatis mathaes 5 et aliis pluribus sacra
398 1053 1365 1173 scripturae loc sed si addetur in consequente
383 1127 1425 1242 clare beatifice beatitudinem rei vel beatifive
401 1200 1375 1321 patriae posset consequens ad bonum intellectum ad
393 1279 1380 1387 mitti Et tunc cum arguituro contra primo quia
389 1348 1375 1465 tunc primo vultii foret melius etc hic
400 1420 1379 1531 ponam primo unam distinctionem post
388 1490 1357 1601 ea aliquas propositiones distinctio est quod
380 1560 1352 1669 consequens potest dupliciter intelligi uno modo extrinsec
395 1633 1365 1743 et denominative alio modo intrinsice et formates
395 1697 1384 1813 liter et entitiae Tunc pono propositiones quiram
403 1761 1367 1878 haec sit prima nulla est perfecto divina nisi
401 1838 1342 1952 una simplex indivisa probatur quia
395 1900 1381 2025 quaelibet denominatio perfectionis vel ratio
392 1965 1318 2070 cuilius est tam idem alteri quam sibi igitur
388 2047 1339 2165 consequentia nota antecedens potest faciliter thi primo
395 2122 1368 2225 ex dictis Boec 3o de consolatione
395 2190 1360 2301 Co 19 quia inquantum sapientia divina et
389 2273 1371 2365 essentia non sunt idem in tantum altererum
389 2323 1353 2453 esse alteri igitur si non esset tanta u
373 2406 1356 2528 demptitas inter sapientiam et essentiam sicud
389 2477 1379 2592 int essentiam et essentiam sequitur quod sapientia essentiae
376 2538 1358 2655 de esset / 2o posset hoc idem arguir ex verb
389 2600 1372 2705 venerabilis anhimlis libro de incarnatione
389 2661 1360 2795 ubi 6o 5 dicentis si esset ad quod nec actu
391 2730 1357 2854 nec intellectu dissolui posset maius esset
388 2814 1354 2930 quam quod vel intellectu esset dissolubile
385 2889 1369 3005 viguitur sequitur quod nec actu nec intellectu perfectionis
383 2942 1338 3075 divinae sunt dissollutiaes et per consequens nec
397 3027 1360 3141 plures Item capitulo 6o divina natura sine voluntae et
386 3093 1361 3205 potestate nullatenus potest intelligi
385 3162 1358 3264 3o potest hoc idem haberi ex 3a diffinitione 24
399 3222 1338 3336 philosophorum qua dicitur deus est totus in quolibet
1526 381 2520 507 ¶nt 2a propositio sit ista inperfectione divina
1539 464 2493 579 praest personalem nulla est omnino distinco
1536 541 2517 655 vel differentia patet ista faciliter ex prima et eius
1523 607 2506 725 probatione et significanter ex dicto anselmum allegato
1542 678 2546 788 3a propositio quod summendo consequens illatum peteiaiaes
1535 762 2524 856 2m modum distinctionis prius datae ipsum
1541 818 2513 937 est 2m patet quia eiusdem ad se ipsum nullus
1539 891 2502 1004 est excessus sed nunc quaelibet ratio ad
1533 963 2518 1081 intra perfectionis est idem formaliter cum
1529 1037 2545 1151 qualibet alia igitur / 4ta propositio quanto plu
1544 1119 2527 1218 res rationes perfectionis denominative
1540 1181 2512 1279 denominatio ambit tanto aliam non
1540 1253 2512 1370 tanti ambitus extedicit patet quia per
1534 1325 2506 1440 fectior est denominatio in te quod esse patet
1532 1393 2497 1510 quia plures perplicationes continus vel eta
1538 1486 2490 1559 rationes ut patet 2c similit de intelligentia respectu
1529 1545 2516 1660 vime et sic de aliis 5a propositio esse per
1531 1603 2556 1722 ceptivum includit evinenter tam vivere
1521 1693 2498 1801 quod esse patet quoniam ipsum excedit patet consequentia
1537 1786 2536 1874 ex 4ta propositione quia plures rationes pe
1528 1833 2513 1960 fectionis ambit ipsum quam hoc utraque simul
1525 1909 2520 2021 4ta propositio sumndo consequens primum primo de
1529 1987 2510 2097 istis iam datae potest ipsum concedi satis
1533 2048 2527 2163 patet hoc ex 4ta 2 5ta propositionibus iam po
1534 2124 2494 2232 sitis inmediate per hoc patet quid dicendum ad
1524 2198 2487 2318 illud ultirius illatum / ad 2am in probaur
1523 2270 2520 2388 eiusdem consequentis pono aliquas propositiones
1519 2348 2517 2454 quarum haec fit prima possibile est petrius
1519 2421 2509 2535 tota beative formali quam nunc habet
1529 2484 2501 2604 carere et nullum habere fugibile probatur
1529 2558 2486 2671 nam si deus ausferum sibi istam quantum
1517 2639 2485 2742 nunc habet et daret sibi nuimero vel speciem
1523 2695 2494 2819 meliorem patet propositio vera sed hoc non
1521 2766 2496 2886 est inpossibile igitur / 2a propositio non omnis per
1520 2844 2484 2943 na boni est mala patet satis cum
1530 2912 2523 3016 sit privai etiam aliquo bono in genere
1529 2981 2520 3076 non foret malum nam si deus patri
1513 3049 2505 3151 naret me perysiensi et daret michi
1514 3118 2495 3229 unum floris non videtur quale faceret
1522 3176 2494 3278 michi malum 3o ipso non omnis
1513 3247 2541 3352 priuo cuius opposita positio si habetur esset
