2964 4275
319 435 1336 600 igitur videtur si pater et filius spiritum sanctum pro
316 527 1324 657 ducunt quod plures erunt / contra primum
322 628 1325 741 corollarium est corollarium doctoris subtilis distinctione 10 per
316 686 1353 816 quod suam probat conclusionem sic in quocumque
322 764 1339 891 est principium aliquod productivum quod ex ratione
330 845 1326 965 sua est principium productum erit in eo
323 921 1321 1044 principium producendi si est in eo sive im
322 992 1341 1120 perfectione et non praehabere intelligatur ali-
325 1085 1325 1214 quod productum adequatum sed in deo est
301 1167 1350 1292 voluntas sub ratione huius in voluntas est in deo
323 1248 1375 1357 principium producendi et non nisi amorum
314 1318 1348 1443 infiniti per se subsistentis qui est spiritus
331 1396 1351 1522 sanctus igitur corollarium falsum quod erat probandum / contra 2m
320 1479 1337 1606 corollarium si ipsum esset verum sequitur quod inter
316 1550 1305 1663 liberum et neccessariuam nulla foret differentia
325 1610 1312 1745 consequens falsum et contra philosophum 9 metaphysicae et consequentiam
308 1688 1336 1818 probat hic prolixe gregorius libro primo distinctione 10
325 1784 1325 1891 articulo 2o quaestione conclusione prima quam dicit se po
335 1844 1336 1967 nere contra doctorem subtilem sed nichil
323 1928 1323 2053 est contra eum 2m quod supra est dictum /
313 2016 1326 2121 2o contra suum corollarium Idem potest argui ex dictis
313 2082 1327 2192 alphonsi libro primo distinctione 5 articulo 2o quaestione conclusione
321 2158 1336 2288 3a primo sic principium productivum spiritus
319 2234 1312 2364 sancti est voluntas igitur libere producitur et non
320 2300 1345 2418 naturaliter vel neccessario patet consequentia quia sicud
331 2382 1325 2508 intellectus non habet liberum modum agendi
306 2464 1335 2584 sic nec voluntas naturalem assumptum probat
305 2542 1320 2658 quia spiritus est amor igitur producitur a
314 2609 1338 2734 voluntate 2o ad idem sic spiritus sanctus
325 2690 1359 2810 non producitur quimodo natus igitur non produ
310 2764 1360 2859 citur naturaliter antecedens est augustinus 5 de trinitate
307 2842 1284 2957 capitulo 12 consequentia probatur quia quidquid
317 2902 1307 3007 producitur naturaliter in eadem natura eum
315 2982 1318 3099 producitur producitur ut natum igitur ex op
320 3081 1342 3172 posito quod non producitur ut natum pro
319 3131 1334 3257 ducitur naturaliter igitur consequentia fuit bona ad
323 3205 1359 3325 istas rationes respendeo cum primo arguitur
317 3292 1335 3404 pater sufficienter etc Respondet thomas de
328 3359 1378 3497 argentina libro primo distinctione 11 quaestione prima solvendo
1502 441 2539 583 argumentum principalem et armacanus
1492 528 2554 654 libro 6 capitulo 13 dicentes quod utroque sufficienter
1501 629 2536 727 sprirat nec tamen aliter superflue
1502 689 2545 805 propter unicum principium spirandi ac etiam
1498 754 2529 877 vim vel virtutem producendi quae
1508 833 2509 955 est ipsa essentia divina Sed licet ista so
1502 911 2497 1033 lutio valeat aput apponentes
1522 985 2532 1101 essentiam divinam esse principium quo produc
1496 1078 2508 1169 tionis adintra quia tamen haec ego non
1496 1122 2506 1235 teneos dico aliter ad argumentum consequentiam
1514 1204 2485 1314 negando nam arguerem tria similiter
1497 1298 2491 1423 quod tantum esset una persona deus
1504 1369 2506 1498 quia pater sufficienter est deus igitur super
1485 1447 2538 1586 flue ponitur filius vel spiritus sanctus sicud
1510 1546 2503 1643 tu negas istam consequentiam meam
1483 1601 2506 1753 sic ego tuam similiter arguitur quod solus
1510 1681 2539 1827 pater producerett creaturas et non tres
1496 1759 2530 1898 personae patet quia solus pater sufficienter
1490 1855 2508 1952 produceret Ad 2m cum arguitur pater ali
1492 1940 2511 2067 qualiter quam filius producit spiritum sanctum
1512 2007 2529 2121 dicerent aliqui negando assumptum
1511 2083 2494 2209 sed magister Iohannes Clenkoth aliter respondet
1505 2166 2519 2283 concedendo antecedens et negando consequentiam
1498 2238 2520 2371 potest tamen aliter responderi iudico meo
1490 2322 2493 2443 primo quod ly aliter possit teneri ad
1504 2399 2498 2517 verbialiter et sic antecedens conceditur et negatur
1501 2479 2486 2601 consequentia vel potest teneri nominaliter et sic
1505 2569 2494 2717 posset concedi consequentia et negari antecedens
1495 2639 2493 2774 vel adhuc aliter et forte melius
1491 2718 2519 2857 quod li aliter diceret ipsum patrem vel ipsa
1478 2811 2480 2953 producere vel spiritum sanctum si 2o vel 3o
1508 2891 2508 3010 modo negatur antecedens et conceditur consequentia
1504 2975 2512 3106 Ad 3m contra conclusionem cum dicitur diversorum
1503 3047 2524 3177 suppositorum divisi sunt actus nego sim
1505 3125 2517 3261 pliciter antecedens ratio aliter enim creatio
1510 3202 2527 3326 triplex fieret actus cum sit actus trium
1499 3279 2528 3414 suppositorum et cum primo probatur quod
1505 3348 2511 3481 sic est de angelis quae est igitur ratio
