2964 4264
337 439 1352 585 non est filius cum utraque a patre exe
313 523 1351 653 at quia ipse exit non quomodo na
329 596 1334 714 tus sed quomodo datus Item de fide
323 681 1328 797 catholica capitulo 2o aliud est natum esse
328 741 1349 863 aliud producere ideo alius filius alius
329 812 1357 942 spiritus sanctus Ad idem est venerabile anselmus de
310 898 1339 1022 processione spiritus sancti 3o et 8 capitulis patet
322 964 1349 1093 igitur conclusio vera / primum corollarium contra doctorem
330 1041 1344 1159 subtilis libro primo distinctione 11 quaestione 27 circuscri
331 1116 1329 1229 pta spiratione activa filii filius
341 1188 1332 1305 a nullo distingueretur nec per filia
317 1261 1342 1368 tionem constitueretur probatur quia eadem
329 1329 1357 1451 entitas est omnino incomplexa filius
328 1393 1342 1511 spiratio eius activa et sua filiatio
325 1471 1316 1581 igitur quocumque circumscripto nichil filii
326 1542 1323 1650 remanebit / 2m corollarium contra Egidium
326 1611 1328 1722 primo quolibet quaestione 6 ockam aureolum si per
314 1677 1312 1806 possibile vel inpossibile sancti spiritus persona
311 1759 1317 1870 non foret producta nulla persona in di
323 1827 1317 1944 vinis foret simul genita et spirata
317 1898 1306 2019 patet quia adhuc sufficienter personae pro
326 1973 1329 2077 ducte distinguerentur una ab alia
323 2046 1314 2156 sicut patet ex 2a parte conclusionis 3m corollarium
323 2107 1290 2232 contra gregorius libro primo distinctione 11 articulo 2o haec
325 2161 1318 2279 consequentia non est omnino evidens et forma
312 2245 1318 2352 lis si spiritus non procederet spiritus sanctus
328 2315 1320 2445 non esset patet aliter enim sequitur quod spiritus
313 2388 1305 2513 sanctus non distingueretur a verbo si non pro
321 2448 1316 2571 duceretur quod est contra 2am partem conclusionis Ex quo
316 2534 1317 2649 videtur quod gregorium non consequenter dicat cum in
317 2598 1291 2723 primo articulo dicit quod filius et spiritus
317 2668 1318 2803 sanctus per aliquod complexum quam perspirationem
314 2762 1336 2882 sufficienter distinguatur et in 2o articulo dicit
301 2822 1294 2956 quod haec consequentia sit bona spiritus sanctus a
315 2902 1308 3029 filio non producitur igitur ab eo non distin
305 2986 1330 3113 guitur quia non esset spiritus ut dicit
302 3057 1312 3181 quae dicta iudicio meo non consequenter vi
298 3165 1305 3256 dentur se habere sed forte hoc est ratione
315 3213 1326 3301 ignorantiae meae igitur etc / contra istam
314 3292 1330 3393 conclusionem potest arguitur primo ex dictis doctoris
317 3357 1290 3485 subtilis distinctione 11 quaestione 2 quocumque aliquid
1508 427 2485 564 constituitur inesse eodem filiatione per
1523 515 2512 641 sonali igitur ea formaliter distinguitur ab
1514 599 2509 716 omni illa persona igitur circumscriptio per in
1507 671 2511 797 possibile vel possibile et maxime posteriori
1525 747 2541 860 filiatione remanebit filius personaliter
1505 820 2498 942 distinguitur a quacumque alia persona
1505 898 2483 1009 igitur non solum perspirationem / 2o contra
1516 962 2480 1087 eandem sic ex dictis doctoris sancti
1515 1033 2488 1152 in summa contra gentiles libro 4o capitulo 25
1514 1110 2496 1234 et parte prima quaestione 36 articulo 2 inter perso
1521 1180 2518 1312 nas divinas non potest esse distinctio nisi per
1505 1266 2506 1381 aliquam oppositum quae non potest esse nisi re
1499 1339 2508 1452 lativa ut prolixe deducit sed talis
1498 1417 2523 1536 oppositio relativa esse non potest nisi per
1498 1476 2512 1600 originem aliquam igitur si nulla erit
1508 1562 2503 1680 origio spiritus nec aliqua relatio igitur
1498 1642 2466 1729 nec distinctio vel aliqua oppositio quod
1505 1711 2490 1830 erat probandum 3o contra eandem potest
1498 1780 2483 1899 argui ex dictis egidii distinctione 11 parte
1508 1848 2501 1987 prima quaestione 3a ad distinctionem personarum
1509 1936 2486 2064 tria requiruntur pluralitas relationem de
1520 2004 2555 2130 signatio originationem diversitas suppositum
1483 2078 2482 2226 Sed certum quod hoc non esset inter filium
1491 2164 2468 2302 et spiritum sanctum se ipsum verbum non pro
1486 2239 2491 2366 duceret igitur quaestio falsa / Contra primum
1491 2325 2481 2433 corollarium potest argui per argumentum unum doc
1485 2376 2484 2519 toris subtilis libro primo distinctione 26 articulo primo
1502 2472 2479 2588 et facit argumentum contra oppositum propositi sicut
1485 2529 2487 2677 patet ibi articuli si corollarium esset verum sequitur
1478 2606 2491 2733 quod eodem distingueretur filius a patre
1491 2688 2494 2814 et spiritu sancto consequens esset falsum quia tunc
1489 2748 2493 2872 eandem haberet habitudinem ad utraque quod
1488 2831 2498 2964 est falsum et consequentia patet quia idem omnino
1486 2906 2476 3034 semper esset filiatio et spiratio igitur si sic
1486 2968 2527 3111 distinguitur per unum illorum ita et per al
1485 3062 2521 3182 terum // Contra 2m corollarium potest argui ex ratione
1494 3129 2521 3237 thomae de argentinis et est in virtute domini
1488 3204 2480 3327 Egidi et ponit thomas libro primo
1471 3278 2496 3381 distinctione 5 quaestione 2 articulo 2 et est ratio prima sic
1488 3345 2577 3464 generatio activa et spiratio activa in patre
