2964 4270
479 429 1468 577 et filio procedat quod nec genitus nec inge
496 516 1462 615 nitus dici vere valeat et arguitur primo quod
486 582 1465 714 non quia si spiritus sanctus non diceretur ge
489 652 1455 783 initus vere posset distinctum inter spirationem et
483 720 1494 849 generationem in via a theologo cognosci
490 795 1458 923 consequens falsum et contra beatum augustinum ut dicit magister
482 863 1464 998 in ista distinctionis 13 capitulo 3 Inter generationem
484 943 1485 1071 vero et spriationem dum hic unius distin
473 1021 1477 1142 guere non possumus igitur quaestio falsa 2o sit non
480 1086 1458 1225 plus negat negatio quam affimat affir
486 1161 1463 1293 matio igitur si affirmativa non erit vera
476 1221 1455 1379 spiritus est genitus sive falsa hoc erit
484 1300 1487 1448 vera spiritus sanctus est ingenitus 3o nulla
495 1370 1478 1517 est distinctio inter generationem et spira
483 1445 1452 1579 tionem igitur quaestio falsa consequentia nota et antecedens
485 1516 1488 1638 probatur quia illa foret differentia speci
491 1599 1492 1714 fica vel numeralis sed nullum istorum potest
495 1682 1461 1796 dici igitur nulla est distinctio consequentia patet
476 1734 1479 1882 quia si aliqua alia esset esset distinctio
492 1816 1451 1945 generis quae ibi non potest admitti
465 1908 1436 2036 In oppositum est determinatio magistri in
488 1957 1483 2106 littera istius praesentis distinctionis patet per mul
495 2035 1476 2147 ta verba et auctoritates sanctorum Ad idem est
494 2103 1482 2235 dictum Io 3o sic deus dilexit mun
482 2171 1452 2284 dum etc Et beatus augustinum 3 de trinitate capitulo
483 2242 1476 2370 6 prima conclusio quamvis ubi genero non sit
495 2317 1476 2448 spiritus sancti processio lege tamen stante
483 2385 1475 2530 qualiter una non sit alia a viato
480 2459 1477 2577 re non potest dari sufficiens ratio et evi
482 2524 1416 2653 deus ratio ista conclusio videtur esse expressa
474 2593 1478 2714 sententia damasceni libro 1 capitulo 10 Quoniam est quidam
474 2676 1474 2790 differentia generationis et processionis dicimus
466 2730 1457 2841 quis autem est modus dicere nequamquam ad
463 2810 1464 2939 idem sunt verba augustini 13 de trinitate capitulo 23 ubi
470 2870 1479 3010 videtur dicere quod illam veritatem in illa
456 2943 1434 3061 luce videbimus ubi nulla quaestio erit
450 3004 1483 3150 Ad idem sunt verba in praesenti distinctione ubi dicitur
459 3069 1474 3206 capitulo 4 quid autem inter nasci et procedere
463 3136 1474 3261 inter sit de illa excellentissima natura
464 3215 1456 3344 loquens quis explicare potest Et sub
462 3285 1451 3404 dit infra nescio non valeo non suf
453 3337 1469 3496 fici gregorius conclusio vera primum corollarium nulla
1634 425 2631 552 ratio super ipsos producentes fundata
1623 496 2660 625 est evidens hic in via quare una
1625 567 2622 695 processio non sit alia patet nam si aliqua
1620 642 2604 764 talis foret videretur esse beati augustini
1634 710 2613 825 15 de trinitate capitulo 27 Et anselmus monologion 55
1640 772 2667 905 quod spiritus est ad nobis filius vero tantum ab
1647 853 2643 975 uno sed ista ratio non videtur sufficere
1641 921 2603 1023 evidenter quia unitas vel pluralitas
1626 987 2628 1110 producentium omnio eodem et simili modo
1639 1054 2636 1165 ratione productionis non videtur vari
1646 1115 2664 1268 ae 2m corollarium quod diversitas harum proces
1662 1191 2641 1315 sionum ex diversitate principiorum quo
1643 1260 2655 1381 non potest sufficienter viatori evidenter
1650 1331 2653 1453 communicari probatur quia nullum eorum est principium
1635 1404 2664 1537 quo aliud a principio quod ipsum formaliter
1650 1481 2666 1619 et causaliter producit igitur corollarium verum 3m corollarium
1634 1548 2648 1683 quod nec ex modis procedendi nec ex super
1652 1611 2645 1761 positis productis potest ista distinctio suf
1646 1689 2648 1819 ficienter et evidenter viatori lege stan
1632 1757 2621 1883 te ostendi patet quia si modus procedendi
1634 1824 2622 1958 sufficit sed quod dicit augustinum 11 de trinitate capitulo 14
1636 1897 2658 2030 esset ideo quia verbum procedit quomodo na
1624 1969 2621 2094 tus spiritus sanctus vero non quo natus
1645 2041 2619 2169 sed quo datus sed haec ratio non ostendit
1644 2116 2658 2233 cur spiritus sanctus non quo natus proce
1630 2179 2676 2310 dat quare non sufficere videtur quod ex ipsis
1636 2250 2628 2374 productis non posset ostendi patet quia ma
1637 2336 2629 2464 xime videtur ex ratione sumpta anselmi
1644 2394 2632 2534 monologion 55 capitulo quia filius est verbum quod
1627 2471 2640 2576 pater intelligendo se producit et ex eo
1644 2533 2652 2676 simile rei intellectae cuius est verbum spiritus
1630 2610 2632 2736 autem est dominum autem non ex eo quod do
1642 2691 2626 2806 num est simile sed dissimile esse potest igitur etc
1630 2759 2615 2866 Sed haec ratio non manifestat quia
1622 2818 2643 2947 aeque incognitum est nobis quod spiritus
1631 2895 2583 3017 non sit verbum sicut quod ipse non sit
1633 2956 2658 3079 filius Item aeque similis est patri et filio
1648 3018 2677 3161 sicut filius est patri Item 3o intellectivo
1620 3097 2613 3213 et nolitio nullo modo distinguuntur ex natura
1620 3173 2655 3284 rei in deo quae ratio non omnino efficax
1610 3232 2651 3355 videtur igitur etc Sed contra ista sunt rationes ma
1613 3307 2614 3452 gistri hugolinus in quaestione circa ideo 10 11 12 13
