2964 4214
333 451 1345 599 bicis 18 igitur corollarium falsum / Contra 2m
343 535 1358 664 dictum illius corollario primi arguitur sic peccator
332 609 1341 732 tenetur esse in caritate igitur tenetur
345 699 1346 818 conteri igitur tenetur credere se esse in ca-
340 771 1343 868 ritate / et tunc ulttra omnis ad
329 832 1327 964 ultus vel in gratia vel extra gratiam
338 901 1351 1026 si est in gratia tenetur se credere esse
330 993 1353 1075 in gratia si non est in gratia adhuc
323 1060 1325 1185 tenetur tcredere se esse in caritate
318 1135 1332 1255 igitur corollarii prima pars falsa Contra 2m
317 1216 1326 1323 et 3m simul omnis perceptio est cogni-
328 1283 1332 1400 tio aliqualis igitur ad intensionem
319 1359 1313 1470 perceptionis sequitur intensio cog
331 1423 1290 1553 nitonis igitur videre quod 2m et 3m contradi-
316 1507 1307 1628 cant et per consequens male sunt posita
324 1587 1320 1691 ut videtur / Ad primum horum cum
319 1669 1315 1774 arguitur contra conclusionem aliquis potest scire se
325 1729 1294 1843 esse diginum etc nego assumptum et
329 1789 1310 1910 cum primo arguitur quia quis potest scire
317 1861 1312 1976 habere timorem filialem loquendo
314 1933 1308 2028 determinore formato nego illud ad
313 2009 1311 2113 illud de aluaham dico quod habent
314 2075 1312 2188 dei speciali revelatione indicante
320 2144 1295 2258 ad abam probationem per glossam ad illud
326 2221 1303 2340 petitiones vestrae dico quod ex glossa non
323 2291 1270 2413 plus habetur nisi quod in aliquibus
311 2369 1281 2450 credimus nos a deo esse exan-
311 2442 1327 2555 ditos et scimus forte effectum opta-
311 2510 1316 2621 tum evenisse sed ex hoc nichil sequitur
320 2579 1287 2680 contra dicta / Ad 2am probationem primi
316 2655 1288 2781 autem cum dicitur aliquis potest se scire
302 2730 1288 2841 omnia reliquesset nego consequentiam non
321 2804 1293 2910 enim ex operibus iustificamur Socrates
307 2864 1258 2984 eium simile fecit 2m Ierominum / ad 3am
305 2938 1252 3056 probationem cum dicitur quod aliquis
307 3015 1288 3129 potest se scire nullum habere timorem
317 3110 1302 3213 etc nego consequentiam quoniam posset aliquis ex puris
317 3160 1264 3274 naturalibus nullum habere timorem vel
305 3232 1268 3360 potest dici negando antecedens et dici quod haberet
295 3310 1272 3445 habitualem de quo non experieretur
1503 444 2496 604 sic forte fuit de petro / Ad rationem
1509 536 2491 665 primam contra primum corollarium quando dicitur sub nullo
1508 612 2500 719 articulio continetur nego illud quia continetur
1508 686 2463 805 sub illo Credo in sanctam ecclesiam
1503 760 2482 880 etc Et cum probatur quod non dico quod est
1494 816 2500 957 falsum est quia praecipit de recipientibus
1494 904 2483 1016 sacramenta primae ad corinthios 11 probet autem
1495 974 2520 1089 se ipsum homo etc multae sunt pro hac
1500 1036 2487 1152 responsione rationes et auctoritates etc / Ad
1485 1118 2450 1218 rationem contra aliam partem corallarii
1500 1202 2457 1297 primi Cum dicitur pecctor tenetur
1487 1263 2475 1380 esse in caritate igitur tenere conteri consequentiam
1471 1320 2502 1418 concedo et consequens et quando ultra arguitur pecctor
1480 1395 2485 1505 tenetur conteri igitur tenetur credere se
1483 1470 2484 1579 esse in caritate consequentia non valet quare
1486 1543 2508 1646 eam nego Ex hoc apparet quod monachus
1487 1600 2466 1697 niger non bene dicit ut videtur di-
1477 1679 2450 1791 cendo quod existens in peccato tenetur cre-
1467 1746 2466 1865 dere se esse extra caritatem et tenetur
1472 1807 2467 1934 credere se esse in caritate / Ad rationem
1485 1889 2466 2014 contra 2m et 3m corollarium simul cum dicitur
1479 1962 2452 2082 Omnis perceptio est cognitio licet
1464 2042 2515 2161 forte aliqui negarent ponentes
1482 2112 2479 2241 quod dilectio experimentalis est perceptio
1478 2198 2457 2305 non cognitio sicut ponit gregorius contra
1474 2260 2448 2387 adam sed tamen ego concedo antecedens Et
1462 2348 2467 2458 cum infertur igitur ad intensionem percep
1465 2423 2457 2515 tionis sequitur intensio cognitionis
1468 2489 2487 2624 posset concedere sed tamen non cognitionis ac
1474 2570 2485 2695 tualis de qua loquor tam in corollario
1466 2637 2487 2772 quam in conclusione / 3o posset quod talis cognitio
1479 2715 2459 2838 intenditur sed tamen non in esse cogni
1468 2790 2500 2916 tionis sed solum in esse experimenta
1457 2868 2467 2993 lis perceptionis / 3o conclusio quamvis cre
1450 2940 2515 3036 atae intelligentiae correspondeat essentiale actum
1466 3014 2457 3140 posse respectu alicuius missionis divinae
1474 3081 2465 3214 nullum tamen creatum posse respectu expre
1462 3164 2481 3288 ssionis verbi increati potest aliquo
1469 3235 2499 3364 modo per modum dicentis concurrere / primam
1453 3324 2529 3454 partem probo nam non plus transcendit
