2964 4255
349 386 1362 521 istam speciem / 3o possunt fieri rationes
355 457 1331 579 de speculo ligno polito calibe
335 527 1353 648 et aliis dimitto causa veritatis
350 600 1324 722 / primum corollarium esse talis speciei est
337 659 1370 787 esse spirituale non corporale vel re-
341 724 1343 842 ale probatur hoc corollarium primo quia
332 807 1343 894 non consequitur qualitates primas
328 878 1354 982 nec destruitur per eas quantumcumque
335 952 1348 1062 enim medium calefieret species non ex corrum-
342 1010 1335 1118 petur / 2o quia non habet contrarium / 3o
329 1084 1324 1178 quia non nisi consecutive corrumpitur
301 1130 1334 1261 vel generatur 4o quia non per se sed per a
326 1205 1330 1314 liud sentitur / 2m corollarium quod sine con
334 1273 1332 1391 fuse in eodem puncto est species partis
335 1336 1306 1454 et totius quod sine confuse patet quia
328 1405 1305 1491 ordinate videntur quod in eodem
329 1457 1333 1569 puncto patet ad sensum quia aliter
332 1522 1344 1641 non quilibet partio speculi sufficeret
339 1594 1323 1696 repraesentare ceteris paribus speciem to-
329 1660 1335 1764 tam quod est falsum igitur etc / 3m corollarium licet
338 1715 1320 1829 haec species dicatur multiplicari non tamen
321 1789 1338 1910 numeraliter sed virtualiter tantum probat corollarium
322 1889 1321 1987 quia sufficit quod tantum una et non
349 1936 1329 2029 plures ponantur nec experientia
333 2023 1317 2096 oppositum docet ut videtur quare
324 2077 1332 2175 corollarium verum / Contra ista dicta argu
331 2136 1300 2248 itur primo contra conclusionem quia angelus
308 2184 1354 2313 videtur ab angelo et tamen non multiplicat
320 2264 1322 2369 speciem sui in medio igitur conclusio falsa Con
326 2339 1321 2439 tra primum corollarium sequetur quod talis
323 2400 1320 2507 species non esset eiusdem speciei tamen
310 2484 1321 2575 illa quo causatur quod est falsum quia talis
317 2537 1335 2649 species non est nisi color reflexus
329 2600 1317 2714 sicut lumen est lux reflexa et consequentia
320 2673 1320 2777 satis patet / Contra 2m corollarium sequitur
309 2734 1347 2858 quod talis species extensior fieret sua causa
329 2816 1324 2909 vel obiecto a quo causatur quod non videntur
318 2867 1321 2987 dicendum et consequentia satis patet ad sensum / contra
299 2937 1320 3069 3m corollarium sequitur quod agens finitae virtutis
301 3014 1297 3145 agere posset in instanti quod est falsum consequentia patet
304 3092 1313 3210 quia si talis species tantum esset una
304 3153 1246 3274 sub isto causatur indistantia locali
307 3231 1339 3329 ad ista potest dici et primo ad primum cum
298 3277 1297 3391 dicitur quod angelus videtur etc dico
302 3342 1342 3477 quod non est simile quia angelus non est
1525 369 2532 479 visibilis sub ratione coloris sicut alia
1519 461 2501 571 obiecti de quibus loquor ad praesens
1525 533 2530 646 / ad rationem contra primum corollarium posset primo
1505 594 2533 702 dici consequens concedo nec video magnum
1520 660 2539 764 inconveniens sequi ad illud / 2o potest
1511 720 2537 831 dici consequentiam negando secundum argumentum probat
1516 789 2518 893 sed tamen ego magis consequnter loquendo habeo
1525 859 2556 968 tenere primam responsionem / Ad rationem
1522 919 2522 1019 contra 2m corollarium concedit magister bon-
1525 979 2527 1093 similant consequens nec habet ipsum pro incon-
1527 1049 2522 1159 veniti ego autem pro parte mea cum
1516 1111 2540 1232 talis species non dicatur proprie extensa
1516 1197 2512 1290 nego consequentiam quia non est extensa
1511 1247 2556 1373 cum in eodem situ sit pars et tota species
1507 1320 2514 1430 ipsa / Ad rationem contra 3m corollarium posset
1522 1378 2475 1506 primo dici quod agere in instanti non est
1522 1455 2535 1573 simpliciter infinitae virtutis quare tali
1506 1518 2516 1632 virtuti non repugnat / 2o potest dici quod
1504 1614 2479 1709 talis species non subito causatur per
1495 1666 2479 1757 hoc patet quod dicedum ad quaestionem et ad rationes
1519 1740 1987 1848 principales etc
1666 1769 2470 1884 am nunc accedamus haec distinctio
1666 1850 2491 1947 ad praecendetem continuatur quia
1673 1915 2460 2016 postquam magis determinavit
1481 1979 2478 2073 de missione visibili nunc determinare
1493 2054 2515 2154 intendit de spiritus sancti infusione
1495 2119 2454 2222 missione invisibili et dividitur haec
1487 2196 2512 2300 distinctione in tres partes nam primo magister
1476 2253 2541 2368 de dilectione et caritate ponit suam
1492 2323 2502 2420 intentionem 2o quaerit et determinat
1492 2397 2496 2491 modum per quem caritas recipit au
1486 2452 2519 2556 gmentum in nobis et intensionem
1492 2514 2548 2611 3o recitat cum intentione motivis
1488 2585 2508 2679 oppositam oppinionem tunc 2a pars in-
1499 2648 2529 2765 cipit ibi hic quaeritur si caritas spiritus
1493 2715 2502 2840 sancti est 3a ibi supra dictum est quod spiritus
1499 2762 2572 2906 sanctus prima pars principalis quae est praesentis
1490 2863 2483 2960 lectionis dividitur in 3s partes nam
1498 2928 2528 3048 primo magister ponit propriam oppinionem
1487 2999 2496 3100 / 2o suae oppinionis annecterit confir-
1480 3095 2521 3191 mationem et 3o removet quandam
1490 3136 2514 3243 cavillationem / tunc 2a pars est ibi
1481 3207 2558 3316 ne autem in re tanta 3a ibi ne forte
1478 3277 2440 3394 aliquis et haec est sententia in generali
1615 3345 2528 3480 trum sola meritati spiritus natura
