2964 4288
471 385 1470 535 sit dilectio fruitiva qua mens ratio
500 460 1446 590 nalis viatoris intrinsece formaliter et
500 523 1443 682 sufficienter est iusta et arguitur
494 584 1476 753 quod non quia sola caritas dividitur
488 666 1477 812 inter filios regis perditionis 2m augustinum
488 743 1472 866 19 de trinitate capitulo 18 sed talis caritas
488 812 1490 935 nono est increati spiritus natura sicut
478 883 1438 1029 insolubiliter sed quod dicit gregorius distinctione
496 934 1475 1075 17 ista quaestione prima articulo primo haberi
494 1039 1455 1166 potest ex illis auctoritatibus primo
493 1087 1464 1244 cor 13 si linguis hominum etc et
493 1169 1441 1306 Romanos 11 Caritas dei diffusa etc et
500 1201 1507 1380 sequitur quod quaestio sit falsa ¶ 2o sic inpossibile
492 1289 1486 1448 est creati spiritus naturam menti rationali
493 1366 1504 1529 esse forma intrinsicam igitur quaestio falsa consequentia
485 1445 1480 1598 non sicut patet ex terminis antecedens arguitur
485 1531 1448 1658 primo quia repugnat sibi in
484 1592 1482 1739 haerentia subiectiva ¶ 2o quia
479 1647 1483 1799 mens formaliter haberet iustitiam
490 1726 1455 1871 immensam igitur ¶ 3o quia tunc non
495 1783 1462 1951 esset alia salus qua dicit dicitur deus
496 1871 1453 2041 in se salus saluus et illa qua
489 1933 1484 2126 saliui sunt quos ipse salvos facit
502 2038 1470 2175 contra beatum augustinum in libro de gratia novi
493 2099 1494 2270 testamenti igitur quaestio falsa ¶ 3o sic ca
488 2148 1501 2347 ritas creata meritorium actu efficre
491 2231 1500 2401 igitur intrinsece formaliter et sufficienter men
507 2307 1425 2459 tem rationalem iustam reddit
506 2369 1435 2544 consequentia satis non antecedens habetur de
505 2435 1471 2610 prima distinctione 2a Caritas ubi dicitur
509 2507 1462 2683 Caritas operosa in perserverantibus
507 2596 1485 2735 et primae corinthios 15 habundationis
494 2659 1484 2803 omnibus laboram non ego si gratia
490 2724 1472 2862 dei mecum ¶ In oppositum arguitur
498 2779 1489 2937 nulla natura praeter istam sufficit men
496 2864 1475 3004 tem intrinsece et formaliter iusti
505 2922 1505 3074 ficare et haec sufficit igitur quaestio vera quando
486 2998 1443 3154 nota ab ex ponentibus ad expositam
489 3069 1520 3209 et antecedens tenet communiter a doctoribus
481 3151 1500 3300 et potest probari nam quod haec natura potest
474 3229 1474 3382 patet quia spiritus sanctus sive donis in com
488 3287 1502 3454 plexis potest dari sicut supra est proba
491 3372 1463 3539 tum quod nichil aliud possit patet quia
1636 348 2694 516 tunc aliquid aliud aliud quam deus po
1638 434 2654 576 sset mentem rationalem iustificare
1639 506 2602 625 ymmo sine deo quod est falsum omnio igitur etc
1608 572 2696 708 ¶ Primum conclusio sola gratia praedestinationis
1627 644 2643 771 est ratio sufficient meritoria cuius
1639 704 2636 839 cumque creatae dilectionis haec conclusio sic
1639 766 2675 898 est intelligenda quod ratio quare di
1643 850 2676 955 lectio creata sine habitualis sive ac
1651 896 2679 1025 tualis est meritoria gratia est sola
1642 973 2699 1100 formaliter praedestinationis probatur
1646 1035 2661 1165 conclusio primo ex dictis augustini libro de haeresi
1637 1110 2616 1221 bus capitulo 8 quia per hanc sola potest
1649 1167 2661 1306 quis adimpleri finaliter divinam
1645 1237 2640 1355 mandata ¶ 2o quia hinc soli
1645 1296 2673 1442 correspondet ratio acceptationis 3o quia
1648 1361 2670 1503 haec sola mentem vita beata re
1642 1458 2679 1564 ddit dignam ¶ primum corollarium contra
1632 1499 2656 1625 doctorem subtilem distinctione hac 17 quaestione 2
1642 1577 2668 1696 responsione propria circumstantia acceptatio
1639 1634 2664 1762 nis non potest esse mendium convicens
1640 1709 2676 1834 creatum habitum menti infusa dilectionis
1633 1766 2655 1910 probatur ex conclusione quia illa sola est
1649 1845 2703 1956 gratia praedestinationis et nulla alia
1621 1908 2665 2039 igitur corollarium verum ¶ 2m corollarium contra eundem
1645 1966 2665 2100 actum esse meritorium non est in hominis
1660 2035 2682 2174 parte etiam stante generaliter influentia
1648 2110 2657 2241 et gratia in mente probatur quia non
1654 2185 2650 2303 est in hominis potestate quod eius actus
1648 2242 2671 2373 sit deo acceptus finaliter Et con
1638 2318 2659 2467 firmatur quia non esset ratio quare
1654 2393 2661 2513 actus non esset meritorius in patria
1657 2462 2655 2595 sicut in via cum omnem causalitatem
1648 2525 2662 2654 quam homo habuit in via respectu sui ac
1659 2585 2676 2708 tus habebit vel etiam perfectione in patria
1650 2658 2661 2774 summendum est tamen hic esse in potestate
1642 2720 2651 2866 hominis proprie sciet causaliter immediate et ef
1657 2791 2670 2932 fective et tunc concordat corollarium cum hiis
1637 2865 2688 2981 qui dicentur in 2o libro circa 27 et 28
1633 2923 2677 3055 distinctione conclusione prima ¶ 3m corollarium contra eundem
1647 3002 2658 3130 ibidem nullis ordo causalis est
1643 3075 2659 3173 habitus potentiae et dei respectu actus boni
1654 3132 2679 3252 inessee acceptationis vel meritorii
1636 3196 2675 3324 patet satis expraemissis quia soli deo
1640 3267 2631 3381 correspondet ex quibus patet solo primae
1632 3335 2717 3474 rationis principalis scilicet quod illae auctritates
