2964 4132
402 380 1356 499 qualiter qualiter non potest producere probarum
407 483 1378 579 quia si sic sequitur quod qualiter non potest produ
407 528 1352 643 cere aliqualiter producit consequens videtur in
411 593 1363 729 pluriae et consequentia satis patet 6a quam ego
403 689 1371 791 pono ex hiis contra praedictum patrem est
398 737 1354 858 haec primus vultus non est ad extra
396 806 1341 918 prodictductuns qualiter non principiat
400 872 1351 998 vel principalie vel producere potest hanc probo
397 965 1366 1079 sic si non esset ur se quod aliqualiter
410 1011 1361 1141 principiaret qualiter non principiut nec
396 1089 1363 1207 principalie posset patet quia ad extra principalie
404 1174 1380 1293 secundum hanc oppositum est aliqualiter principalie
401 1247 1378 1373 2o sic qualiter principiat ad extra taliter principali
404 1319 1374 1441 adintra igitur propositio mam u et sua non consequentia
407 1391 1371 1509 tet antecedens probo quia perfecte et infinite
394 1454 1347 1573 principiat ad extra et taliter principiat
401 1522 1359 1639 ad intra 3o sic nam primus vultus non
398 1589 1342 1712 aliter principiat ad extra quam principiat
391 1656 1368 1790 igitur propositio mea vera quae est suae contradictio
406 1739 1349 1826 consequentia nota antecedens arguo sic non aliter quod omni
413 1799 1359 1902 pont principiat ad intra et taliter principi
398 1863 1351 1979 ad extra igitur non aliter producitur ad extra quam
396 1925 1379 2052 principiat simpliciter ad intra quod erat produm
401 1996 1349 2125 sed contra ista et pro sua arguit praedictus
396 2073 1360 2216 pater sic tribus rationibus deus pater
404 2147 1388 2288 continenter principiat ad extra et taliter non princip-
400 2237 1399 2351 cipiat nec principalter potest igitur propositio mea falsa
401 2296 1371 2408 2o sic qualitercumque deus principiat
402 2363 1361 2494 taliter principiat continer principi conclusio falsa igitur
404 2441 1368 2555 aliqua praemissorum non minor igitur maior 3o
383 2510 1390 2633 sic qualitercumque deus principiat ad
397 2571 1373 2706 extra taliter principiat sed taliter principit
395 2646 1383 2788 ad extra quod incipit vel incepit principie
390 2721 1367 2841 ad extra igitur taliter principiat consequensum igitur ad
381 2792 1368 2903 hoc sine dubio respondere non sufficio
385 2867 1311 2994 cum pureter dico sicut puer quod iste
397 2935 1373 3050 formae non valent quia arguitur in
406 3008 1393 3131 prima figua bore existente nega forma
400 3077 1387 3210 liter vel aequalenter ubi nichil sequitur
386 3148 1383 3270 scit ipse scit melius me tiam arguitur siuar
395 3230 1363 3345 qualitercumque est deus taliter fuit
1532 352 2520 484 ab aeterno sed taliter deus est quod non est suve
1542 438 2469 543 creatura igitur taliter fuit ab aeterno quod
1538 507 2496 608 non fuit sine creatura aliae prisesunt
1544 572 2520 676 esse responsiones quas reservo causa beviter
1540 634 2517 753 usque ad 2m principium patet igitur quid dicendum ad
1549 706 2511 818 primam rationem primi principalis sed tunc
1542 775 2526 887 ad confirmationem quia primus ultus
1545 855 2501 966 sic principiat ad productionem qua
1532 921 2493 1020 producit unius requirit et taliter non
1529 984 2515 1093 principiat ad producendum a maius
1535 1056 2541 1169 quod est primum corollarium 3ae conclusionis quod sic ia
1530 1128 2521 1235 cet informa haec consequentia non valet ad hoc
1544 1204 2482 1297 quod a principiat b quod est minus requi
1540 1263 2496 1389 videtur alius aba igitur ad hoc quod a principium
1532 1344 2520 1439 capitulo quod maius est requiri alius ab a
1537 1400 2517 1515 patet quia ad hoc quod pater principit
1535 1470 2489 1590 cipidem requirit alium asee non
1522 1538 2551 1654 ad hoc quod principiat filium / A propositum
1531 1614 2508 1729 huius contradictum pono sicut iag forma
1517 1680 2511 1800 probo sic quniam inpossibile est patrem esse
1538 1750 2510 1871 sive alio ab eotam inpossibile est mda
1540 1815 2536 1946 sine alio producere sed simpliciter inpossibilem
1540 1891 2541 2010 est primum igitur et 2m igitur neccesse est ipsum unum
1532 1966 2523 2084 cum alio producere nolo tamen dicere quod patrer
1547 2031 2526 2154 principiat unum comprincipalte cum eo quipites
1535 2103 2529 2220 nec ipse hoec addit nec optei me atius
1535 2175 2541 2301 hoc ponere Et hoc de primo ex toto istius
1548 2240 2520 2369 principalis / ad 2am rationem 3m principalis cum
1528 2309 2494 2425 arguebatur sic primus vultus noper
1540 2400 2534 2507 est praescicius omnium etc ubi est alia in ¶
1538 2472 2463 2579 eodem patre meo pono propositiones
1547 2544 2492 2663 prima contra sanctum est homam libro distincion o
1534 2620 2522 2713 et per 1 quaestione 14 articulio 13 in solutione arguientus
1534 2676 2503 2799 ulti nullum praescitium est simul contingens
1528 2743 2541 2872 et necessarium probatur quia si est contingentiam
1533 2823 2558 2940 praestitum potest non fore praestitum et si neccessario
1536 2908 2496 3018 non potest non fore praestitum sed hoc repr
1531 2974 2503 3104 pugnat igitur propositio vera 2 propositio quam
1531 3058 2502 3158 ponit doctor profundus libro 1 Cis
1529 3127 2484 3227 et indicitur contramaginum libro 1 distinctione 38 capitulo 4 Res
1534 3192 2487 3279 praescite non sunt causasqua non praescientiae
1529 3255 2505 3356 tiae divinae probatur si aliquimodo essentis
