2324 3240
277 154 312 49 hitherto
511 154 286 49 through
719 154 182 49 the
822 154 312 49 Decades.
1030 154 156 49 Here

271 219 205 49 unto
399 219 332 49 belongeth
655 219 307 49 Charitie
885 219 230 49 also,
1013 219 179 49 which

269 284 146 50 is
342 284 121 50 a
390 284 413 50 communicating
730 284 146 50 of
803 284 267 50 riches,
998 284 146 50 or
1046 284 146 50 well

267 350 262 48 doing,
450 350 289 48 whereof
660 350 184 48 wee
765 350 210 48 have
896 350 236 48 saide
1028 350 157 48 some

278 414 187 50 what
394 414 280 50 alreadie
605 414 140 50 in
675 414 164 50 the
768 414 210 50 first
909 414 257 50 Decade,
1072 414 117 50 and

268 478 204 50 will
395 478 204 50 have
522 478 306 50 somewhat
752 478 204 50 else
879 478 153 50 in
956 478 204 50 this
1058 478 127 50 Ser

214 543 216 48 mon.

377 611 281 50 Neyther
582 611 230 50 doeth
735 611 204 50 Luke
862 611 153 50 in
939 611 179 50 the
1015 611 179 50 Actes

264 672 199 50 make
389 672 274 50 mention
588 672 150 50 of
663 672 174 50 any
762 672 224 50 other
912 672 274 50 things,
1086 672 100 50 de

264 736 318 52 scribing
502 736 212 52 what
635 736 265 52 manner
820 736 159 52 of
900 736 265 52 Church
1059 736 133 52 the

267 803 315 50 faithfull
509 803 315 50 primitive
751 803 242 50 Church
921 803 145 50 of
969 803 218 50 Christe

271 866 192 53 was,
391 866 216 53 being
535 866 264 53 founded
727 866 144 53 by
800 866 168 53 the
896 866 312 53 Apostles,
1112 866 72 53 &

270 931 183 49 what
384 931 183 49 were
499 931 160 49 the
590 931 297 49 principal
818 931 228 49 points
956 931 228 49 thereof.

276 994 202 53 They
402 994 202 53 were
528 994 378 53 continuing,
830 994 252 53 sayeth
1007 994 176 53 he,
1082 994 101 53 in

272 1059 172 49 the
371 1059 295 49 doctrine
592 1059 148 49 of
666 1059 172 49 the
765 1059 320 49 Apostles,
1011 1059 172 49 and
1085 1059 98 49 in

261 1123 494 51 communicating,
672 1123 192 51 and
782 1123 165 51 in
864 1123 329 51 breaking
1083 1123 110 51 of

260 1188 224 53 bread
409 1188 174 53 and
509 1188 149 53 in
583 1188 273 53 prayer.
782 1188 224 53 Under
931 1188 224 53 these
1056 1188 124 53 few

273 1258 232 49 points
435 1258 162 49 all
528 1258 325 49 godlinesse
783 1258 139 49 is
853 1258 325 49 comprised.
1085 1258 93 49 Un

279 1322 135 49 to
346 1322 157 49 the
436 1322 404 49 Ecclesiastical
772 1322 292 49 ministery
997 1322 157 49 are
1064 1322 112 49 joy

265 1388 157 48 ned
354 1388 202 48 these
489 1388 179 48 that
601 1388 224 48 folow.
757 1388 291 48 Christian
959 1388 224 48 schooles

260 1452 179 52 have
371 1452 156 52 the
461 1452 201 52 first
595 1452 224 52 place,
751 1452 201 52 which
885 1452 201 52 being
997 1452 179 52 foorth

259 1518 122 51 a
307 1518 342 51 plentifull
576 1518 293 51 increase
796 1518 146 51 of
869 1518 317 51 Prophetes
1088 1518 98 51 or

258 1582 323 50 Ministers
507 1582 149 50 of
581 1582 174 50 the
681 1582 273 50 Church.
880 1582 174 50 All
954 1582 224 50 nations

262 1646 221 50 unles
410 1646 197 50 they
533 1646 197 50 were
656 1646 344 50 altogether
902 1646 270 50 barbarous

258 1713 189 50 have
377 1713 354 50 understoode
660 1713 189 50 that
778 1713 260 50 without
944 1713 236 50 schooles

256 1779 163 46 no
337 1779 352 46 kingdomes
608 1779 163 46 or
689 1779 271 46 common
879 1779 271 46 weales
1042 1779 135 46 can

267 1843 271 49 happily
464 1843 148 49 be
538 1843 369 49 maintained.
833 1843 172 49 And
907 1843 271 49 therefore

256 1907 188 47 not
364 1907 242 47 onely
525 1907 242 47 Moses
686 1907 161 47 in
766 1907 188 47 the
874 1907 215 47 book
1008 1907 161 47 of
1062 1907 107 47 Ge

253 1970 231 50 nesis,
414 1970 162 50 but
507 1970 185 50 also
622 1970 231 50 Strabo
784 1970 138 50 in
853 1970 162 50 the
945 1970 162 50 17.
1014 1970 162 50 booke

248 2035 146 49 of
321 2035 170 49 his
418 2035 365 49 Geographie,
710 2035 316 49 reporteth
953 2035 170 49 how
1026 2035 146 49 that

252 2100 230 49 among
406 2100 179 49 the
508 2100 333 49 Egyptians
764 2100 205 49 were
867 2100 307 49 instituted

256 2164 198 52 most
380 2164 247 52 famous
553 2164 321 52 Colledges
800 2164 173 52 for
898 2164 296 52 Priestes
1096 2164 74 52 &

254 2231 455 49 Philosophers.
629 2231 348 49 Histories
897 2231 214 49 also
1004 2231 161 49 make

246 2294 284 50 mention,
459 2294 189 50 that
578 2294 166 50 the
673 2294 189 50 most
791 2294 213 50 noble
933 2294 166 50 men
1028 2294 142 50 of
1075 2294 95 50 al

249 2357 178 52 the
350 2357 280 52 worlde,
554 2357 331 52 travayled
809 2357 204 52 into
937 2357 229 52 Egypt
1064 2357 102 52 to

243 2422 298 51 obtaine
460 2422 352 51 wisedome,
731 2422 163 51 in
812 2422 244 51 which
947 2422 217 51 number

254 2489 190 47 Plato
380 2489 169 47 also
486 2489 127 47 is
549 2489 190 47 saide
676 2489 127 47 to
739 2489 127 47 be
802 2489 148 47 the
887 2489 190 47 first
1013 2489 127 47 of
1056 2489 105 47 the

244 2552 247 51 chiefe
417 2552 173 51 and
516 2552 346 51 principall
788 2552 223 51 among
937 2552 173 51 the
1011 2552 148 51 Phil

229 2618 293 49 losophers.

330 2682 272 50 Neither
528 2682 148 50 is
602 2682 148 50 it
676 2682 371 50 unadvisedly
948 2682 223 50 written

260 2746 142 50 in
331 2746 166 50 the
426 2746 214 50 booke
569 2746 142 50 of
640 2746 166 50 the
735 2746 261 50 Kinges,
925 2746 190 50 that
1020 2746 142 50 Salo

249 2811 183 47 mon
353 2811 314 47 excelled
589 2811 183 47 the
693 2811 209 47 wise
824 2811 183 47 men
929 2811 157 47 of
1007 2811 183 47 the
1086 2811 78 47 E

250 2876 299 52 gyptians
474 2876 149 52 in
549 2876 324 52 wisedome.
798 2876 174 52 And
897 2876 174 52 not
997 2876 224 52 onely

255 2940 199 50 the
368 2940 399 50 Egyptians,
682 2940 199 50 but
795 2940 228 50 also
938 2940 199 50 the
1023 2940 171 50 Pale

256 3007 313 39 stines,
483 3007 142 39 a
540 3007 284 39 Nation
739 3007 228 39 more
881 3007 284 39 famous
1052 3007 142 39 for

1222 156 247 55 warres
1395 156 197 55 than
1518 156 173 55 for
1617 156 321 55 learning,
1864 156 173 55 are
1962 156 222 55 sayde

1219 222 155 53 to
1297 222 206 53 have
1425 222 180 53 had
1528 222 232 53 their
1683 222 309 53 Priests,
1915 222 155 53 of
1992 222 206 53 whom

1225 289 177 51 they
1336 289 199 51 asked
1468 289 243 51 cousell
1645 289 133 51 in
1712 289 243 51 matters
1889 289 133 51 of
1955 289 221 51 doubt,

1208 353 163 52 as
1289 353 298 52 writeth
1506 353 271 52 Samuel
1696 353 163 52 in
1777 353 190 52 his
1886 353 244 52 holie
2022 353 108 52 Hi

1202 416 188 49 storie.

1317 484 169 47 And
1413 484 241 47 Daniel
1582 484 193 47 also
1702 484 361 47 witnesseth,
1991 484 193 47 that

1208 545 190 51 the
1317 545 408 51 Babylonians
1643 545 190 51 had
1752 545 245 51 moste
1915 545 272 51 famous

1214 611 325 50 Schooles,
1464 611 150 50 as
1539 611 200 50 also
1664 611 175 50 had
1763 611 175 50 the
1863 611 225 50 Medes
2013 611 175 50 and

1217 678 333 47 Persians,
1474 678 205 47 from
1602 678 256 47 whence
1781 678 256 47 sprang
1935 678 205 47 foorth

1221 740 227 50 their
1372 740 227 50 Magi,
1524 740 126 50 I
1574 740 227 50 would
1726 740 202 50 saye
1852 740 202 50 wise
1978 740 202 50 men,

1213 804 252 51 notable
1396 804 137 51 in
1465 804 160 51 all
1556 804 252 51 parties
1739 804 137 51 of
1808 804 366 51 Philosophie.

1220 869 117 50 I
1266 869 210 50 neede
1407 869 164 50 not
1500 869 140 50 to
1570 869 234 50 speake
1734 869 164 50 any
1827 869 210 50 thing
1967 869 140 50 of
2014 869 117 50 the

1220 933 303 51 Greekes
1441 933 193 51 and
1551 933 331 51 Romanes,
1799 933 248 51 since
1937 933 193 51 there

1209 998 153 51 is
1286 998 153 51 no
1363 998 179 51 man
1465 998 179 51 but
1567 998 281 51 knoweth
1772 998 230 51 their
1925 998 205 51 most
2028 998 102 51 fa

1208 1064 217 48 mous
1343 1064 244 48 Citie
1506 1064 163 48 of
1588 1064 298 48 Athens,
1805 1064 244 48 which
1967 1064 163 48 is
2022 1064 108 48 so

1211 1128 210 50 much
1342 1128 262 50 spoken
1525 1128 157 50 of
1604 1128 157 50 by
1683 1128 183 50 all
1787 1128 288 50 learned
1971 1128 157 50 men.

1218 1192 161 50 and
1310 1192 184 50 also
1425 1192 161 50 the
1516 1192 229 50 goodly
1677 1192 298 50 Colledges
1907 1192 138 50 of
1975 1192 207 50 their

1207 1254 330 55 Priests
1447 1254 210 55 and
1567 1254 480 55 Southsayers.
1957 1254 210 55 But
2047 1254 90 55 o

1206 1322 280 49 mitting
1409 1322 280 49 foreine
1613 1322 331 49 examples,
1867 1322 178 49 let
1969 1322 153 49 us
2020 1322 102 49 al

1215 1387 217 52 ledge
1359 1387 169 52 our
1456 1387 193 52 owne
1576 1387 144 52 or
1648 1387 193 52 such
1769 1387 144 52 as
1841 1387 169 52 are
1913 1387 217 52 Ecclesi

1185 1453 233 49 asticall.

1257 1518 213 49 God,
1391 1518 187 49 who
1497 1518 213 49 gave
1631 1518 213 49 unto
1764 1518 187 49 his
1870 1518 293 49 people,
2057 1518 80 49 a

1198 1581 233 48 moste
1353 1581 310 48 absolute
1586 1581 259 48 fourme
1767 1581 155 48 of
1845 1581 155 48 an
1922 1581 259 48 happie

1209 1642 270 52 Common
1398 1642 243 52 weale
1560 1642 189 52 and
1668 1642 351 52 kingdome,
1912 1642 216 52 distri

1208 1708 202 52 buted
1342 1708 269 52 schooles
1544 1708 247 52 through
1724 1708 225 52 fortie
1881 1708 157 52 and
1971 1708 202 52 eight

1207 1771 256 54 townes
1387 1771 154 54 of
1464 1771 179 54 the
1566 1771 282 54 realme.
1771 1771 231 54 Those
1925 1771 256 54 townes

1196 1839 151 51 by
1271 1839 252 51 reason
1448 1839 151 51 of
1523 1839 176 51 the
1624 1839 352 51 Philosophy
1901 1839 277 51 Levits,

1206 1900 205 53 were
1335 1900 256 53 called
1514 1900 384 53 Leviticall.
1821 1900 179 53 For
1924 1900 179 53 hee
2001 1900 128 53 had

1202 1968 354 50 consecrated
1485 1968 165 50 all
1580 1968 165 50 the
1674 1968 330 50 Leviticall
1933 1968 236 50 Tribe,

1201 2028 202 54 unto
1327 2028 177 54 the
1428 2028 353 54 Priesthood
1705 2028 177 54 and
1806 2028 151 54 to
1857 2028 252 54 studies:

1209 2094 154 56 not
1297 2094 154 56 for
1385 2094 176 56 that
1496 2094 132 56 it
1562 2094 154 56 was
1650 2094 154 56 not
1738 2094 176 56 also
1848 2094 221 56 lawful
2003 2094 154 56 for

1201 2157 330 54 Gentlemen
1455 2157 152 54 of
1531 2157 229 54 other
1683 2157 254 54 Tribes
1861 2157 152 54 to
1912 2157 203 54 studie

1198 2222 362 55 Philosophie
1488 2222 145 55 or
1560 2222 314 55 wisedome:
1802 2222 169 55 but
1899 2222 266 55 because

1199 2286 178 57 the
1300 2286 280 57 Levites
1504 2286 203 57 were
1631 2286 381 57 peculiarlie
1911 2286 203 57 appoin

1202 2355 149 49 ted
1287 2355 170 49 unto
1393 2355 170 49 holy
1500 2355 256 49 studies.

1216 2413 174 62 For
1316 2413 149 62 it
1390 2413 149 62 is
1465 2413 299 62 evident,
1689 2413 199 62 that
1814 2413 199 62 Clay
1939 2413 174 62 and
2013 2413 100 62 Da

1201 2480 204 55 niel,
1337 2480 158 55 two
1428 2480 136 55 of
1496 2480 158 55 the
1586 2480 181 55 most
1699 2480 226 55 bright
1858 2480 226 55 lights
2016 2480 136 55 of

1191 2545 188 54 them
1308 2545 188 54 that
1425 2545 328 54 prophecied
1683 2545 188 54 were
1800 2545 141 54 of
1871 2545 164 54 the
1941 2545 164 54 tribe

1187 2609 174 55 of
1274 2609 261 55 Juda.
1448 2609 261 55 Other
1622 2609 290 55 Tribes
1825 2609 232 55 also
1941 2609 174 55 have

1195 2672 250 57 brought
1377 2672 228 57 foorth
1537 2672 137 57 mi
1605 2672 205 57 right
1742 2672 273 57 singular
1947 2672 137 57 in
1992 2672 114 57 all

1191 2736 205 55 kind
1320 2736 154 55 of
1397 2736 359 55 knowledge.
1679 2736 180 55 And
1781 2736 231 55 those
1910 2736 205 55 townes

1187 2799 301 57 likewise
1412 2799 200 57 were
1538 2799 251 57 called
1713 2799 351 57 Leviticall
1989 2799 175 57 and

1190 2863 310 59 Priestly,
1428 2863 167 59 not
1524 2863 191 59 that
1643 2863 262 59 Preists
1833 2863 214 59 onely
1952 2863 167 59 dwelt

1167 2932 160 54 in
1247 2932 240 54 them,
1407 2932 187 54 but
1514 2932 293 54 because
1728 2932 213 54 they
1861 2932 187 54 had
1941 2932 160 54 Syna

1169 3003 248 43 gogues
1343 3003 149 43 in
1417 3003 223 43 them.
