2324 3240
237 125 161 51 But
329 125 138 51 at
398 125 161 51 the
489 125 321 51 tabernacle
742 125 138 51 in
811 125 207 51 Silo,
948 125 161 51 and
1017 125 115 51 spe

218 191 221 49 cially
372 191 132 49 in
439 191 155 49 the
527 191 177 49 city
637 191 132 49 of
704 191 265 49 Jerusale
902 191 199 49 there
1013 191 110 49 was

214 254 113 52 a
260 254 250 52 schoole
441 254 318 52 surpassing
691 254 159 52 all
782 254 227 52 other,
940 254 113 52 &
986 254 136 52 in
1031 254 91 52 ma

220 319 152 49 ner
307 319 130 49 of
372 319 130 49 an
437 319 347 49 universitie,
718 319 130 49 as
783 319 173 49 they
892 319 173 49 call
1000 319 173 49 them

226 383 170 50 now
323 383 268 50 adaies.

277 445 170 53 And
374 445 170 53 the
471 445 194 53 same
592 445 218 53 holie
737 445 291 53 historie
931 445 194 53 witnes

230 509 194 52 seth
351 509 194 52 that
473 509 194 52 most
594 509 243 52 famous
764 509 170 52 men
861 509 170 52 had
958 509 170 52 the
1031 509 97 52 go

225 573 301 52 vernment
451 573 151 52 of
526 573 226 52 those
677 573 326 52 schooles.
928 573 176 52 For
1003 573 126 52 wee

214 637 215 51 read
348 637 161 51 in
429 637 215 51 Kama
563 637 215 51 that
697 637 295 51 samuel,
912 637 188 51 who
993 637 134 51 was

224 702 157 52 the
313 702 202 52 verie
448 702 270 52 chiefest
650 702 135 52 in
718 702 157 52 all
808 702 292 52 wisedome,
1010 702 112 52 god

224 767 257 49 lines,
404 767 180 49 and
507 767 334 49 learning,
764 767 180 49 was
841 767 282 49 governour

232 832 152 49 and
319 832 283 49 principal
537 832 131 49 of
602 832 240 49 Naioth,
777 832 174 49 that
885 832 131 49 is
951 832 131 49 to
994 832 131 49 say,

235 895 134 51 ye
302 895 201 51 Burse
435 895 156 51 (as
525 895 178 51 they
636 895 201 51 terme
770 895 156 51 it)
859 895 134 51 or
904 895 223 51 Colledge

219 957 160 52 of
299 957 374 52 Prophetes.
593 957 267 52 Helias
780 957 187 52 and
860 957 267 52 Heliieus

221 1025 168 47 the
317 1025 192 47 most
437 1025 240 47 cleare
605 1025 264 47 lightes
797 1025 144 47 of
869 1025 168 47 the
941 1025 192 47 Church

222 1088 139 48 of
291 1088 255 48 Israel,
477 1088 185 48 were
593 1088 209 48 rules
732 1088 185 48 over
848 1088 162 48 the
917 1088 209 48 schoole

217 1153 161 47 of
298 1153 296 47 Hierico
513 1153 188 47 and
620 1153 296 47 Gilgal.
835 1153 215 47 That
943 1153 188 47 naugh

215 1215 164 48 tie
308 1215 280 48 Jeroboam
518 1215 164 48 did
612 1215 164 48 pul
705 1215 210 48 downe
846 1215 140 48 ye
892 1215 234 48 schooles

216 1279 163 49 and
309 1279 210 49 tread
449 1279 210 49 under
589 1279 210 49 foote
729 1279 163 49 the
823 1279 210 49 order
963 1279 140 49 of
1009 1279 117 49 the

222 1346 279 50 Priests,
431 1346 162 50 and
524 1346 232 50 places
686 1346 255 50 without
872 1346 162 50 all
941 1346 186 50 choice

220 1412 203 44 some
346 1412 203 44 that
473 1412 203 44 were
600 1412 152 44 of
676 1412 177 44 the
777 1412 253 44 refuse
955 1412 152 44 of
1005 1412 127 44 the

231 1473 219 53 people
384 1473 131 53 in
450 1473 197 53 their
560 1473 197 53 places.

261 1537 183 48 But
366 1537 183 48 the
470 1537 183 48 men
575 1537 157 48 of
654 1537 183 48 God
758 1537 262 48 Helias
942 1537 183 48 and
1020 1537 105 48 He

233 1601 231 48 liseus
394 1601 184 48 knew
510 1601 184 48 wel,
625 1601 184 48 that
740 1601 254 48 without
901 1601 231 48 schooles

224 1667 158 46 the
315 1667 203 46 sound
450 1667 248 46 docrine
631 1667 203 46 could
766 1667 158 46 not
856 1667 271 46 flourish
1037 1667 90 46 or

231 1733 149 45 be
306 1733 348 45 preserved:
579 1733 174 45 and
679 1733 323 45 therefore
927 1733 199 45 they
1027 1733 99 45 ap

243 1794 210 48 plyed
383 1794 210 48 their
523 1794 233 48 selves
686 1794 233 48 wholly
849 1794 140 48 to
919 1794 163 48 the
989 1794 140 48 renu

237 1858 169 47 ing
334 1858 145 47 of
406 1858 290 47 schooes.
624 1858 169 47 And
721 1858 194 47 when
842 1858 266 47 lawfull
1011 1858 121 47 tri

229 1921 220 49 butes
375 1921 196 49 were
497 1921 244 49 denied
669 1921 220 49 them,
815 1921 220 49 being
962 1921 147 49 by
1011 1921 122 49 wic

221 1986 174 49 ked
320 1986 273 49 Princes
519 1986 298 49 bestowed
742 1986 198 49 upon
841 1986 298 49 flatterers

228 2051 142 46 and
309 2051 243 46 bellies,
491 2051 162 46 that
593 2051 122 46 is
653 2051 122 46 to
714 2051 162 46 say,
816 2051 223 46 priests
978 2051 122 46 of
1039 2051 142 46 the

228 2112 204 48 Tools
364 2112 136 48 of
432 2112 226 48 calves
590 2112 113 48 &
635 2112 136 48 of
703 2112 204 48 Baal:
839 2112 158 48 yet
929 2112 136 48 it
997 2112 181 48 came

229 2178 130 47 to
294 2178 194 47 passe
424 2178 130 47 by
489 2178 151 47 the
575 2178 238 47 goodnes
748 2178 130 47 of
813 2178 151 47 the
899 2178 194 47 Lord,
1007 2178 130 47 that

232 2242 226 46 some
373 2242 226 46 good
514 2242 197 46 men
627 2242 338 46 bestowed
852 2242 282 46 somewhat

230 2305 162 48 upo
323 2305 186 48 such
439 2305 139 48 as
508 2305 186 48 were
624 2305 279 48 desirous
833 2305 139 48 of
880 2305 255 48 learning,

227 2369 181 48 who
330 2369 284 48 holding
537 2369 207 48 them
666 2369 258 48 selves
847 2369 336 48 contented

226 2432 215 50 with
360 2432 134 50 a
414 2432 242 50 meane
575 2432 295 50 living,
790 2432 295 50 behaved
978 2432 161 50 them

228 2498 232 47 selves
390 2498 301 47 valianily
622 2498 139 47 in
692 2498 185 47 that
807 2498 185 47 most
923 2498 255 47 corrupt

232 2561 182 48 age.
346 2561 159 48 But
437 2561 204 48 those
573 2561 250 48 notable
754 2561 182 48 men,
868 2561 204 48 those
1004 2561 182 48 wise

229 2627 177 46 men
330 2627 126 46 &
380 2627 354 46 prophetes,
659 2627 177 46 who
760 2627 177 46 had
861 2627 177 46 the
937 2627 202 46 govern

231 2688 159 51 met
322 2688 182 51 over
436 2688 295 51 schooles,
663 2688 182 51 were
777 2688 227 51 called
913 2688 227 51 fathers,

232 2753 345 48 whereuppon
503 2753 197 48 also
626 2753 222 48 their
774 2753 320 48 disciples
1020 2753 172 48 and

237 2818 271 47 scholers
441 2818 181 47 were
553 2818 226 47 termed
711 2818 158 47 the
802 2818 226 47 sonnes
959 2818 135 47 of
1027 2818 158 47 the

240 2881 316 55 prophetes.

224 2945 223 49 Amos
363 2945 195 49 and
475 2945 334 49 Jeremiei
725 2945 223 49 call
864 2945 223 49 them
975 2945 167 49 Para

232 3011 249 43 sites.
407 3011 200 43 for,
531 3011 224 43 saith
681 3011 224 43 Amos,
831 3011 125 43 I
881 3011 150 43 am
955 3011 150 43 no
1005 3011 125 43 pro

1164 123 214 52 phet,
1307 123 261 52 neither
1497 123 166 52 the
1592 123 214 52 sonne
1734 123 143 52 of
1806 123 119 52 a
1829 123 238 52 Prophet,

1164 189 156 49 to
1242 189 208 49 wit,
1372 189 182 49 not
1475 189 285 49 brought
1683 189 156 49 up
1761 189 156 49 in
1839 189 182 49 the
1916 189 156 49 know

1155 255 210 48 ledge
1295 255 140 48 of
1365 255 280 48 liberall
1575 255 234 48 artes.
1739 255 164 48 And
1832 255 164 48 the
1926 255 187 48 same

1150 318 171 46 man
1247 318 244 46 saieth
1418 318 268 46 againe:
1613 318 122 46 I
1661 318 195 46 have
1783 318 244 46 raysed
1954 318 146 46 up

1149 380 145 49 of
1221 380 194 49 your
1342 380 242 49 sonnes
1512 380 169 49 for
1608 380 339 49 Prophetes,
1874 380 169 49 and
1971 380 145 49 of

1153 445 202 53 your
1279 445 227 53 young
1430 445 151 53 me
1506 445 177 53 for
1607 445 353 53 Nazarites.
1884 445 177 53 But
1960 445 101 53 Je

1155 512 221 46 remie
1302 512 343 46 commandeth
1571 512 196 46 also
1694 512 172 46 the
1792 512 245 46 manner
1963 512 147 46 of

1155 574 191 50 them
1275 574 191 50 that
1394 574 287 50 studied,
1610 574 215 50 which
1753 574 144 50 in
1825 574 167 50 his
1897 574 167 50 lamen

1161 638 258 50 tations
1348 638 141 50 he
1419 638 305 50 bewayleth
1653 638 141 50 to
1724 638 141 50 be
1770 638 282 50 altogether

1158 704 302 47 perished
1384 704 151 47 in
1460 704 176 47 the
1560 704 377 47 captivitie.
1837 704 226 47 Further

1158 765 193 52 more,
1286 765 171 52 they
1393 765 150 52 are
1479 765 214 52 called
1629 765 150 52 the
1714 765 214 52 sonnes
1864 765 128 52 of
1929 765 150 52 the

1159 833 291 48 Prophets,
1383 833 157 48 for
1472 833 157 48 the
1562 833 291 48 affection
1786 833 202 48 which
1921 833 179 48 they

1168 896 176 46 bare
1278 896 242 46 towards
1454 896 198 46 their
1586 896 242 46 schoole
1763 896 286 46 maisters,
1983 896 132 46 as

1164 960 129 48 if
1229 960 172 48 they
1337 960 151 48 had
1423 960 194 48 beene
1552 960 194 48 their
1681 960 258 48 parents,
1874 960 151 48 and
1960 960 151 48 for

1158 1023 222 50 their
1306 1023 320 50 obedience
1553 1023 172 50 and
1651 1023 246 50 daylie
1824 1023 246 50 studie
1971 1023 99 50 to

1157 1087 256 47 wardes
1337 1087 231 47 them.

1210 1151 180 50 But
1313 1151 180 50 how
1416 1151 206 50 much
1545 1151 180 50 the
1648 1151 206 50 more
1777 1151 232 50 noble
1931 1151 180 50 and

1152 1214 203 51 wise
1278 1214 177 51 the
1380 1214 278 51 Princes
1582 1214 228 51 were,
1734 1214 152 51 so
1810 1214 203 51 much
1936 1214 177 51 the

1158 1279 190 49 more
1277 1279 308 49 diligence
1514 1279 190 49 they
1632 1279 284 49 imployed
1846 1279 142 49 in
1893 1279 166 49 repai

1165 1344 174 48 ring
1274 1344 283 48 schooles,
1492 1344 153 48 and
1579 1344 283 48 restoring
1776 1344 283 48 Ecclesiasti

1163 1409 209 47 ciall
1302 1409 232 47 order.
1465 1409 209 47 Which
1604 1409 116 47 a
1650 1409 162 47 man
1743 1409 162 47 may
1836 1409 186 47 see,
1952 1409 162 47 not

1157 1471 157 49 in
1235 1471 235 49 David
1392 1471 183 49 and
1496 1471 287 49 Salomon
1705 1471 261 49 onely,
1887 1471 183 49 but
1966 1471 104 49 al

1165 1536 139 49 so
1234 1536 139 49 in
1304 1536 301 49 Jolaphat,
1535 1536 301 49 Ezechias,
1767 1536 162 49 and
1860 1536 255 49 Josias,

1161 1600 193 48 who
1272 1600 221 48 were
1410 1600 221 48 most
1548 1600 331 48 vertuous
1796 1600 193 48 and
1906 1600 221 48 most

1162 1665 231 50 happie
1324 1665 277 50 Princes.
1532 1665 139 50 In
1601 1665 162 50 the
1693 1665 323 50 captivitie
1947 1665 162 50 and

1166 1730 214 47 after
1309 1730 166 47 the
1404 1730 332 47 captivitie
1665 1730 142 47 of
1736 1730 285 47 Babylon,
1949 1730 166 47 the

1161 1793 245 49 Lordes
1332 1793 245 49 people
1504 1793 172 49 was
1602 1793 319 49 dispersed
1847 1793 172 49 and
1920 1793 147 49 scat

1159 1857 221 47 tered
1307 1857 196 47 into
1430 1857 196 47 many
1552 1857 319 47 kingdomes
1798 1857 221 47 farre
1945 1857 172 47 and

1164 1921 301 48 wide.But
1390 1921 276 48 whither
1591 1921 151 48 to
1666 1921 201 48 ever
1792 1921 201 48 they
1917 1921 201 48 were

1166 1985 269 49 carried,
1367 1985 179 49 they
1480 1985 247 49 erected
1659 1985 247 49 scholes
1839 1985 135 49 or
1884 1985 179 49 synago

1166 2049 208 50 gues.
1305 2049 162 50 and
1397 2049 185 50 when
1512 2049 162 50 the
1605 2049 208 50 citie
1744 2049 139 50 of
1813 2049 300 50 Jerusalem

1168 2111 166 50 was
1263 2111 308 50 restored,
1500 2111 190 50 then
1619 2111 190 50 they
1737 2111 213 50 often
1879 2111 190 50 came
1974 2111 95 50 un

1160 2178 143 48 to
1232 2178 167 48 the
1327 2178 215 48 same.
1470 2178 167 48 For
1566 2178 310 48 therefore
1804 2178 167 48 the
1900 2178 215 48 Actes

1157 2241 141 49 of
1228 2241 165 49 the
1322 2241 283 49 Apostles
1534 2241 188 49 make
1652 2241 283 49 mention,
1864 2241 188 49 that
1982 2241 141 49 at

1157 2304 209 50 what
1287 2304 209 50 time
1418 2304 235 50 Saint
1574 2304 209 50 Paul
1705 2304 313 50 preached
1940 2304 183 50 the

1166 2371 240 46 worde
1326 2371 160 46 of
1406 2371 186 46 God
1513 2371 240 46 among
1672 2371 186 46 the
1779 2371 346 46 Gentiles,

1158 2433 190 50 hee
1267 2433 218 50 went
1403 2433 218 50 into
1539 2433 190 50 the
1648 2433 381 50 Synagogues
1947 2433 190 50 and

1164 2497 256 48 taught.

1275 2561 194 47 And
1386 2561 249 47 Saint
1552 2561 249 47 James
1718 2561 194 47 the
1828 2561 304 47 Apostle

1159 2622 279 49 sayeth,
1362 2622 228 49 Moses
1514 2622 152 49 in
1590 2622 203 49 olde
1717 2622 203 49 time
1844 2622 203 49 hath
1971 2622 152 49 in

1175 2685 236 48 everie
1340 2685 212 48 citie
1482 2685 189 48 them
1600 2685 189 48 that
1717 2685 236 48 preach
1882 2685 165 48 him
1977 2685 141 48 in

1166 2750 182 50 the
1270 2750 390 50 synagogues.
1582 2750 234 50 Where
1738 2750 156 50 he
1816 2750 312 50 speaketh

1174 2816 153 49 not
1261 2816 131 49 of
1327 2816 153 49 the
1414 2816 218 49 cities
1567 2816 131 49 of
1632 2816 196 49 Judea
1763 2816 153 49 and
1850 2816 262 49 Galilee,

1169 2879 154 50 but
1257 2879 132 50 of
1323 2879 154 50 the
1411 2879 220 50 cities
1565 2879 132 50 of
1631 2879 154 50 the
1719 2879 286 50 Gentiles,
1939 2879 132 50 in
1983 2879 88 50 Sy

1165 2943 187 50 ria,
1281 2943 257 50 Cilicia
1468 2943 164 50 and
1562 2943 210 50 Asia.
1702 2943 164 50 But
1796 2943 187 50 that
1912 2943 210 50 which

1162 3006 141 48 we
1233 3006 212 48 reade
1374 3006 141 48 in
1445 3006 165 48 the
1539 3006 212 48 Actes
1680 3006 188 48 doth
1798 3006 212 48 shewe
1939 3006 188 48 that
