2324 3240
203 73 166 98 the
298 73 237 98 Church
464 73 142 98 of
535 73 166 98 the
630 73 237 98 people
796 73 142 98 of
867 73 166 98 the
962 73 166 98 new
1033 73 95 98 te

204 154 259 80 stament,
399 154 151 80 had
485 154 173 80 ever
594 154 195 80 since
723 154 130 80 ye
788 154 173 80 time
896 154 130 80 of
961 154 216 80 Christ

203 220 158 59 and
294 220 158 59 the
384 220 293 59 Apostles,
610 220 203 59 goods
745 220 158 59 and
836 220 339 59 possessions

202 285 320 78 publikely
448 285 295 78 gathered
670 285 172 78 and
768 285 320 78 received,
1014 285 172 78 and

212 347 211 63 also
344 347 238 63 layde
502 347 185 63 out
608 347 185 63 and
713 347 317 63 bestowed
951 347 211 63 them
1057 347 79 63 a

211 412 248 80 gaine
377 412 193 80 for
487 412 331 80 publique
735 412 193 80 and
845 412 275 80 common
1010 412 138 80 com

214 470 289 78 moditie.

281 529 289 77 Gregorie
498 529 169 77 the
594 529 217 77 first
739 529 145 77 of
811 529 193 77 that
932 529 217 77 name,
1053 529 96 77 bi

226 606 236 54 shoppe
392 606 142 54 of
463 606 213 54 Rome,
604 606 213 54 sayth
746 606 189 54 that
864 606 142 54 it
935 606 165 54 was
1030 606 165 54 the

227 660 246 83 custome
406 660 134 83 in
473 660 157 83 his
562 660 179 83 time
674 660 157 83 and
764 660 179 83 also
876 660 224 83 before
1032 660 157 83 his

227 730 210 86 time,
367 730 187 86 that
484 730 210 86 there
624 730 210 86 ought
764 730 140 86 to
834 730 140 86 be
904 730 210 86 foure
1021 730 117 86 por

220 794 203 79 tions
356 794 135 79 or
423 794 203 79 parts
558 794 135 79 of
626 794 158 79 the
716 794 225 79 church
873 794 135 79 of
941 794 180 79 God.

296 854 162 71 One
388 854 162 71 for
481 854 162 71 the
574 854 231 71 bishop
736 854 162 71 and
828 854 162 71 his
921 854 278 71 familie,

222 924 237 65 another
395 924 151 65 for
481 924 151 65 the
567 924 237 65 clergy,
739 924 151 65 the
825 924 194 65 third
954 924 151 65 for
1040 924 151 65 the

227 982 225 84 poore,
384 982 157 84 and
474 982 157 84 the
563 982 225 84 fourth
720 982 157 84 for
810 982 157 84 the
900 982 292 84 repayring

228 1046 144 82 of
300 1046 313 82 Churches,

246 1112 175 74 But
346 1112 225 74 there
496 1112 175 74 are
596 1112 125 74 a
646 1112 225 74 great
796 1112 200 74 many
921 1112 200 74 that
1021 1112 125 74 say

225 1182 195 74 that
347 1182 122 74 a
396 1182 293 74 bishoppe
615 1182 220 74 ought
762 1182 171 74 not
860 1182 147 74 to
933 1182 269 74 receive

223 1235 213 83 wages
365 1235 142 83 of
436 1235 142 83 ye
507 1235 260 83 church.
697 1235 166 83 Let
791 1235 142 83 us
862 1235 284 83 therfore
1051 1235 95 83 ex

219 1316 215 71 amine
362 1316 191 71 what
481 1316 238 71 Christ
648 1316 167 71 and
744 1316 167 71 his
839 1316 286 71 Apostles
1054 1316 143 71 do

222 1366 216 87 teach
366 1366 144 87 us
438 1366 288 87 touching
654 1366 192 87 that
774 1366 264 87 matter.
966 1366 240 87 Christ

224 1434 174 72 our
324 1434 249 72 Lorde,
498 1434 174 72 who
597 1434 224 72 never
746 1434 323 72 committed
995 1434 199 72 anie

221 1498 227 65 uniust
380 1498 227 65 thing,
538 1498 294 65 received,
765 1498 136 65 as
833 1498 136 65 it
901 1498 136 65 is
969 1498 227 65 reade,

214 1564 401 63 maintenance
535 1564 214 63 from
668 1564 214 63 such
802 1564 240 63 women
962 1564 160 63 as
1042 1564 160 63 he

226 1626 291 75 taught,
437 1626 185 75 who
543 1626 343 75 ministred
807 1626 211 75 unto
939 1626 185 75 him
1044 1626 158 75 of

234 1689 206 78 their
371 1689 298 78 substace.
600 1689 137 78 He
669 1689 183 78 also
784 1689 252 78 sending
967 1689 160 78 his
1036 1689 114 78 dis

232 1761 230 64 ciples
393 1761 253 64 abroad,
577 1761 161 64 and
669 1761 253 64 willing
853 1761 184 64 them
968 1761 161 64 not
1060 1761 138 64 to

233 1824 142 64 be
304 1824 283 64 carefull
517 1824 165 64 for
611 1824 212 64 meate
753 1824 165 64 and
847 1824 260 64 drinke,
1036 1824 165 64 and

226 1879 272 81 raiment,
430 1879 204 81 saith
566 1879 272 81 further,
771 1879 159 81 The
861 1879 272 81 labourer
1065 1879 136 81 is

238 1939 240 82 worthie
413 1939 131 82 of
479 1939 153 82 his
566 1939 197 82 hire.

283 2007 170 74 The
380 2007 195 74 Lord
502 2007 268 74 judgeth
696 2007 146 74 it
770 2007 146 74 to
843 2007 146 74 be
916 2007 292 74 worthie,

235 2081 224 72 meete,
391 2081 112 72 &
436 2081 224 72 right,
593 2081 134 72 to
660 2081 269 72 minister
862 2081 336 72 necessaries

235 2147 193 62 unto
356 2147 338 62 preachers.
621 2147 314 62 Wherefore
863 2147 193 62 they
984 2147 145 62 do
1056 2147 145 62 no

224 2206 304 67 unworthy
451 2206 228 67 deede
603 2206 228 67 which
755 2206 278 67 receive
958 2206 253 67 wages,

231 2265 253 83 thereby
415 2265 138 83 to
484 2265 253 83 provide
668 2265 345 83 necessaries
944 2265 161 83 for
1013 2265 138 83 them

223 2344 238 58 selves
390 2344 167 58 and
485 2344 215 58 their
628 2344 262 58 family:
819 2344 191 58 yea,
938 2344 143 58 he
986 2344 167 58 compa

228 2403 169 53 reth
333 2403 274 53 preachers
544 2403 148 53 not
629 2403 127 53 to
692 2403 169 53 idle
797 2403 253 53 bellies,
987 2403 148 53 not
1072 2403 127 53 to

222 2466 177 63 them
332 2466 133 63 ye
399 2466 177 63 eate
509 2466 221 63 freely
664 2466 133 63 of
730 2466 199 63 other
863 2466 177 63 mens
973 2466 221 63 bread,

230 2540 240 62 neither
405 2540 131 62 to
470 2540 262 62 beggers,
667 2540 153 62 but
754 2540 131 62 to
820 2540 284 62 laborers.
1038 2540 153 62 For

225 2599 143 63 as
297 2599 143 63 ye
368 2599 191 63 Lord
487 2599 262 63 setteth
678 2599 191 63 down
797 2599 143 63 in
868 2599 143 63 ye
940 2599 191 63 law,
1035 2599 119 63 how

219 2653 185 84 that
335 2653 139 84 it
404 2653 139 84 is
474 2653 116 84 a
520 2653 209 84 great
659 2653 255 84 offence
845 2653 139 84 to
914 2653 185 84 deny
1007 2653 139 84 labo

226 2722 181 66 rers
340 2722 204 66 their
475 2722 272 66 hireeven
679 2722 136 66 so
747 2722 204 66 their
883 2722 249 66 offence
1064 2722 136 66 is

230 2783 150 71 not
315 2783 193 71 small
444 2783 129 71 ye
508 2783 215 71 suffer
659 2783 172 71 such
766 2783 129 71 as
830 2783 150 71 are
916 2783 279 71 faithfull

231 2839 236 81 feeders
402 2839 129 81 of
467 2839 150 81 the
552 2839 236 81 flocke,
724 2839 129 81 to
788 2839 215 81 perish
938 2839 150 81 and
1003 2839 150 81 decay

222 2914 256 71 through
408 2914 210 71 need.
548 2914 163 71 For
641 2914 140 71 in
711 2914 256 71 another
898 2914 210 71 place
1037 2914 163 71 the

225 2971 182 92 Lord
339 2971 250 92 speketh
520 2971 136 92 to
589 2971 159 92 his
679 2971 295 92 disciples
907 2971 250 92 saying,
1088 2971 136 92 Te

1146 78 188 82 have
1263 78 235 82 freely
1427 78 282 82 received
1638 78 164 82 it,
1732 78 164 82 and
1826 78 305 82 therefore

1149 150 175 81 give
1258 150 131 81 it
1324 150 240 81 freely.
1499 150 153 81 But
1586 150 131 81 he
1651 150 262 81 speaketh
1848 150 131 81 of
1913 150 131 81 ye
1957 150 131 81 gift

1150 217 140 69 of
1220 217 256 69 working
1406 217 303 69 miracles,
1639 217 117 69 &
1686 217 140 69 of
1756 217 163 69 the
1849 217 280 69 benefite

1157 278 135 66 of
1225 278 225 66 health
1383 278 135 66 to
1450 278 135 66 be
1518 278 270 66 bestowed
1721 278 180 66 upon
1833 278 158 66 the
1923 278 203 66 fick,

1156 353 293 65 diseased,
1382 353 158 65 and
1472 353 316 65 oppressed.
1720 353 158 65 For
1810 353 180 65 thus
1923 353 135 65 it
1991 353 135 65 is

1158 406 285 88 written:
1372 406 214 88 Heale
1515 406 167 88 the
1610 406 238 88 sicke,
1777 406 262 88 cleanse
1967 406 167 88 the

1162 465 308 74 leaprous,
1399 465 213 74 raise
1542 465 166 74 the
1637 465 213 74 dead,
1779 465 190 74 cast
1897 465 166 74 out
1968 465 119 74 de,

1162 535 203 72 vils.
1298 535 158 72 And
1388 535 135 72 to
1456 535 203 72 these
1591 535 203 72 words
1726 535 135 72 he
1794 535 203 72 added
1929 535 203 72 this,

1165 601 249 81 saying:
1347 601 136 81 Te
1414 601 181 81 have
1528 601 272 81 received
1732 601 136 81 it
1800 601 249 81 freely,
1981 601 159 81 and

1162 656 304 84 therefore
1395 656 257 84 bestowe
1583 656 140 84 it
1653 656 257 84 freely.
1840 656 304 84 Therefore

1153 727 235 74 though
1318 727 141 74 ye
1389 727 282 74 Apostles
1601 727 282 74 received
1813 727 259 74 rewarde
2001 727 141 74 of

1164 794 175 66 the
1264 794 150 66 to
1339 794 200 66 whom
1464 794 200 66 they
1589 794 325 66 preached:
1839 794 175 66 yet
1914 794 175 66 never

1155 866 168 69 any
1251 866 168 69 man
1347 866 192 69 read
1466 866 192 69 that
1586 866 192 69 ever
1706 866 192 69 they
1826 866 216 69 tooke
1969 866 168 69 any

1167 921 198 66 thing
1299 921 154 66 for
1387 921 154 66 the
1474 921 176 66 gift
1584 921 132 66 of
1650 921 241 66 healing
1826 921 198 66 which
1957 921 176 66 they

1165 983 291 70 received
1383 983 146 70 in
1456 983 146 70 ye
1529 983 218 70 Lords
1674 983 218 70 name.
1820 983 194 70 Like
1941 983 146 70 as
1990 983 97 70 He

1169 1050 231 66 liseus
1331 1050 208 66 would
1470 1050 162 66 not
1562 1050 185 66 take
1678 1050 162 66 any
1770 1050 208 66 thing
1909 1050 139 66 at
1978 1050 162 66 all

1173 1108 242 75 though
1342 1108 145 75 it
1415 1108 194 75 were
1536 1108 242 75 freely
1706 1108 266 75 offered
1899 1108 170 75 him
1996 1108 145 75 by

1161 1180 251 77 Naaman
1337 1180 176 77 the
1437 1180 251 77 Syrian
1613 1180 327 77 captaine,
1865 1180 176 77 for
1940 1180 151 77 that

1169 1235 141 82 by
1240 1235 165 82 his
1334 1235 259 82 counsel
1523 1235 141 82 he
1594 1235 165 82 was
1688 1235 236 82 healed
1853 1235 141 82 of
1924 1235 165 82 the
1995 1235 94 82 le

1167 1316 257 66 prosie.
1353 1316 163 66 Pet
1447 1316 163 66 the
1540 1316 187 66 self
1657 1316 187 66 same
1773 1316 280 66 Heliseus
1960 1316 140 66 refu

1171 1379 165 62 sed
1266 1379 165 62 not
1360 1379 165 62 the
1455 1379 189 62 gift
1573 1379 142 62 of
1644 1379 165 62 the
1738 1379 165 62 man
1832 1379 189 62 that
1950 1379 189 62 came

1171 1432 195 73 unto
1292 1432 170 73 him
1390 1432 195 73 from
1512 1432 365 73 Baalsalisa.
1804 1432 170 73 Out
1901 1432 146 73 of
1974 1432 170 73 the

1169 1507 209 62 selfe
1308 1507 186 62 same
1424 1507 255 62 Gospell
1610 1507 139 62 of
1679 1507 232 62 Christ
1842 1507 162 62 our
1935 1507 209 62 Lord,

1168 1569 317 65 Ministers
1411 1569 195 65 have
1533 1569 146 65 to
1606 1569 244 65 learne
1776 1569 146 65 to
1849 1569 195 65 what
1971 1569 170 65 use

1170 1631 194 65 they
1291 1631 218 65 ought
1436 1631 145 65 to
1509 1631 170 65 put
1606 1631 145 65 ye
1678 1631 218 65 wages
1824 1631 194 65 they
1945 1631 194 65 have

1169 1698 143 63 of
1241 1698 166 63 the
1336 1698 261 63 church.
1526 1698 166 63 For
1621 1698 190 63 what
1740 1698 190 63 time
1858 1698 166 63 the
1953 1698 190 63 Lord

1166 1766 384 58 commaunded
1467 1766 247 58 Judas
1631 1766 192 58 who
1741 1766 301 58 carried
1960 1766 192 58 the

1169 1816 216 84 purse,
1320 1816 129 84 to
1385 1816 237 84 depart,
1558 1816 151 84 the
1644 1816 237 84 residue
1817 1816 129 84 of
1881 1816 151 84 the
1946 1816 151 84 disci

1166 1887 201 73 ples
1291 1887 276 73 thought
1492 1887 201 73 that
1617 1887 151 73 he
1693 1887 176 73 had
1793 1887 226 73 beene
1918 1887 176 73 coman

1171 1959 167 61 ded
1267 1959 143 61 to
1338 1959 143 61 go
1410 1959 167 61 and
1505 1959 167 61 buy
1601 1959 191 61 such
1720 1959 358 61 necessaries
2007 1959 143 61 as

1170 2020 217 71 should
1322 2020 195 71 serue
1452 2020 152 71 for
1539 2020 152 71 the
1626 2020 174 71 holy
1734 2020 174 71 day,
1843 2020 130 71 or
1908 2020 174 71 else
2016 2020 130 71 to

1171 2075 490 75 bestowsomething
1584 2075 155 75 on
1661 2075 181 75 the
1765 2075 258 75 poore.
1919 2075 181 75 There

1172 2139 177 77 fore
1282 2139 132 77 it
1349 2139 132 77 is
1415 2139 199 77 plain
1547 2139 177 77 that
1658 2139 155 77 the
1746 2139 177 77 Lord
1856 2139 177 77 used
1967 2139 177 77 with

1179 2205 132 76 ye
1245 2205 243 76 stipend
1422 2205 199 76 which
1554 2205 132 76 he
1620 2205 287 76 received,
1841 2205 132 76 to
1907 2205 243 76 provide

1166 2270 356 72 necessaries
1451 2270 166 72 for
1546 2270 166 72 him
1641 2270 166 72 and
1736 2270 190 72 his,
1855 2270 166 72 and
1950 2270 190 72 also

1174 2327 142 72 to
1245 2327 190 72 give
1364 2327 213 72 almes
1506 2327 261 72 therof,
1696 2327 213 72 Marke
1838 2327 190 72 well
1957 2327 190 72 then

1165 2396 203 73 that
1291 2396 177 73 the
1393 2396 329 73 ministers
1646 2396 152 73 of
1722 2396 177 73 the
1823 2396 253 73 Church
1975 2396 127 73 may

1170 2468 254 75 provide
1355 2468 254 75 thinges
1540 2468 324 75 necessarie
1794 2468 162 75 for
1887 2468 208 75 their
2002 2468 93 75 li

1170 2524 233 78 ving,
1325 2524 337 78 function,
1584 2524 181 78 and
1688 2524 388 78 maintenance
1998 2524 155 78 of

1164 2595 221 57 their
1312 2595 344 57 housholde,
1582 2595 147 57 of
1655 2595 172 57 the
1753 2595 221 57 wages
1901 2595 196 57 they
1999 2595 98 57 re

1163 2659 219 71 ceive
1309 2659 146 71 of
1382 2659 170 71 the
1479 2659 268 71 church.
1674 2659 268 71 Againe,
1869 2659 195 71 they
1966 2659 122 71 may

1168 2719 200 70 also
1293 2719 150 70 of
1368 2719 175 70 the
1469 2719 200 70 same
1594 2719 226 70 wages
1744 2719 200 70 give
1870 2719 226 70 almes
1995 2719 100 70 un

1164 2785 140 76 to
1234 2785 163 76 the
1327 2785 233 76 poore,
1489 2785 186 76 even
1606 2785 140 76 as
1675 2785 140 76 it
1745 2785 186 76 were
1861 2785 140 76 of
1931 2785 209 76 their

1165 2859 190 62 owne
1284 2859 213 62 goods
1426 2859 213 62 truly
1568 2859 261 62 gotten.
1758 2859 166 62 For
1853 2859 166 62 the
1948 2859 190 62 Lord

1163 2902 204 77 saith
1299 2902 249 77 plainly
1481 2902 136 77 in
1549 2902 159 77 the
1640 2902 181 77 law,
1753 2902 181 77 that
1866 2902 159 77 the
1934 2902 159 77 sacri

1144 2974 186 86 fice
1260 2974 140 86 of
1330 2974 163 86 the
1423 2974 256 86 Levites
1609 2974 186 86 made
1726 2974 140 86 of
1795 2974 256 86 tythes,
1982 2974 163 86 and
