2324 3240
176 120 148 73 he
250 120 247 73 alketh
423 120 124 73 a
473 120 321 73 question,
720 120 148 73 he
794 120 272 73 sheweth
967 120 148 73 what

177 193 156 74 he
255 193 312 74 meaneth,
489 193 208 74 that
619 193 286 74 thereby
828 193 182 74 hee
932 193 182 74 may
1010 193 104 74 de

176 256 234 67 clare
332 256 130 67 a
384 256 260 67 plaine
566 256 260 67 trueth
749 256 182 67 and
853 256 286 67 equitie
1035 256 78 67 a

171 307 284 78 mongest
378 307 181 78 all
481 307 207 78 men,
611 307 181 78 and
714 307 284 78 thereto
921 307 259 78 addeth

180 376 311 77 examples,
419 376 167 77 not
515 376 143 77 of
586 376 215 77 every
730 376 167 77 man
825 376 335 77 severally,

187 440 164 79 but
280 440 140 79 of
350 440 164 79 all
444 440 328 79 generally,
702 440 164 79 and
795 440 304 79 specially
1029 440 140 79 of

187 507 160 78 the
278 507 274 78 chiefest
484 507 274 78 Apostles
689 507 137 78 of
757 507 251 78 Christ,
940 507 160 78 and
1031 507 137 78 of

179 570 205 85 them
308 570 205 85 that
436 570 205 85 were
564 570 231 85 kinne
718 570 205 85 unto
846 570 256 85 Christ
1025 570 154 85 by

181 637 284 74 bloude,
388 637 284 74 saying:
595 637 207 74 Even
724 637 155 74 as
802 637 181 74 the
905 637 233 74 other
1034 637 78 74 A

192 691 285 84 postles
400 691 182 84 and
503 691 311 84 brothers
737 691 156 84 of
815 691 182 84 our
918 691 259 84 Lorde,

193 777 209 69 and
313 777 329 69 Cephas?
552 777 209 69 And
672 777 209 69 who
791 777 179 69 is
881 777 239 69 that
1000 777 120 69 Ce

189 825 229 74 phas,
341 825 178 74 but
443 825 254 74 Peter:
621 825 153 74 To
697 825 204 74 this
825 825 254 74 Cephas
1003 825 178 74 the

200 895 212 72 Lorde
342 895 212 72 saide
483 895 141 72 in
554 895 165 72 the
648 895 212 72 first
789 895 259 72 chapter
978 895 141 72 of
1025 895 94 72 S.

197 963 234 63 John:
353 963 208 63 Thou
483 963 234 63 shalt
639 963 156 63 be
716 963 260 63 called
898 963 286 63 Cephas,

205 1016 202 88 which
339 1016 135 88 if
407 1016 112 88 a
452 1016 157 88 man
541 1016 292 88 interpret
766 1016 157 88 it,
856 1016 314 88 signifieth

199 1075 133 81 a
253 1075 266 81 stone.
438 1075 186 81 But
545 1075 239 81 Peter
704 1075 212 81 also
837 1075 186 81 was
943 1075 159 81 so
996 1075 133 81 sir

201 1158 215 66 named
344 1158 143 66 of
416 1158 119 66 a
464 1158 239 66 rocke,
631 1158 143 66 to
702 1158 167 66 the
798 1158 239 66 intent
965 1158 167 66 the
1037 1158 95 66 in

201 1220 392 72 terpretation
519 1220 147 72 of
592 1220 171 72 the
690 1220 196 72 name
813 1220 171 72 may
911 1220 269 72 alwaies

199 1270 187 92 fall
315 1270 187 92 upon
432 1270 163 92 the
526 1270 210 92 same.

263 1342 173 80 And
362 1342 198 80 who,
486 1342 124 80 I
535 1342 198 80 pray
659 1342 173 80 you
758 1342 173 80 are
857 1342 173 80 the
956 1342 223 80 Lords

198 1411 348 76 brethren,
466 1411 188 76 but
573 1411 214 76 Iohn
707 1411 188 76 and
814 1411 268 76 James,
1002 1411 188 76 and

208 1466 237 79 James
365 1466 184 79 the
471 1466 289 79 brother
681 1466 158 79 of
760 1466 263 79 Judas,
944 1466 184 79 and
1023 1466 105 79 Ju

200 1529 182 87 das
304 1529 130 87 &
356 1529 234 87 Simon
512 1529 182 87 the
616 1529 312 87 brethren
850 1529 156 87 of
928 1529 260 87 James:

205 1587 162 78 All
298 1587 232 78 these,
460 1587 209 78 saith
599 1587 209 78 saint
739 1587 232 78 Paule,
901 1587 209 78 lived
1040 1587 139 78 of

206 1670 179 67 the
309 1670 307 67 stipende
539 1670 204 67 they
666 1670 204 67 had,
794 1670 255 67 beeing
947 1670 179 67 gathe

203 1731 182 77 red
307 1731 156 77 of
385 1731 182 77 the
489 1731 260 77 common
671 1731 338 77 assemhlie
931 1731 156 77 of
1009 1731 182 77 the

212 1785 298 78 Church.
429 1785 217 78 Fnto
564 1785 244 78 these
727 1785 325 78 eramples
971 1785 163 78 he
1026 1785 108 78 ad

214 1858 204 78 deth
342 1858 230 78 other
495 1858 204 78 also
623 1858 204 78 like
751 1858 204 78 unto
879 1858 230 78 them,
1006 1858 128 78 com

207 1920 231 83 monly
361 1920 179 83 put
464 1920 154 83 in
541 1920 333 83 practise.
797 1920 179 83 who
899 1920 282 83 (sayeth

213 1979 200 85 hee)
338 1979 225 85 doeth
487 1979 175 85 goe
587 1979 150 85 to
662 1979 225 85 warre
812 1979 150 85 at
887 1979 175 85 his
986 1979 200 85 owne

207 2049 251 79 costes
383 2049 176 79 and
483 2049 301 79 chargesy
709 2049 151 79 Or
784 2049 176 79 who
885 2049 301 79 planteth

213 2111 125 84 a
263 2111 375 84 vineyearde,
563 2111 175 84 and
663 2111 250 84 eateth
838 2111 175 84 not
938 2111 150 84 of
1013 2111 175 84 the

202 2168 274 90 fruite
393 2168 328 90 thereof?
639 2168 164 90 Or
722 2168 192 90 who
831 2168 301 90 feedeth
1050 2168 137 90 a

207 2231 244 91 focke
370 2231 190 91 and
478 2231 272 91 eateth
668 2231 190 91 not
777 2231 163 91 of
858 2231 190 91 the
940 2231 190 91 milke

214 2309 217 74 there
359 2309 169 74 of?
455 2309 241 74 Surely
624 2309 169 74 hee
720 2309 289 74 bringeth
937 2309 241 74 foorth

211 2371 219 67 these
357 2371 365 67 similitudes
649 2371 219 67 verie
794 2371 243 67 sinely
965 2371 146 67 ad
1013 2371 122 67 pro

209 2442 232 72 perly
364 2442 284 72 applyed
571 2442 207 72 unto
700 2442 232 72 them,
855 2442 181 72 and
958 2442 181 72 not
1036 2442 103 72 un

207 2500 151 76 to
282 2500 201 76 anie
408 2500 251 76 other.
584 2500 176 76 For
685 2500 176 76 the
785 2500 327 76 ministers
1036 2500 151 76 of

204 2560 180 70 the
307 2560 258 70 Church
488 2560 180 70 are
591 2560 309 70 sometime
823 2560 258 70 called
977 2560 155 70 soul

208 2623 220 68 diers
354 2623 146 68 or
427 2623 317 68 vineyard.
671 2623 293 68 keepers,
891 2623 293 68 sometime

206 2690 382 67 hushandmen
506 2690 191 67 and
615 2690 464 67 shepeheardes.
997 2690 191 67 And

204 2749 174 78 who
304 2749 124 78 I
353 2749 199 78 pray
478 2749 199 78 you,
602 2749 149 78 is
677 2749 149 78 so
752 2749 224 78 farre
901 2749 199 78 from
1001 2749 124 78 rea

198 2820 173 65 son
297 2820 123 65 :
346 2820 197 65 that
469 2820 148 65 he
543 2820 222 65 would
691 2820 222 65 denie
839 2820 197 65 unto
938 2820 197 65 souldi

208 2873 175 83 ers
308 2873 375 83 hushandmen,
608 2873 125 83 &
658 2873 375 83 shepeheards
958 2873 225 83 meate

207 2938 162 77 and
299 2938 300 77 clothing,
530 2938 162 77 for
622 2938 162 77 the
715 2938 231 77 paines
876 2938 185 77 they
992 2938 185 77 take

213 3003 145 108 in
285 3003 291 108 warfare,
504 3003 364 108 hushandrie,
795 3003 170 108 and
892 3003 218 108 about
1013 3003 121 108 cat

1125 116 214 83 tell:
1268 116 167 83 The
1363 116 191 83 true
1482 116 262 83 hearted
1673 116 167 83 men
1768 116 333 83 therefore,

1128 194 157 58 and
1217 194 180 58 such
1330 194 135 58 as
1397 194 157 58 are
1487 194 135 58 of
1555 194 135 58 an
1622 194 337 58 indifferent
1892 194 202 58 judg,

1122 260 258 62 ment,
1294 260 172 62 do
1380 260 430 62 acknowledge
1724 260 229 62 that
1867 260 201 62 the
1953 260 115 62 mi

1131 318 265 61 nisters
1323 318 144 61 of
1396 318 168 61 the
1492 318 241 61 Church
1660 318 168 61 may
1756 318 192 61 live
1877 318 144 61 by
1949 318 168 61 the

1140 379 452 69 Ecclesiasticall
1521 379 357 69 ministerie.
1806 379 167 69 But
1901 379 214 69 least

1138 441 191 82 that
1257 441 215 82 manie
1400 441 262 82 shoulde
1591 441 262 82 obiecte
1782 441 191 82 that
1901 441 215 82 these

1139 509 266 68 humane
1326 509 319 68 parables
1565 509 186 68 and
1672 509 399 68 similitudes
1965 509 106 68 ta

1141 574 177 69 ken
1242 574 202 69 from
1368 574 177 69 the
1470 574 253 69 common
1647 574 202 69 use,
1773 574 177 69 doe
1875 574 253 69 proove

1137 642 274 60 nothing
1336 642 149 60 in
1411 642 149 60 an
1485 642 472 60 Ecclesiasticall
1883 642 249 60 cause,

1151 693 176 82 hee
1252 693 252 82 addeth
1428 693 353 82 presently:
1705 693 176 82 Doe
1806 693 126 82 I
1856 693 277 82 speake,

1145 762 227 72 these
1296 762 277 72 thinges
1498 762 328 72 according
1749 762 151 72 to
1825 762 302 72 manPDoth

1149 828 172 67 not
1248 828 172 67 the
1346 828 196 67 lawe
1468 828 196 67 saye
1591 828 196 67 also
1713 828 172 67 the
1811 828 221 67 samer
1958 828 172 67 For

1150 890 150 72 it
1225 890 150 72 is
1300 890 274 72 written
1499 890 150 72 in
1574 890 174 72 the
1673 890 199 72 lawe
1798 890 150 72 of
1873 890 249 72 Moses,

1153 950 204 88 Thou
1280 950 229 88 shalt
1433 950 178 88 not
1535 950 280 88 mossell
1739 950 178 88 the
1841 950 178 88 Ore
1917 950 153 88 that

1143 1026 316 69 treadeth
1379 1026 184 69 out
1485 1026 184 69 the
1590 1026 263 69 corne.
1774 1026 158 69 As
1853 1026 263 69 though

1156 1088 161 70 hee
1248 1088 230 70 should
1409 1088 184 70 say,
1524 1088 115 70 I
1570 1088 184 70 have
1685 1088 138 70 in
1754 1088 115 70 a
1800 1088 322 70 readinesse

1146 1154 166 68 for
1241 1154 166 68 the
1336 1154 379 68 confirmation
1644 1154 142 68 of
1715 1154 166 68 our
1810 1154 237 68 right,
1952 1154 119 68 not

1150 1210 219 75 onely
1296 1210 244 75 humane
1466 1210 390 75 similitudes,
1783 1210 170 75 but
1880 1210 195 75 also
1978 1210 97 75 te

1155 1278 320 70 stimonies
1401 1278 148 70 of
1475 1278 172 70 the
1574 1278 197 70 holy
1696 1278 344 70 Scripture.
1967 1278 172 70 And

1155 1343 131 80 he
1221 1343 283 80 alledgeth
1438 1343 109 80 a
1482 1343 196 80 place
1613 1343 152 80 out
1700 1343 131 80 of
1765 1343 152 80 the
1852 1343 131 80 2,
1918 1343 196 80 chap,

1155 1413 154 65 of
1232 1413 436 65 Deuteronomie,
1591 1413 359 65 concerning
1873 1413 179 65 the
1950 1413 128 65 nou

1134 1467 294 76 rishing
1348 1467 160 76 of
1428 1467 347 76 labouring
1695 1467 240 76 oren.
1856 1467 294 76 Againe,

1154 1530 221 70 least
1302 1530 172 70 any
1400 1530 172 70 man
1498 1530 270 70 shoulde
1694 1530 172 70 say
1792 1530 196 70 that
1914 1530 221 70 place

1154 1601 139 65 is
1223 1601 162 65 not
1316 1601 139 65 to
1385 1601 139 65 be
1455 1601 347 65 understoode
1732 1601 139 65 of
1801 1601 324 65 preachers,

1143 1664 169 63 but
1239 1664 265 63 simplie
1432 1664 144 63 of
1504 1664 217 63 oren,
1649 1664 169 63 hee
1745 1664 265 63 addeth,
1938 1664 193 63 Doth

1145 1724 199 76 GOD
1258 1724 228 76 take
1401 1724 228 76 care
1543 1724 199 76 for
1657 1724 256 76 oreny
1828 1724 171 76 Or
1913 1724 228 76 doth

1151 1793 170 67 not
1248 1793 170 67 hee
1345 1793 243 67 speake
1515 1793 146 67 it
1588 1793 340 67 altogether
1855 1793 170 67 for
1953 1793 170 67 our

1156 1851 243 76 sakes:
1326 1851 340 76 Doubtlesse
1593 1851 146 76 he
1665 1851 194 76 hath
1787 1851 267 76 written
1981 1851 146 76 it

1152 1923 170 72 for
1249 1923 170 72 our
1346 1923 244 72 sakes,
1517 1923 195 72 that
1639 1923 146 72 he
1712 1923 219 72 which
1858 1923 268 72 ploweth

1150 1979 182 84 may
1254 1979 233 84 plowe
1409 1979 156 84 in
1487 1979 233 84 hope,
1643 1979 182 84 and
1747 1979 156 84 he
1825 1979 208 84 that
1928 1979 156 84 thre

1149 2048 223 69 sheth
1298 2048 149 69 in
1372 2048 198 69 hope
1496 2048 173 69 may
1595 2048 149 69 be
1669 2048 297 69 partaker
1892 2048 149 69 of
1966 2048 173 69 his

1156 2104 237 77 hope.
1314 2104 184 77 The
1419 2104 237 77 Lorde
1577 2104 264 77 sayde,
1762 2104 184 77 hee
1867 2104 158 77 in
1946 2104 184 77 his

1158 2173 194 66 lawe
1279 2173 242 66 woulde
1448 2173 266 66 provide
1642 2173 170 66 for
1739 2173 170 66 us.
1836 2173 170 66 For
1933 2173 194 66 hee,

1154 2241 218 68 would
1299 2241 194 68 have
1420 2241 170 68 the
1517 2241 315 68 eavalitie
1760 2241 291 68 gathered
1978 2241 145 68 by

1144 2305 134 76 a
1198 2305 321 76 certaine
1439 2305 375 76 fpllogisme
1733 2305 161 76 or
1813 2305 241 76 kinde
1974 2305 161 76 of

1148 2360 318 77 argument
1386 2360 133 77 ,
1439 2360 239 77 after
1598 2360 212 77 this
1731 2360 159 77 or
1810 2360 212 77 such
1916 2360 159 77 like

1139 2425 297 79 manner:
1355 2425 162 79 If
1436 2425 189 79 the
1544 2425 243 79 Lorde
1706 2425 324 79 provided
1949 2425 189 79 for

1145 2499 276 64 beastes
1346 2499 176 64 and
1446 2499 301 64 cattell,
1672 2499 176 64 and
1773 2499 226 64 would
1923 2499 201 64 have

1149 2555 407 75 consideration
1484 2555 144 75 to
1556 2555 168 75 bee
1652 2555 168 75 had
1748 2555 144 75 of
1820 2555 216 75 them,
1963 2555 168 75 how

1149 2631 206 62 much
1278 2631 206 62 more
1407 2631 155 62 of
1484 2631 206 62 men:
1613 2631 155 62 It
1690 2631 206 62 were
1819 2631 258 62 truely
2000 2631 129 62 a

1152 2683 226 69 verie
1302 2683 251 69 uniust
1478 2683 226 69 thing
1628 2683 200 69 that
1753 2683 150 69 an
1803 2683 276 69 hushandma

1150 2750 274 70 shoulde
1349 2750 249 70 labour
1523 2750 199 70 with
1648 2750 174 70 his
1747 2750 174 70 ore
1847 2750 274 70 without

1156 2813 201 78 hope,
1290 2813 179 78 that
1401 2813 134 78 is
1468 2813 134 78 to
1535 2813 156 78 say
1625 2813 134 78 in
1691 2813 223 78 vaine,
1848 2813 156 78 and
1937 2813 179 78 with

1143 2884 187 74 out
1250 2884 401 74 commoditie.
1571 2884 348 74 Therefore
1838 2884 214 74 were
1972 2884 160 74 it

1139 2945 192 76 also
1259 2945 120 76 a
1307 2945 192 76 most
1427 2945 240 76 uniust
1595 2945 240 76 thing,
1764 2945 168 76 for
1860 2945 168 76 the
1932 2945 144 76 mini

1147 3004 185 102 ster
1263 3004 139 102 to
1332 3004 278 102 erercise
1541 3004 440 102 Ecclesiasticall
1889 3004 185 102 hushan
