2324 3240
190 85 218 87 dwell
335 85 145 87 in
408 85 218 87 suche
553 85 242 87 manner
723 85 145 87 of
796 85 267 87 houses,
990 85 170 87 but

192 163 275 63 because
392 163 175 63 the
492 163 400 63 congregation
816 163 175 63 and
916 163 250 63 people

191 227 163 80 of
272 227 190 80 GOD
381 227 217 80 meet
517 227 326 80 together
761 227 163 80 in
842 227 244 80 those
978 227 136 80 hou

188 292 205 82 ses,
317 292 154 82 to
394 292 282 82 worship
599 292 180 82 and
701 292 308 82 performe
932 292 180 82 due
1009 292 103 82 ho

185 357 197 62 nour
308 357 197 62 unto
431 357 197 62 God,
554 357 148 62 to
628 357 221 62 heare
776 357 172 62 the
874 357 221 62 worde
1022 357 148 62 of

190 424 189 72 God,
308 424 141 72 to
379 424 259 72 receive
568 424 165 72 the
662 424 212 72 Lords
803 424 354 72 sacraments,

191 485 165 83 and
286 485 142 83 to
357 485 189 83 pray
475 485 165 83 for
569 485 165 83 the
664 485 331 83 assistance
924 485 165 83 and
995 485 118 83 pre

193 544 224 65 sence
342 544 149 65 of
417 544 199 65 God.
542 544 299 65 Churches
766 544 299 65 therefor
990 544 174 65 are

191 608 184 65 very
306 608 299 65 necessary
536 608 161 65 for
628 608 161 65 the
721 608 230 65 Church
882 608 115 65 &
928 608 230 65 people

185 680 150 69 of
260 680 200 69 God.
385 680 300 69 Touching
610 680 200 69 holy
735 680 375 69 assemblies,
1035 680 125 69 I

196 743 202 82 have
322 743 202 82 said
449 743 303 82 somewhat
676 743 152 82 in
752 743 177 82 the
828 743 278 82 disputati

190 798 175 81 ons
290 798 150 81 of
340 798 200 81 prayer

249 855 188 88 And
357 855 323 88 although
599 855 215 88 that
733 855 161 88 at
814 855 188 88 the
895 855 215 88 comman

179 930 237 66 demet
337 930 158 66 of
416 930 211 66 God.
548 930 237 66 Moses
706 930 290 66 builded
917 930 132 66 a
943 930 158 66 move

193 980 195 85 able
314 980 292 85 Churche,
533 980 170 85 and
631 980 316 85 afterward
874 980 170 85 the
971 980 195 85 most

189 1067 222 68 wise
328 1067 222 68 king
466 1067 305 68 Solomon
688 1067 305 68 founded
910 1067 139 68 a
938 1067 166 68 stan

191 1122 196 74 ding
314 1122 246 74 Church
486 1122 172 74 not
584 1122 270 74 without
781 1122 221 74 great
928 1122 221 74 cost,

181 1186 493 76 notwithstanding
597 1186 156 76 we
674 1186 208 76 must
804 1186 182 76 not
908 1186 260 76 thinke

185 1254 285 70 therfore
399 1254 190 70 that
518 1254 166 70 God
613 1254 237 70 liketh
779 1254 142 70 of
850 1254 190 70 such
945 1254 166 70 great

185 1315 269 77 chareges
386 1315 201 77 after
520 1315 179 77 that
632 1315 134 77 he
699 1315 157 77 had
789 1315 179 77 sent
901 1315 246 77 Christ,

187 1387 153 59 and
275 1387 284 59 fulsilled
493 1387 153 59 the
581 1387 263 59 figures.
778 1387 153 59 For
865 1387 131 59 as
931 1387 219 59 before

189 1447 158 71 the
280 1447 158 71 law
370 1447 158 71 was
460 1447 203 71 made,
595 1447 135 71 it
663 1447 135 71 is
730 1447 158 71 not
820 1447 135 71 to
888 1447 135 71 be
955 1447 203 71 fosid

185 1511 193 59 that
305 1511 169 59 the
402 1511 362 59 Patriarches
691 1511 169 59 did
788 1511 193 59 ever
908 1511 217 59 bvild
1029 1511 72 59 a

188 1571 161 79 ny
269 1571 321 79 Minsters
510 1571 188 79 and
617 1571 241 79 great
778 1571 348 79 Churches,
1019 1571 80 79 e

182 1640 162 75 ven
275 1640 139 75 so
344 1640 209 75 after
483 1640 162 75 the
576 1640 348 75 disanulling
855 1640 139 75 of
924 1640 162 75 the
994 1640 116 75 law

185 1701 145 80 in
257 1701 170 80 the
354 1701 242 80 Church
524 1701 145 80 of
596 1701 266 80 Christ,
790 1701 121 80 a
839 1701 218 80 meane
984 1701 170 80 and

192 1762 258 65 sparing
379 1762 328 65 cleanlines
637 1762 281 65 pleaseth
847 1762 164 65 God
941 1762 211 65 best,

186 1825 174 77 For
286 1825 174 77 God
385 1825 323 77 misliketh
633 1825 199 77 that
757 1825 273 77 foolish
956 1825 124 77 &
981 1825 124 77 mad

185 1898 226 69 kinde
336 1898 151 69 of
411 1898 377 69 buildinges,
712 1898 176 69 not
813 1898 201 69 much
913 1898 201 69 unlike

189 1952 150 84 to
264 1952 200 84 that
389 1952 250 84 unwise
564 1952 300 84 building
788 1952 150 84 of
863 1952 300 84 Babylon,

196 2020 196 72 enter
327 2020 240 72 prising
501 2020 131 72 to
567 2020 153 72 set
654 2020 131 72 up
720 2020 153 72 the
807 2020 196 72 toppe
938 2020 131 72 of
1003 2020 153 72 the

190 2091 229 73 tower
342 2091 229 73 above
495 2091 178 73 the
597 2091 305 73 cloudes.
826 2091 178 73 For
928 2091 178 73 God
1004 2091 102 73 li

194 2150 181 74 keth
307 2150 158 74 not
398 2150 158 74 the
488 2150 362 74 riotousnesse
782 2150 136 74 of
850 2150 294 74 Churches,

193 2217 173 72 who
292 2217 272 72 without
490 2217 173 72 all
589 2217 198 72 riot
713 2217 198 72 doth
837 2217 248 72 gather
985 2217 124 72 his

193 2276 228 83 church
353 2276 274 83 together
558 2276 182 83 from
672 2276 160 83 out
763 2276 160 83 all
854 2276 160 83 the
945 2276 205 83 parts

194 2338 144 76 of
266 2338 168 76 the
362 2338 264 76 worlde,
554 2338 216 76 which
698 2338 240 76 Church
866 2338 192 76 also
986 2338 168 76 hee

187 2407 189 80 hath
306 2407 236 80 taught
471 2407 189 80 both
589 2407 378 80 sparingnesse
896 2407 165 80 and
991 2407 165 80 the

185 2466 275 72 contempt
391 2466 137 72 of
460 2466 137 72 al
529 2466 206 72 riot.
666 2466 114 72 A
712 2466 229 72 Church
872 2466 137 72 is
941 2466 206 72 large

191 2543 151 60 and
278 2543 194 60 bigge
407 2543 237 60 enough,
580 2543 129 60 it
644 2543 129 60 it
709 2543 129 60 be
774 2543 302 60 sufficient
1011 2543 129 60 to

187 2601 245 77 receive
365 2601 134 77 al
432 2601 178 77 that
543 2601 223 77 belong
699 2601 178 77 unto
810 2601 156 77 it.
899 2601 156 77 For
988 2601 156 77 the

198 2667 210 71 place
338 2667 140 71 is
408 2667 280 71 provided
618 2667 163 71 for
711 2667 163 71 men
805 2667 163 71 and
898 2667 163 71 not
991 2667 163 71 for

189 2733 204 65 God.
316 2733 178 65 But
418 2733 229 65 above
570 2733 178 65 all
672 2733 280 65 thinges
876 2733 178 65 let
952 2733 153 65 that

198 2791 209 73 place
337 2791 139 73 be
407 2791 232 73 cleane
570 2791 163 73 and
663 2791 209 73 holy.
802 2791 116 73 A
848 2791 232 73 Church
1011 2791 139 73 is

190 2862 280 69 hallowed
400 2862 140 69 or
470 2862 374 69 consecrated,
774 2862 164 69 not
867 2862 164 69 (as
961 2862 187 69 some

184 2925 160 70 doe
275 2925 434 70 supeestitiously
641 2925 251 70 thinke)
823 2925 183 70 with
937 2925 160 70 the
1006 2925 91 70 re

186 2977 321 100 hearsing
427 2977 161 100 of
507 2977 321 100 certeyne
748 2977 268 100 wordes
935 2977 161 100 or
989 2977 107 100 ma

1128 91 202 71 king
1254 91 253 71 signes
1431 91 177 71 and
1532 91 379 71 Characters,
1836 91 152 71 or
1911 91 202 71 with

1128 165 203 63 oyle,
1264 165 136 63 or
1332 165 249 63 purging
1513 165 203 63 fire,
1648 165 158 63 but
1739 165 181 63 with
1852 165 158 63 the
1942 165 158 63 wil

1126 225 170 73 of
1211 225 198 73 God
1324 225 198 73 and
1437 225 198 73 his
1550 225 480 73 commandement,
1917 225 141 73 bid

1134 291 189 67 ding
1253 291 142 67 us
1323 291 142 67 to
1394 291 284 67 assemhle
1607 291 165 67 and
1702 291 189 67 come
1796 291 260 67 together,

1141 352 304 79 promising
1374 352 164 79 his
1468 352 280 79 presence
1678 352 257 79 amongst
1865 352 140 79 us
1935 352 117 79 :
1982 352 117 79 &

1138 414 185 71 also,
1262 414 124 71 it
1324 414 124 71 is
1386 414 227 71 allowed
1550 414 124 71 by
1612 414 144 71 the
1695 414 165 71 holy
1798 414 144 71 use
1880 414 124 71 of
1942 414 144 71 it,

1133 488 165 71 For
1227 488 141 71 in
1297 488 165 71 the
1391 488 235 71 temple
1556 488 165 71 the
1650 488 188 71 holy
1767 488 259 71 Churche
1955 488 141 71 of

1130 552 166 55 God
1225 552 142 55 is
1296 552 284 55 gathered
1509 552 379 55 together:the
1816 552 189 55 true
1935 552 166 55 and

1134 608 188 78 most
1251 608 258 78 blessed
1438 608 188 78 word
1556 608 141 78 of
1626 608 164 78 God
1720 608 141 78 is
1790 608 188 78 also
1884 608 164 78 decla

1124 672 167 67 red
1219 672 143 67 in
1291 672 167 67 the
1386 672 262 67 temple:
1577 672 167 67 the
1672 672 191 67 holy
1791 672 310 67 sacramets

1136 739 139 66 of
1205 739 162 66 God
1298 739 162 66 are
1391 739 278 66 received
1600 739 139 66 in
1670 739 162 66 the
1762 739 255 66 temple:
1948 739 162 66 and

1133 800 189 70 also
1251 800 141 70 in
1322 800 165 70 the
1416 800 236 70 temple
1581 800 259 70 prayers
1770 800 165 70 are
1864 800 236 70 powred

1129 865 251 71 foorth
1305 865 151 71 to
1380 865 176 71 God
1480 865 226 71 which
1631 865 176 71 are
1732 865 201 71 most
1832 865 226 71 accepta

1129 927 185 80 ble
1234 927 211 80 unto
1340 927 132 80 him

1245 985 233 85 Verily
1408 985 163 85 the
1501 985 210 85 place
1641 985 140 85 of
1711 985 140 85 it
1780 985 210 85 selfe
1920 985 140 85 is
1967 985 93 85 no

1133 1054 225 89 thing
1283 1054 225 89 holy,
1433 1054 175 89 but
1533 1054 275 89 because
1733 1054 225 89 these
1883 1054 225 89 holye

1136 1119 218 70 things
1289 1119 153 70 are
1376 1119 175 70 done
1485 1119 131 70 in
1551 1119 175 70 that
1660 1119 196 70 place
1791 1119 131 70 in
1857 1119 240 70 respect

1136 1185 184 64 that
1251 1185 184 64 they
1366 1185 161 64 are
1458 1185 184 64 done
1573 1185 230 64 there,
1734 1185 161 64 the
1826 1185 207 64 place
1964 1185 138 64 it

1135 1244 201 79 selfe
1269 1244 134 79 is
1336 1244 223 79 called
1492 1244 201 79 holy.
1626 1244 290 79 Therefore
1849 1244 156 79 not
1916 1244 134 79 with

1124 1309 176 70 out
1225 1309 227 70 great
1376 1309 227 70 cause
1527 1309 227 70 ought
1678 1309 176 70 all
1753 1309 302 70 prophanati

1137 1374 134 78 on
1204 1374 156 78 and
1293 1374 289 78 filthines
1515 1374 134 78 be
1582 1374 200 78 farre
1715 1374 178 78 from
1827 1374 156 78 the
1916 1374 178 78 holy

1123 1443 259 69 temple
1304 1443 155 69 of
1382 1443 181 69 the
1486 1443 259 69 Lorde.
1667 1443 181 69 The
1770 1443 337 69 Senatours

1129 1510 207 72 court
1267 1510 138 72 or
1336 1510 184 72 seat
1452 1510 138 72 of
1521 1510 277 72 judgemet
1728 1510 138 72 is
1797 1510 300 72 accounted

1131 1576 138 63 so
1200 1576 184 63 holy
1315 1576 115 63 a
1361 1576 229 63 thing,
1521 1576 184 63 that
1636 1576 298 63 whosoever
1865 1576 229 63 either

1126 1642 149 65 in
1201 1642 199 65 word
1325 1642 149 65 or
1400 1642 323 65 deedeused
1648 1642 298 65 himselfe
1847 1642 199 65 unreve

1126 1714 239 61 rently
1294 1714 287 61 towardes
1509 1714 168 61 it,
1605 1714 239 61 should
1773 1714 144 61 be
1844 1714 263 61 accused

1121 1766 143 80 of
1193 1766 287 80 treason.
1408 1766 167 80 And
1503 1766 167 80 yet
1599 1766 143 80 in
1671 1766 191 80 this
1790 1766 215 80 court
1934 1766 167 80 the

1127 1825 317 78 Senators
1364 1825 237 78 onely
1522 1825 185 78 are
1628 1825 317 78 gathered
1865 1825 185 78 and
1944 1825 106 78 as

1134 1900 254 65 semhled
1319 1900 300 65 together,
1550 1900 139 65 to
1619 1900 208 65 heare
1758 1900 162 65 the
1850 1900 254 65 matters

1134 1959 142 75 of
1205 1959 261 75 suiters
1395 1959 142 75 in
1467 1959 261 75 thinges
1656 1959 332 75 transitory
1918 1959 190 75 that

1131 2023 226 71 shall
1282 2023 226 71 passe
1432 2023 201 71 away
1558 2023 176 71 and
1658 2023 276 71 perish.
1859 2023 151 71 By
1934 2023 176 71 how

1133 2092 203 76 much
1260 2092 178 76 the
1361 2092 203 76 more
1489 2092 203 76 then
1616 2092 229 76 ought
1768 2092 331 76 reverence

1130 2149 151 71 to
1205 2149 176 71 bee
1306 2149 226 71 given
1456 2149 201 71 unto
1581 2149 301 71 temples,
1807 2149 201 71 into
1933 2149 176 71 the

1133 2216 214 81 which
1276 2216 166 81 the
1371 2216 285 81 children
1584 2216 142 81 of
1655 2216 166 81 God
1750 2216 166 81 doe
1845 2216 190 81 come
1964 2216 142 81 to

1123 2275 293 74 woorship
1342 2275 195 74 him,
1464 2275 146 74 to
1537 2275 220 74 heare
1684 2275 171 74 the
1782 2275 195 74 true
1904 2275 195 74 word

1120 2348 146 80 of
1193 2348 195 80 God,
1314 2348 170 80 and
1412 2348 146 80 to
1485 2348 268 80 receive
1680 2348 170 80 his
1777 2348 195 80 holy
1875 2348 170 80 sacra

1121 2407 252 81 ments:
1297 2407 177 81 And
1398 2407 328 81 therefore
1650 2407 151 81 as
1726 2407 151 81 we
1802 2407 202 81 hate
1928 2407 177 81 and

1120 2478 271 75 abandon
1317 2478 172 75 all
1416 2478 394 75 superstition
1735 2478 148 75 in
1809 2478 295 75 temples,

1124 2537 153 70 so
1201 2537 153 70 we
1278 2537 204 70 love
1405 2537 179 70 not
1508 2537 179 70 the
1610 2537 409 70 prophanation
1942 2537 153 70 of

1119 2600 240 72 them,
1279 2600 186 72 yea
1386 2600 266 72 rather
1572 2600 133 72 I
1625 2600 186 72 say
1732 2600 186 72 wee
1838 2600 186 72 can
1918 2600 133 72 not

1119 2656 217 82 abide
1263 2656 169 82 it.
1360 2656 265 82 Neither
1552 2656 193 82 have
1673 2656 169 82 wee
1769 2656 265 82 leysure
1962 2656 144 82 at

1125 2728 193 80 this
1246 2728 193 80 time
1366 2728 217 80 about
1511 2728 169 80 the
1608 2728 410 80 consideration
1945 2728 145 80 of

1126 2792 257 81 temples
1312 2792 140 81 to
1382 2792 280 81 rehearse
1593 2792 163 81 and
1686 2792 233 81 search
1849 2792 163 81 out
1943 2792 140 81 of

1119 2856 164 75 pen
1212 2856 164 75 and
1306 2856 235 75 plaine
1471 2856 399 75 superstitios.
1799 2856 141 75 Of
1870 2856 211 75 which

1107 2931 274 67 matter
1298 2931 192 67 wee
1408 2931 219 67 have
1544 2931 274 67 spoken
1736 2931 164 67 in
1791 2931 246 67 another

1124 2985 220 84 place,
