2324 3240
205 96 186 91 out,
321 96 186 91 shal
438 96 140 91 we
508 96 210 91 judge
648 96 163 91 him
741 96 140 91 to
811 96 140 91 be
881 96 163 91 wel
974 96 140 91 in
1020 96 117 91 his

212 166 189 87 wits
330 166 212 87 which
472 166 283 87 offereth
685 166 165 87 the
779 166 212 87 light
921 166 142 87 of
991 166 118 87 a
1015 166 118 87 bur

208 230 200 86 ning
333 230 225 86 wato,
483 230 250 86 candle
658 230 150 86 or
732 230 225 86 taper
882 230 175 86 for
982 230 125 86 a
1007 230 125 86 pre

206 294 155 71 sen
294 294 155 71 tto
383 294 155 71 the
471 294 243 71 authour
647 294 155 71 and
736 294 199 71 giver
868 294 132 71 of
934 294 199 71 light
1067 294 110 71 :

211 359 181 93 Hee
314 359 336 93 requireth
573 359 232 93 other
728 359 258 93 manner
909 359 155 93 of
960 359 181 93 light

219 431 144 83 at
291 431 168 83 our
387 431 264 83 handes,
579 431 168 83 and
675 431 192 83 that
796 431 168 83 not
892 431 288 83 smoakie,

219 490 155 73 but
308 490 222 73 cleare
463 490 155 73 and
552 490 244 73 bright,
729 490 133 73 to
796 490 155 73 wit
885 490 155 73 the
974 490 200 73 light

219 557 173 74 of
306 557 202 74 the
421 557 289 74 minde.
623 557 202 74 But
739 557 144 74 a
797 557 202 74 man
912 557 202 74 may
999 557 144 74 com

217 624 212 61 monly
359 624 165 61 see
453 624 141 61 in
523 624 212 61 these
664 624 235 61 dayes,
829 624 118 61 a
876 624 212 61 great
994 624 141 61 part

213 685 150 77 of
288 685 175 77 the
388 685 374 77 worshipping
687 685 150 77 of
762 685 175 77 God
862 685 150 77 to
936 685 150 77 be
986 685 150 77 repo

215 748 165 75 sed
310 748 141 75 in
380 748 165 75 the
475 748 283 75 offering
687 748 141 75 of
757 748 283 75 candels,
969 748 212 75 which

220 820 217 69 thing
364 820 144 69 is
437 820 241 69 cleane
605 820 265 69 against
798 820 169 69 the
894 820 289 69 manifest

224 884 206 72 truth,

297 949 272 68 Amongst
495 949 223 68 other
643 949 371 68 instruments
940 949 148 68 of
1014 949 173 68 the

219 1008 260 80 Church,
408 1008 189 80 bels
527 1008 165 80 are
621 1008 284 80 reckoned
834 1008 213 80 uppe,
976 1008 213 80 which

222 1071 137 71 at
291 1071 206 71 these
428 1071 206 71 dayes
565 1071 160 71 are
657 1071 183 71 unto
771 1071 160 71 us,
863 1071 137 71 as
931 1071 137 71 in
1000 1071 183 71 olde

218 1134 191 78 time
337 1134 286 78 trumpets
552 1134 191 78 were
671 1134 191 78 unto
790 1134 167 78 the
885 1134 238 78 people
1052 1134 143 78 of

221 1201 173 83 God
320 1201 173 83 For
419 1201 198 83 they
543 1201 223 83 serue
692 1201 149 83 to
766 1201 173 83 cal
865 1201 173 83 the
939 1201 198 83 congre

225 1269 239 68 gation
393 1269 311 68 together,
632 1269 168 68 and
728 1269 192 68 they
848 1269 168 68 are
919 1269 216 68 numbred

218 1335 243 56 among
380 1335 270 56 tokens
569 1335 189 56 and
677 1335 351 56 warnings.
948 1335 243 56 About

219 1391 179 68 bels
330 1391 201 68 there
464 1391 134 68 is
531 1391 112 68 a
576 1391 290 68 wonderful
799 1391 380 68 superstition,

222 1455 182 68 They
336 1455 159 68 are
427 1455 318 68 christened
677 1455 136 68 by
745 1455 273 68 bishops:
950 1455 159 68 and
1041 1455 136 68 it

217 1523 146 83 is
290 1523 268 83 thought
485 1523 146 83 ye
558 1523 195 83 they
680 1523 195 83 have
802 1523 244 83 polver
972 1523 146 83 to
1021 1523 122 83 put

214 1580 200 77 away
339 1580 175 77 any
439 1580 225 77 great
588 1580 299 77 tempest.
813 1580 150 77 In
888 1580 175 77 the
987 1580 200 77 olde

218 1657 187 68 time
335 1657 164 68 men
428 1657 187 68 were
545 1657 257 68 slirred
732 1657 140 68 up
802 1657 140 68 to
873 1657 234 68 prayer
1036 1657 140 68 by

224 1717 363 68 theringing
509 1717 155 68 of
587 1717 233 68 them,
742 1717 207 68 what
872 1717 207 68 time
1001 1717 181 68 any

223 1782 187 83 fore
339 1782 257 83 tempest
526 1782 164 83 did
620 1782 280 83 riserbut
830 1782 164 83 now
924 1782 164 83 the
994 1782 140 83 very

227 1836 248 74 ringing
408 1836 135 74 of
475 1836 203 74 bels,
611 1836 270 74 byreason
813 1836 135 74 of
881 1836 203 74 their
994 1836 135 74 cose

227 1909 229 71 cratio
387 1909 252 71 seemeth
570 1909 137 71 to
639 1909 183 71 have
753 1909 114 71 a
799 1909 274 71 peculiar
1005 1909 183 71 kind

223 1974 153 62 of
300 1974 256 62 vertue
479 1974 153 62 in
556 1974 179 62 it.
658 1974 179 62 Tho
760 1974 179 62 ean
863 1974 179 62 but
939 1974 205 62 marvel

223 2039 168 71 and
319 2039 144 71 be
391 2039 289 71 astonied
608 2039 144 71 at
680 2039 192 71 this
800 2039 265 71 extreme
969 2039 168 71 blind

227 2101 241 67 nesse:
396 2101 289 67 Moreover
613 2101 193 67 they
733 2101 169 67 use
830 2101 241 67 belles
998 2101 145 67 to
1047 2101 96 67 be

224 2169 224 63 wayle
373 2169 174 63 the
473 2169 224 63 dead.
622 2169 149 63 Al
696 2169 224 63 which
845 2169 248 63 things
1019 2169 174 63 are

234 2227 408 71 superstitious,
574 2227 159 71 and
665 2227 113 71 ,
710 2227 249 71 utterly
892 2227 136 71 to
960 2227 159 71 bee
1028 2227 113 71 con

211 2282 309 71 temned:
435 2282 225 71 ymum
576 2282 168 71 or
660 2282 281 71 id124s
856 2282 168 71 1:
941 2282 253 71 Tmmar

320 2355 169 71 For
416 2355 241 71 somuch
585 2355 145 71 as
658 2355 265 71 thetrue
851 2355 169 71 use
947 2355 145 71 of
1019 2355 169 71 the

233 2417 220 79 church
387 2417 198 79 goods
519 2417 308 79 consisteth
762 2417 132 79 in
828 2417 198 79 those
960 2417 220 79 things

229 2486 215 58 which
373 2486 144 58 we
444 2486 287 58 reckoned
660 2486 144 58 up
731 2486 263 58 before,
923 2486 144 58 it
971 2486 167 58 follo

231 2543 187 77 weth
347 2543 187 77 that
464 2543 163 77 the
557 2543 210 77 abuse
698 2543 233 77 therof
861 2543 187 77 must
978 2543 210 77 needs

230 2612 143 66 be
302 2612 143 66 in
373 2612 167 66 the
469 2612 334 66 rftraries,
732 2612 263 66 whether
923 2612 143 66 we
995 2612 143 66 do
1042 2612 96 66 of

227 2675 182 73 fend
341 2675 137 73 in
410 2675 160 73 dne
501 2675 182 73 kind
615 2675 137 73 or
683 2675 137 73 im
751 2675 205 73 many.
888 2675 251 73 Justice
1071 2675 114 73 &

233 2742 217 63 equity
385 2742 130 63 is
450 2742 130 63 to
515 2742 130 63 be
580 2742 173 63 kept
689 2742 130 63 in
754 2742 195 63 these
884 2742 130 63 as
949 2742 173 63 well
1057 2742 130 63 as

230 2797 127 77 in
293 2797 149 77 all
378 2797 191 77 other
506 2797 234 77 things,

261 2861 159 78 Te
341 2861 239 78 ought
501 2861 186 78 not
607 2861 159 78 to
686 2861 213 78 take
819 2861 213 78 from
952 2861 186 78 one
1032 2861 106 78 ma

231 2932 119 69 &
279 2932 190 69 give
397 2932 142 69 to
469 2932 285 69 another,
682 2932 166 69 but
777 2932 166 69 wee
872 2932 190 69 must
991 2932 190 69 give

223 2996 315 85 untoevery
465 2996 170 85 one
562 2996 194 85 that
683 2996 218 85 which
828 2996 145 85 is
901 2996 170 85 his
998 2996 194 85 own.

1151 99 328 86 Therefore
1403 99 151 86 we
1479 99 177 86 may
1580 99 177 86 not
1680 99 202 86 take
1807 99 177 86 any
1907 99 227 86 thing

1158 181 190 65 from
1277 181 166 65 the
1372 181 214 65 poore
1515 181 166 65 and
1610 181 190 65 give
1729 181 143 65 it
1800 181 143 65 to
1871 181 166 65 the
1942 181 143 65 mini

1152 235 197 81 sters
1283 235 131 81 of
1349 235 131 81 ye
1415 235 219 81 church
1568 235 109 81 :
1612 235 241 81 neither
1787 235 131 81 is
1852 235 197 81 their
1962 235 109 81 por

1153 302 195 72 tion
1275 302 171 72 and
1372 302 366 72 necessaries
1665 302 146 72 to
1738 302 146 72 be
1811 302 219 72 taken
1933 302 146 72 from

1152 379 207 58 them,
1290 379 184 58 that
1405 379 161 58 the
1497 379 207 58 poore
1635 379 161 58 may
1727 379 184 58 live
1842 379 276 58 thereof,

1160 433 164 62 The
1253 433 188 62 holy
1371 433 305 62 scripture
1605 433 234 62 giveth
1769 433 164 62 one
1863 433 258 62 portion

1155 498 136 65 of
1223 498 159 65 the
1314 498 227 65 church
1472 498 204 65 goods
1608 498 136 65 to
1676 498 159 65 the
1767 498 294 65 ministers
1993 498 136 65 of

1158 555 183 68 the
1262 555 261 68 Church
1445 555 131 68 :
1497 555 183 68 and
1602 555 183 68 the
1706 555 209 68 same
1837 555 287 68 Churche

1156 619 245 71 willeth
1334 619 134 71 us
1401 619 134 71 to
1468 619 178 71 give
1579 619 178 71 unto
1690 619 156 71 the
1779 619 200 71 poore
1913 619 200 71 their

1152 694 203 71 part.
1288 694 293 71 Therefore
1513 694 135 71 if
1581 694 248 71 bishops
1761 694 135 71 or
1829 694 293 71 ministers

1153 747 151 62 of
1228 747 176 62 the
1329 747 251 62 Church
1504 747 151 62 do
1580 747 326 62 challenge
1831 747 201 62 unto
1931 747 151 62 them

1151 810 231 74 selves
1312 810 161 74 all
1405 810 161 74 the
1497 810 231 74 church
1658 810 231 74 goods,
1819 810 115 74 &
1866 810 184 74 give
1958 810 115 74 not

1153 877 195 79 unto
1275 877 171 79 the
1372 877 220 79 poore
1519 877 220 79 their
1665 877 244 79 partes
1836 877 171 79 due
1934 877 195 79 unto

1150 940 226 73 them,
1301 940 201 73 they
1426 940 251 73 defile
1602 940 352 73 themselves
1878 940 201 73 with
1979 940 100 73 sa

1153 1003 282 79 criledge.

1191 1062 149 81 If
1266 1062 174 81 the
1365 1062 323 81 ministers
1613 1062 149 81 do
1688 1062 174 81 not
1787 1062 298 81 challege
1986 1062 99 81 un

1160 1131 130 74 to
1225 1131 282 74 thefelves
1442 1131 130 74 al
1507 1131 152 74 the
1594 1131 195 74 goods
1724 1131 130 74 of
1789 1131 152 74 the
1876 1131 239 74 Church,

1157 1201 125 71 &
1207 1201 174 71 yet
1307 1201 174 71 doe
1406 1201 199 71 take
1531 1201 299 71 unjustly
1755 1201 199 71 more
1880 1201 199 71 than
1979 1201 100 71 ey

1150 1272 191 56 ther
1269 1272 143 56 it
1341 1272 310 56 becommeth
1579 1272 215 56 them,
1722 1272 143 56 or
1794 1272 191 56 than
1913 1272 215 56 neede

1154 1322 315 80 requireth,
1401 1322 135 80 or
1468 1322 292 80 otherwise
1693 1322 180 80 than
1805 1322 157 80 the
1895 1322 225 80 decree

1146 1386 148 77 of
1220 1386 173 77 God
1319 1386 173 77 and
1418 1386 173 77 the
1517 1386 297 77 Apostles
1740 1386 198 77 doth
1863 1386 272 77 allower

1157 1455 135 73 or
1224 1455 180 73 else
1336 1455 135 73 if
1404 1455 180 73 they
1516 1455 225 73 spende
1673 1455 337 73 unthriftily
1942 1455 180 73 that

1153 1512 263 84 portion
1344 1512 167 84 due
1440 1512 191 84 unto
1559 1512 191 84 the,
1679 1512 191 84 they
1798 1512 335 84 grievously

1157 1592 291 70 offende.
1375 1592 170 70 But
1472 1592 194 70 they
1593 1592 218 70 sinne
1738 1592 291 70 greatly,
1932 1592 145 70 yea,

1146 1659 193 68 most
1266 1659 289 68 horribly
1483 1659 145 68 if
1556 1659 193 68 they
1676 1659 193 68 wast
1797 1659 169 68 the
1893 1659 241 68 goodes

1156 1717 142 70 of
1227 1717 166 70 the
1322 1717 237 70 poore,
1488 1717 142 70 in
1559 1717 284 70 hunting,
1772 1717 261 70 dicing,
1938 1717 142 70 drin

1149 1779 199 73 king
1274 1779 174 73 and
1373 1779 299 73 ryoting,
1598 1779 224 73 whore
1747 1779 299 73 hunting,
1971 1779 150 73 or

1157 1839 194 70 else
1278 1839 146 70 in
1351 1839 340 70 warrefare,
1618 1839 194 70 :and
1739 1839 146 70 in
1812 1839 170 70 the
1909 1839 218 70 meane

1157 1903 219 72 time:
1302 1903 194 72 have
1424 1903 146 72 no
1497 1903 267 72 regarde
1691 1903 146 72 of
1764 1903 170 72 the
1861 1903 267 72 Church,

1156 1969 275 69 neyther
1356 1969 200 69 care
1481 1969 200 69 whut
1606 1969 150 69 is
1682 1969 200 69 done
1807 1969 250 69 there,
1982 1969 150 69 or

1159 2034 206 81 how.

1230 2090 161 77 But
1322 2090 138 77 if
1391 2090 115 77 a
1437 2090 184 77 just
1552 2090 161 77 and
1644 2090 184 77 good
1760 2090 253 77 portion
1944 2090 184 77 fall

1152 2161 186 73 unto
1268 2161 163 73 the
1361 2161 233 73 poore,
1524 2161 256 73 perhaps
1710 2161 210 73 there
1850 2161 186 73 will
1967 2161 163 73 bee

1153 2235 121 71 a
1201 2235 219 71 fault
1347 2235 146 71 in
1420 2235 194 71 this
1541 2235 243 71 poynt,
1712 2235 146 71 in
1784 2235 170 71 the
1857 2235 219 71 Steward

1152 2289 172 65 or
1238 2289 316 65 Almonar
1468 2289 316 65 through
1698 2289 287 65 favour
1900 2289 172 65 or
1957 2289 115 65 ha

1153 2355 218 70 tred,
1298 2355 194 70 that
1419 2355 194 70 they
1541 2355 194 70 that
1662 2355 194 70 have
1783 2355 194 70 most
1904 2355 218 70 neede

1157 2412 217 76 shall
1301 2412 193 76 have
1422 2412 289 76 nothing,
1639 2412 169 76 and
1735 2412 169 76 the
1831 2412 217 76 least
1952 2412 120 76 wor

1154 2496 180 60 thie
1267 2496 203 60 shall
1403 2496 180 60 have
1515 2496 203 60 most,
1651 2496 180 60 then
1763 2496 135 60 in
1831 2496 180 60 this
1944 2496 180 60 case

1156 2547 212 71 there
1298 2547 141 71 is
1368 2547 188 71 also
1486 2547 212 71 great
1627 2547 259 71 offence
1815 2547 306 71 committed

1159 2605 270 82 through
1356 2605 245 82 filthy
1527 2605 245 82 abuse.
1699 2605 172 82 But
1797 2605 147 82 of
1871 2605 172 82 all
1944 2605 123 82 abu

1156 2668 175 77 ses,
1266 2668 175 77 that
1375 2668 241 77 seemeth
1550 2668 131 77 to
1616 2668 131 77 be
1681 2668 153 77 the
1769 2668 350 77 shamefullest

1158 2748 251 61 which
1326 2748 167 61 is
1409 2748 223 61 nowe
1549 2748 140 61 a
1605 2748 251 61 daies
1772 2748 279 61 almost
1939 2748 140 61 com

1157 2796 224 71 monly
1306 2796 224 71 used.
1455 2796 174 71 Wee
1555 2796 249 71 bestow
1729 2796 224 71 great
1878 2796 249 71 costes

1162 2866 164 67 and
1255 2866 280 67 chareges
1465 2866 187 67 upon
1582 2866 234 67 stones
1746 2866 164 67 and
1839 2866 280 67 stockes,

1158 2925 178 82 that
1269 2925 133 82 is
1336 2925 133 82 to
1402 2925 156 82 say
1491 2925 200 82 uppon
1625 2925 200 82 idols
1758 2925 200 82 voyde
1891 2925 133 82 of
1958 2925 156 82 all

1156 2993 512 78 understandingbut
1592 2993 230 78 there
1745 2993 154 78 is
1822 2993 154 78 no
1873 2993 205 78 regard
