1416 2066
273 221 729 279 Et hoc, quod su videtur, quod intelle¬
236 264 734 319 ctus agens quandoque intelligit quando
232 305 729 354 fuerit copulatus nobis, & quandoque
234 345 729 402 non intelligit, accidit ei propter mix¬
238 386 726 426 tionem scilicet propter mixtionem eius
234 424 727 466 cum intellectu materiali, & quod ex
232 461 721 506 hoc modo tantum fuit coactus Ari.
226 508 725 546 sto. ad ponendum intellectum ma¬
229 540 726 591 terialem, non quia intelligibilia spe
226 578 650 633 culatiue sint generata & facta.
270 618 721 658 Et confirmauerunt hoc per hoc,
228 663 724 699 quod propalauit Arist. quod quando intel
231 697 725 738 lectus agens existit in anima nobis¬
227 739 723 778 cum, videmur denudare vniuersali
232 776 720 818 ter formas a materijs primo, dein¬
226 813 730 866 de intelligere eas. & denudare eas ni
229 852 725 890 hil aliud est nisi facere eas intelle¬
237 893 729 937 ctas in actu, postquam erant in po¬
228 932 717 978 tentia. quemadmodum comprehen
235 970 731 1010 dere eas nihil aliud est quam reci¬
223 1012 357 1058 pere eas.
268 1084 727 1130 Et, cum viderunt hanc actionem,
230 1133 730 1177 quae est ereare intellecta, & genera¬
231 1164 733 1207 re ea, esse reuersam ad nostram vo¬
233 1205 727 1255 luntatem, & augumentabilem in no¬
230 1244 734 1294 bis seecundum augumentationem in
235 1284 735 1322 tellectus, scilicet qui est in nobis, sci
229 1319 731 1362 licet speculatiui: & iam fuit declara¬
233 1365 729 1410 tum quod intellectus, qui creat, & gene¬
226 1396 731 1442 rat intelligibilia & intellecta, est in¬
232 1444 729 1489 telligentia agens, ideo dixerunt quod
226 1465 731 1514 intellectus, qui est in habitu, est ipse
233 1513 732 1554 intellectus. sed accidit debilitas quam
234 1554 732 1602 doque, quandoque additio propter.
232 1594 734 1634 mixtionem. Hoc igitur mouit Theo¬
240 1629 736 1674 phrastum, & Themistium, & alios
228 1673 734 1714 ad opinandum hoc de intellectu spe
233 1711 732 1755 culatiuo, & ad dicendum quod haec erat
230 1747 508 1802 opiuio Aristotelis.
764 220 1267 274 & intellectu actu existente. Et quod in
761 260 1259 316 tellectus agens cum videatur quandoque in¬
763 301 1273 356 telligere videlicet quando est contunctus
763 338 1262 394 nobis, quandoque vero non intelligat, id qui
756 378 1261 432 dem contingere propterea quod est im
760 421 1269 466 mixtus: nempe quia ipsi intellectui
759 461 1269 498 materiali immixtus est & quod ob hanc
759 494 1260 545 tamteum rationem fuit coactus Aristoteles po¬
758 539 1266 578 nere intellectum materialem: non propterea,
759 573 1263 627 quod ipsa intelligibilia speculatiua sim
762 613 1257 664 nouiter oenita & fcam. Quam sniam,
751 642 1269 696 ilicet quod intellectus speculatiuus nihil ali¬
755 693 1261 730 ud sit quae intellectus in actu, ideo com¬
760 730 1256 769 firmant, quia inueniunt Aristotelem
756 769 1252 821 affimare intellectum agentem reperiri
758 808 1253 850 in anima nitraus cum videamur expolia
758 846 1251 899 re primo formas ab ipsis materijs
760 891 1261 940 mox eas intelligere, quae expoliatio ni
761 925 1267 970 hil aliud est, quid efficere eas intelligi
761 965 1262 1018 biles actu, postquam erant intelligibiles
760 1005 1263 1058 in potentia. quemadmodum & cognosce
762 1052 1264 1094 re eas nihil aliud est quaes recipere eas.
798 1084 1262 1130 Et, cum viderint huiuscemodi
767 1125 1261 1176 actionem, videlicet ereandi, ac ges
762 1165 1267 1214 nerandi ipsa intelligibilia, reuerti
758 1202 1255 1245 ac reduci ad nostram uoluntatem,
768 1245 1263 1283 oririque, ac augeri in nobis ad ortum,
764 1282 1265 1334 atque incrementum ipsius intellectus,
760 1317 1256 1358 qui in nobis existit, hoc est intelle¬
761 1358 1259 1401 ctus speculatiui: &, cum iam sit no¬
763 1404 1267 1449 tum quod intellectus, qui creat, ac gene
761 1445 1260 1490 rat illa intelligibilia, quae sunt in poten
763 1476 1261 1529 tia, ita ut ea actu intelligibilia red¬
763 1517 1263 1567 dat, sit intellectus agens: ideo dixe¬
761 1556 1260 1594 runt quod intelllectus, qui habitu existit
774 1593 1262 1634 seu adeptus, est illemet intellectus.
759 1633 1261 1674 sed efficitur quandoque imbecilli¬
765 1676 1263 1719 or, quandoque vero ualidior pro¬
766 1716 1262 1762 pter ipsam mixtionem. Hoc itaque
763 1749 1267 1794 est, quod induxit Theophrastum,
761 1788 1266 1827 & Themistium, & alios opinari haec
767 1827 1265 1874 de intellectu speculatiuo, affirmare¬
758 1860 1265 1910 que hanc esse Aristotelis sententiam.
