1416 2066
166 196 1226 241 sibile. secundum se autem, non ratione, sed quoniam in seipso habet
179 236 562 289 causam essendi visibile.
226 300 1218 357 Ergo cuius est uisus, id est uisibile. uisibile autem est color, & quod
173 341 1218 394 oratione quidem exprimi potest, nomine autem caret: uerum in oratio¬
171 395 1220 451 nis progressu maxime perspicuum fiet quod dicimus. quippe uisibile est
173 440 1217 491 color, qui demum est id quod in eo est, quod est per se uisibile: per se au¬
173 488 1124 539 tem non ratione, sed quoniam in se habet causam cur sit uisibile.
210 548 1215 597 Illud igitur, cui atribuitur visus, est visibile. Visibile enim est
174 596 1206 643 color, & quod est possibile dici, sed non est dictum. & post apparebit
170 635 1208 684 quod dicimus magis. Visibile enim est color. & hoc est visibile per
170 678 1208 731 se. & est dicere per se, non secundum intentionem, sed in eo inuenitur cau
168 723 544 780 sa in hoc, quod est visibile.
187 787 1201 838 Cum compleuit sermonem vniversalem de sensibilibus, reuersus est ad sermo¬
175 828 1212 876 nem proprium de vnoquoque sensibili, & primo de sensibili visus, & d. Illud
169 869 1208 915 autem cui attribuitur visus idest, & manifestum est per se quod sensibile,
170 907 1210 948 quod attribuitur visui, proprie est visibile. & visibile est color, & sibi simi¬
169 948 1201 988 le ex rebus, quae videntur in obscuro, quae non habent nomen congregans
172 986 1208 1031 in colore, neque etiam in se habent nomen, quod demonstret de eis illud
168 1028 1208 1072 quod est quasi genus, sed non possunt exponi nisi sermone composito.
166 1067 1210 1106 ver. gra. quod dicamus quod sunt ea, quae videntur in obscuro, & non viden¬
168 1101 1208 1147 tur in in luce: vt conchae. Deinde dicit. & post apparebit, &c. idest &
163 1142 1204 1187 nos declarauimus modum post, secundum quem dicitur quod color, & ista sunt
167 1184 1200 1225 visibilia, scilicet vtrum haec dicantur aequiuoce, aut secundum prius & posterius. D.d.
176 1220 1209 1266 Visibile enim est color, &c. i. visibile enim in rei veritate est color, aut est
164 1253 1198 1302 illud, quod per se est visibile. Et est dicere per se, non secundum primam
168 1298 1203 1346 intentionem intentionum, de quibus dicitur, illud quiod est essentialiter, &
160 1339 1198 1387 est modus, in quo praedicatum est in substantia subiecti. sed secundum intentionem
162 1379 1193 1417 secundam, & est illud, in quo subiectum est in definitione praedicati. co¬
158 1413 1194 1460 lor enim est causa vt res sit visibilis. & per hoc, quod dixit, sed in eo inut
160 1458 1191 1499 nitur causa. intendit secundum quod color est causa, aut in eo inuenitur cau¬
159 1492 510 1547 sa, vt aliquid sit visibile.
206 1555 1194 1604 Omnis enim color mouens est eius quod secundum actum dia¬
163 1602 1199 1651 phanir & haec est ipsius natura. vnde quidem non est visibile sine
164 1643 1195 1691 iumine. propter quod de lumine primo dicendum est. Est igitur,
162 1683 500 1739 aliquid diaphanum.
209 1732 1195 1797 Omnis autem color motiuus est eius quod est actu perlucidum, atque,
151 1780 1191 1832 id est ipsius natura feccirco non est uisibile sine lumine: sed omnis color
157 1835 1198 1882 rei cuiusque, in lumine uidetur: quamobrem, de lumine prius quid sit dicen
158 1875 727 1947 dum est. est erga aliquid perlucidum.
