1416 2066
203 149 716 194 est in his duntaxat rebus, in quibus id quod
206 189 709 220 mouetur, ab eo quod mouetur, abiunctum,
215 221 705 251 est, velut a bobus moueri plaustra dicuntur,
204 253 709 283 sed quia communius dicitur ab aliquo mo
215 285 708 314 ueri id. quod intercedente aliquo moue¬
215 316 704 346 tur: sic enim artifex ab arte mouetur, quia
216 342 705 378 per artemus, sic ignis a leuitate, sic ipsum
202 381 704 410 animal ab anima moueri dicitur, quia per
202 409 706 434 animam, siue intercedente anima mouetur.
208 435 708 475 motio enim eiusmodi animali ea parte com
213 473 703 506 petit, quam animatum est, non autem qua gra¬
211 502 707 534 ue, aut lene, aut calidum, aut frigidum, al¬
214 529 708 568 bum, aut nigrum. Sic igitur intellexisti, quod
210 560 707 593 supposita sunt, quae vere mouentur, & quae
208 589 708 627 proprie mouent, sed formae suppositorum
206 622 712 659 sunt ratio, per quam fit motus sicut artifex
210 651 711 689 est, qui proprie mouet materiam artis, sed
209 682 471 720 ars est ratio mouendi.
243 709 715 747 Vigesimaseptima contradi. est in com 3s.
208 745 703 778 Dicit Com: quod caput est principium sensatio
204 777 709 820 nis. Huius oppositum habetur in libio de
207 805 707 842 sensu & sensi. vbi dicitur quod cor. Soluitur.
207 839 708 877 quicquid dic int alii, veritas est ista. cor est
214 870 704 910 principium omnis sensationis, cerebrum nul
211 901 711 938 lius sensationis principium est, sed natura
215 931 712 973 produxit ipsum ad contra operandum cor¬
204 964 707 1003 di per sui frigiditatem in contemperando cor
203 993 713 1026 dis calorem. ista est Aristo. via, istud sentit
208 1025 702 1058 Com. in com. suo super libro de somno & vigi
208 1055 701 1090 lia in secunda coluna, vbi declarat quod sen
202 1086 705 1128 sus communis organice est in corde, & quod
204 1119 703 1154 cerebrum non concurrit, nisi tanquam in¬
206 1150 711 1183 strumentum ad contemperandum calorem
206 1182 710 1220 cordis, vt sit proportionatus pro operationi
214 1212 706 1243 bus sensitiuis. Sed Medici instant ratione
204 1242 705 1274 sensata quod sensus sint organice in cerebro, quia
204 1273 707 1309 stante nocumento in prima parte cerebri,
202 1304 702 1339 fit nocumentum in virtute imaginatiua, &
203 1339 702 1375 in sensu communi, sicut illo, qui praecipie
207 1366 703 1404 bat quod tibicines deberent excludi a domo
202 1396 706 1438 propter impedimentum, quod sibi infere¬
206 1426 710 1465 bant. stante nocumento in medio fit nocu
211 1460 707 1502 mentum in virtute cogitatiua: sicut fuit il¬
202 1488 705 1522 le, qui proliciebat vasa argentea per fenestram
210 1525 712 1560 quidam autem habent nocumentum in
204 1551 704 1589 parte posteriori cerebri: & illi non possunt
204 1583 706 1616 memorari alicuius rei praeteritae. ergo vide
204 1617 704 1651 tur quod ista instrumenta talium sensationum
211 1642 709 1677 sunt in cerebro, & non in corde, hoc est ar¬
215 1676 702 1716 gumentum contra philosophos. Nos dici¬
209 1708 703 1738 mus pro Philosophis quod hoc nihil mouet
203 1737 710 1770 Nam ista contingunt propter impedimen¬
208 1769 704 1802 tum, quod est in corde. nam facta laesione
204 1800 705 1834 in cerebro in aliqua sui parte, impeditur men
207 1831 705 1866 sura illa caloris deseruientis tali virtuti in
206 1865 708 1898 corde organice existentis. vnde cerebrum
738 156 1250 194 secundum diuersas sui partes contemperat calorem
742 189 1242 226 cordis tali, vel tali virtuti deseruientem. &
745 221 1239 249 inde est quod facto nocumento in parte me¬
740 249 1241 282 dia cerebri impeditur temperamentum, &
739 284 1241 314 mensura caloris naturalis existentis in cor¬
734 311 1240 346 de: quod temperamentum, & quae mensu¬
738 345 1243 379 ra est instrumentum virtutis cogitatiuae in
739 374 1243 410 corde organice existentis. & ista est senten¬
743 412 1244 442 tia Philosophi in. 2. de partibus animalium
738 436 1244 475 cap. 7. & sic de aliis dicas consequenter. ista
737 469 1235 508 sunt ex praecordijs Antiquorum Peripate¬
738 497 1242 530 ticorum, & a truffatoribus minime intelle
736 527 1244 562 cta, quorum doctrina non consistit, nisi in
736 564 1246 595 multitudine verborum. volunt enim facere no
747 591 1250 626 las sectas, & miscere Graeca Latinis, & medi
740 623 1240 658 cinalia, & Platonica cum Aristo. & neutrum
741 659 1247 695 attingunt. sicut cuilibet parum exercitato
739 684 1143 724 in Philosophia Arist. patere potest
768 716 1246 754 Vigesimaoctaua contradi. est in tex. A4 0.
739 748 1245 777 Arist. & Com. volunt solum ignem videri ex
741 780 1241 816 elementis nutriri & augeri. Sed huius oppo
741 808 1241 842 situm habetur in. 2. coeli. tex. com. 22. vbi dicitur
742 838 1238 877 quod omnia corpora physica, quae alterantur
738 866 1245 905 secundum passiones, videntur habere augmentum
741 901 1239 937 & decrementum, puta animalium corpora,
743 930 1245 962 & partes ipsorum, & plantatum, & simili¬
742 964 1243 1003 ter elementorum. Et confirmatur. quia cer¬
738 995 1239 1026 tum est quod augmentum ignis est improprie
738 1025 1238 1058 dictum, cum augmentum verum sit anima¬
742 1061 1238 1090 torum, vt patet. I. de genera. & corrup. tex.
735 1092 1243 1125 com. 33. &. 2. de anima: & per consequens aug
739 1119 1249 1154 mentum improprie dictum ita competit
735 1150 1238 1187 terrae & aquae, sicut igni. non igitur solus
739 1180 1241 1212 ignis maxime videtur augeri & nutriri. Ni¬
742 1207 1243 1243 si esset quod tametsi augmentum in rebus sim
738 1241 1245 1281 plicibus, sicut sunt elementa, sit improprie
734 1277 1238 1306 dictum, in hoc tamen est differentia inter
740 1304 1245 1341 ignem & alia elementa. quia, ignis, aut est
741 1335 1242 1371 alterans alia, aut in eo magis dominatur al
738 1367 1238 1402 terare, quam in caeteris, est enim formalissimum
736 1395 1239 1435 inter omnia elementa, vt dicitur in. 2. de ge
742 1427 1242 1459 nera. & corru. tex. com. 30. solus enim & maxime
744 1457 1238 1495 speciel est ignis, &. 4. meteo. tex. com. 3. omnia
740 1492 1242 1528 putrescunt elementa, excepto igne. ex sua
735 1524 1237 1561 autem acuitate contingit, quod ea, quae non
738 1550 1241 1586 sunt eiusdem speciei, transmutat in sui na¬
739 1584 1245 1617 turam, vt ligna. & in hoc augmentum eius
739 1618 1238 1646 videtur magis assimilari vero augmento,
738 1651 1238 1679 quod fit in viuentibus, vbi etiam nutrimen
738 1675 1241 1708 tum mutatur in substantiam aliti. & istud
739 1706 1241 1744 est motiuum istorum in praesenti tex. in se¬
738 1735 1240 1769 cunda figura ex duabus affirmatiuis, vt di¬
739 1773 1239 1802 cit Com. Sed augmentum aquae, & terrae ma¬
734 1797 1236 1834 nifeste fit per iuxta positionem consimilis
740 1828 1243 1861 in specie: quia aqua addita aquae, & terra
745 1867 1238 1900 terrae reddunt aliquid maius. Licet igitur,
