1416 2066
232 179 1282 234 esse animat, scilicet nixtio, & complexio. & ideo visum est nobis quod ponentibus
249 218 1283 272 primas perfectiones animae esse factas a mixtione, & complexione, non a
252 259 1289 311 causa extrinseca, contingit quod elementa sint animata per animam aequa¬
249 297 1284 340 lem animae existenti in animalibus. & Alexan. videtur hoc opiuari in pri
253 340 1275 380 mis perfectionibus animae, & contra Arist. & contra ipsam veritatem. & in
251 377 1273 427 nullo differunt in hoc primae perfectiones, s& vltimae. & ideo videmus quod
247 417 1271 454 ista opinio similis est opinioni dicentium casum esse, & negantium cau¬
249 450 1275 506 sam agentem. D.d. secundum rememorationem summam eorum, quae praedi¬
252 493 1283 546 xit, & d. Quoniam autem neque cognoscere, &c. idest manifestum est igitur
251 535 1290 572 ex hoc, quod diximus, quod non est necesse vt sit ex elementis perper hoc, quod co
249 571 1184 627 gnoscit, & sentit: neque etiam hoc, quod dicitur, quod mouet se, est verum.
369 636 1160 676 Nonnullae proponuntur difficultates de ipsius Animae vnitate,
517 672 1013 724 ac partibilitate. Cap. 1.
307 722 1276 771 Voniam autem cognoscere inest animae, & sentire, & opi¬
233 734 1276 835 C Tnari: adhuc concupiscere, & deliberare, & omnino appeti¬
270 795 1280 867 Qua. tus: sit autem & secundum locum motus ab anima in anima¬
244 854 1290 899 libus: adhuc autem augmentum & status & decrementum: vtrum
247 900 1286 939 toti animae vnumquodque horum insit, & omni intelligimus & sen¬
244 939 1283 993 timus, & aliorum vnumquodque facimus & patimur, aut partibus
245 980 1284 1027 alteris altera: & viuere igitur vtrum in aliquo horum sit vno, aut
245 1027 1042 1067 in pluribus, aut in omnibus: aut aliqua alia causa¬
290 1084 1285 1146 Quoniam autem animae est cognoscere, & sentire, & opinari: ad
246 1140 1285 1184 haec cupere, et deliberare, & omnino appetitus: sitque, praeterea motus
244 1179 1285 1235 loci animalibus ab anima, itemque auctio, & status, & diminutio: utrum
239 1233 1289 1282 toti anima horum unumquodque inest, & tota ipsa intelligimus & sen
246 1275 1286 1331 timus, & aliorum unumquodque agimus & patimur, an partibus aliis
246 1341 1285 1387 aliaus iam uero uiuere utrum in auquo horum est, an in pluribus, an in
248 1372 877 1435 omnibuss an etiam alia quaedam causa este
281 1435 1284 1484 Et, quia anima habet cognoscere, & sentire, & existimare: & etiam
244 1484 1291 1531 appetere, & velle, & vniversaliter nodos desyderum: & etiam anima habet
242 1528 1281 1578 per animam motum in loco: & etiam augmentum, & complemen
251 1570 1286 1610 tum, & diminutionem, vtrum vnumquodque istorum est totius ani¬
240 1609 1283 1651 mae, & per ipsam totam intelligit, & sentit, & mouet, & facit alios
242 1652 1293 1698 motus, & actiones, & passiones: aut non agit, & patitur, nisi per vir
250 1692 1280 1738 tutes diuersas, & membra diuersa, & actiones, & passiones diuer¬
246 1740 1286 1781 sas. Et vtrum vita est in vna istarum, aut in pluribus vna, aut in
251 1780 826 1835 omnibus, aut habeat aliam causam.
284 1822 1279 1873 Cum contradixit sermonibus Antiquorum de anima, incoepit hic de¬
249 1869 1280 1915 clarare quod primo consyderandum est de anima, & de numero actionum
