1416 2066
261 188 1227 235 Lxaminantur dubitationes nonnullae Animam moueri per suadentes. Cap. 1.
334 263 1262 315 Ationabilius autem dubitabit vtique aliquis de ipsa tanqua
297 269 1259 356 quae mouetur, in huiusmodi considerans: dicimus enim animam
332 345 1265 394 tristari, gaudere, confidere, timere: amplius autem, irasci,
225 380 1270 435 & sentire, & intelligere: haec autem omnia motus esse videntur.
225 428 866 476 vnde opinabitur aliquis ipsam moueri.
271 491 1266 531 Sed aptius de ipsa quaerat quispiam, vt de ea quae moueatur, ad haec
226 540 1267 587 animaduertens. Dicimus enim animam angi, laetari, confidere, timere:
224 572 1268 643 ad haec, trasci, sentire, ratiocinari: quae omnia esse motus videntur. Quam
233 626 775 675 obrem eam aliquis moueri putauerit.
270 668 1267 723 Sed est quaestio cogens ad dicendum, quod anima mouetur essentia.
221 716 1260 763 liter: & est quod nos dicimus quod anima contristatur, & gaudet, & au¬
225 763 1263 803 descit, & timet, & irascitur, & sentit, & distinguit, & omn ista vi
226 804 1172 851 dentur esse motus. vnde homo existimat quod anima mouetur.
226 852 1261 899 Cum declarauit quod impossibile est vt anima moueatur, nisi accidenta¬
222 892 1261 941 liter, dedit dubitationem super hoc, & dixit. Sed est quaestio cogens ad di¬
233 931 1267 985 cendum quod anima mouetur essentialiter: & est quod nos dicimus quod anima com
225 972 1262 1012 tristatur, & gaudet, &c & omnia ista reputantur esse motus. & propter has
225 1011 1255 1050 duas propositiones existimatur quod anima mouetur. v g. anima contrista¬
228 1050 965 1107 tur: & cum tristitia est motus: ergo anima mouetur.
269 1099 1262 1148 Hoc autem non est necesse: si enim & maxime gaudere, aut do¬
224 1148 1255 1198 lere, aut intelligere, motus sunt: & vnumquodque moueri aliquid,
227 1188 1267 1236 moueri autem est ab anima, vt irasci, aut timere, in eo quod cor quodam
228 1232 1265 1282 modo mouetur: Intelligere autem forsitan huiusmodi est, aut alte
225 1275 1260 1314 rum aliquod. Horum autem accidunt, alia quidem secundum loci muta
228 1319 1267 1370 tionem quorundam motorum: alia autem, secundum alterationem:
228 1357 991 1409 qualia autem & quomodo, alterius rationis est.
270 1408 1258 1466 Quod tamen non est necessarium: Nam tametsi vel maxime angi,
235 1453 1265 1525 vel laetari, vel ratiocinare, motus sunt: atque horum vnumquodque est mo¬
221 1508 1263 1555 ueri: tamen moueri ab anima est, vt irasci, ut timere, eo quod cor ita mo
224 1557 1265 1603 uetur: satiocinari autem, aut eiusmodi fortassis est, aut aliud quidpia.
224 1620 1269 1667 Horum autem partim eueniunt, dum latione aliqua mouentur: partim
229 1653 1261 1722 dum alteratione: Quae nam porro illa sint, & quomodo, id alio pertinet.
267 1708 1259 1755 Et hoc non est necessarium. quoniam, si contristari, & timere, & dist in
223 1756 1270 1810 guere sunt motus: & quodlibet eorum moueat aliquid: tunc hoc
225 1795 1266 1843 mouere non est nisi mouere ab anima. v. g. irasci enim est motus ad
230 1839 1261 1883 eor scilicet quod cor inflatur. & distinguere est motus scilicet quod tale membrum cur
224 1879 1264 1923 rit tali cursu: & rectum est vt aliquid currat tali cursu. Et quaedam
