1416 2066
194 173 697 219 simplicuter, & omnia alia entia quiditatem
198 213 694 250 habent ea mediante. Ex his applica, & solue.
229 243 685 280 Duodecima contradictio est in tex. 17
194 274 687 306 Aristo. in illa demonstratione aperre testa¬
195 306 688 338 tor animam intellectiuam esse naturam
194 336 688 370 quomandam, vt notat Commen. in com. dum
195 368 685 402 dicit. Et quia consyderatio de anima est com
194 399 692 439 syderatio naturalis, quia anima est vnum
192 429 686 466 entium naturalium. Sed huius oppositum
188 460 695 498 habetur in primo de partibus animalium,
194 491 690 522 vbi quaerit vtrum de anima omni sit con¬
192 520 689 557 syderatio naturalis, & determinat opposi¬
198 556 688 588 tum. Et inter alias rationes ad ducit istam,
196 586 692 624 quia non omnis anima est natura. Aliqui
197 618 697 650 ad pauca respicientes enuntiauerunt Aris.
190 647 691 682 ibi locutum fuisle superficietenus, & proba
194 678 692 717 biliter, & dicunt rationes eius ibi non tene¬
191 709 697 747 re. Nam prima ratio reffectitur, dunmi dicit,
195 740 693 771 si Naturalis consyderat de intellectu, tunc
192 770 693 815 ligitur de omni intelligibili consyderaret, &
187 802 695 834 sic sola scientia Naturalis omnia consyde¬
188 833 694 877 raret, nam oportet Philosophum concede¬
188 868 687 901 se aliquam icientiam de intelleetu consy¬
192 893 690 934 derare, & tunc idem dicam sibi, sicut ipse
189 925 691 964 dicit de Naturali. Amplius, vt aiunt, ipse
189 957 687 999 assumit propositiones falsas, quia dicunt,
186 989 690 1024 quod non omnis anima est natura, quia non
186 1022 698 1052 mtellectus. Sed huius oppositum scribit in¬
196 1052 693 1081 praesenti demrone, vbi probat quod oportet po
188 1084 688 1114 nere intellecundum agentem, quia in omni natura
195 1111 695 1152 est aliquid, quid est omnia fieri, & aliquid, quid est
190 1138 696 1178 omnia facere. patet autem quod minor est, quod anima
192 1173 691 1213 Intellectiua est natura quaedam. Amplius
191 1202 695 1234 sua probatio falsa est, dum asserit non om¬
193 1236 689 1267 nem animam esse naturam, quia non om¬
190 1268 689 1306 nis anima est principium motus, quia non
186 1295 686 1330 intellectus. Sed huius oppositum scribit
194 1328 688 1362 Philosophus in tertio de anima. tex. com.
199 1363 688 1399 49. vbi dicit quod ista duo sunt principia
190 1389 686 1425 motus intellectus & appetitus. & idem di¬
194 1419 686 1454 cit in tex. sequenti. Vnde secundum viam istorum
189 1453 697 1484 non solum Arist. non fecit rationes demon
199 1482 693 1514 stratiuas, immo neque probabiles, cum fun¬
190 1516 690 1546 dentur super propositionibus falsis. Et ita
194 1541 688 1578 oportet secundum mirabilem istorum pham
195 1574 693 1610 tasiam Aristotelis sophisticis rationibus
196 1607 688 1644 paralogitare. Scribit enim Comment. in. i.
191 1638 696 1674 phy. com. 10. quod tales sunt sermones vani, qui
194 1666 700 1701 peecant in materia & forma. Et sic accidit
195 1698 697 1730 Philosopho, quia propositiones eius sunt
192 1728 696 1762 falsae, & peccant per aequiuocationem, cum
194 1761 697 1795 natura aliter sumatur, vt patebit. Dicimus
195 1795 693 1829 nos quod non est credendum magistrum pri¬
192 1819 690 1851 mum aliquid dixisse sine forti ratione, &
192 1850 696 1882 sta est de quolibet verbo eius, vt scribit
190 1883 701 1914 Commenta. in primo de generatione, &
720 181 1228 224 corruptione, commen. 1S. Mirum est pro¬
723 213 1226 250 fecto mirum de tam erassa hominum isto
726 252 1225 278 rum ignorantia & temeritate, immo ma¬
723 277 1228 306 teriam confitentia, qui inueniunt locos in
727 308 1225 338 Aristote. vbi ex intentione examinat illam
722 341 1224 377 quaestionem & satis diffuse, & in loco pro¬
724 367 1225 407 prio, attinebat enim illa quaestio illi libro,
727 402 1219 434 vt clarum est, & dicunt Aristotelem non esse
722 429 1225 461 tenendum imnio, quod plus est asserunt
720 461 1230 498 ipsum fudari in propositionibus falsis. Sed
720 492 1228 528 videant ipsum in omnibus libris eius, quod
724 524 1225 554 doctrina est consona in dictis eius. Vnde. S.
725 554 1229 593 primae philosophiae, vbi ponit distinetio¬
722 589 1228 625 nem scientiarum speculatiuarum penes
722 613 1223 657 quiditatiuam consyderationem, ex triplici
731 653 1223 683 nodo definiendi & abstrahendi, dum asse
719 677 1221 714 ruit naturalem definire per materiam se¬
731 716 1223 746 undum esse, & definitionem, intulit in tex
724 739 1228 774 secundo ibidem quod Physici est de quada
726 772 1224 802 anima consyderare, & non de omni. Patet
723 803 1223 834 autem quod hoc dicit propter intellectum, de
722 834 1227 874 quo dixit. 2. de quo anima quod videtur esse
722 857 1228 904 genus aliud animae, & hoc solum continge
721 897 1229 930 re separari, sicut perpetuum a corruptibili.
727 926 1227 969 &. 6. primae philosophiae dicit quod non omnis,
721 957 1229 994 forma, de qua Naturalis consyderat, cum
721 988 1228 1020 materia est. & Com. dicit, quod illud fuit dictum
723 1017 1222 1061 propter intellectum. &. 7. meta. tex. com. 33.
727 1051 1231 1082 idem habet Philosophus, quod Physici non in¬
727 1081 1229 1115 terest de omni anima disferere. Dicamus
720 1113 1227 1149 ligitur quod differentia est inter animam & in
719 1145 1229 1178 tellectum. in hoc enim taxauit Arist. Anti¬
727 1173 1229 1213 quos in. I. de anima. Anima enim in propria si
723 1206 1225 1244 gnificatione dicitur quicunque corporis
721 1233 1231 1267 actus, seu perfectio prima est, & sine corpo
717 1265 1227 1299 re esse non potens. Vnde Arist. in. 2. de ani¬
727 1298 1231 1330 ma. tex. com. 23. 6. laudat Antiquos, qui dixerunt
725 1332 1229 1370 animam non esse corpus, nec sine corpo¬
725 1360 1225 1399 re esse. Intellectus autem dicitur, qui nul¬
718 1389 1229 1431 lius corporis actus est. vnde sine corpore es¬
719 1420 1229 1459 se potest, cum sua essentia non dependeat a
725 1454 1225 1494 corpore. Vnde illae animae proprie sunt qui¬
723 1482 1229 1523 ditatiuae consyderationis a Naturali, quaecum
722 1516 1229 1553 que propiie sunt animae. Seribit enim Aristote.
720 1548 1227 1578 istam vniuersalem propositionem in prin¬
726 1582 1227 1610 cipio. 3. de coelo, quod omnes naturales substantiae
723 1613 1227 1649 aut corpora sunt, aut cum corporibus gene
725 1640 1219 1674 rantur & corrumpuntur si autem intellectus cum
730 1671 1231 1703 corpore non generatur, neque corrumpitur:
722 1708 1218 1738 non igitur intellectus erit substantia naturalis,
720 1731 1222 1764 substatiae enim natur ales intelliguntur, quaecum
726 1767 1223 1803 que quiditatiue a Naturali consyderantur,
722 1790 1226 1826 non secundum esse alioquin, nec primus motor a
718 1824 1226 1858 Naturali consyderaretur. Dico igitur Arist.
724 1855 1224 1890 istam fuisse indubitatam sententiam de ani¬
722 1887 1227 1923 ma intellectiua, quod sit aeterna & abstraeta, &
