1416 2066
260 196 1289 243 Et, cum declarauit naturam istius definitionis, & quantum largitur de eo
268 238 1293 290 gnitione, dixit. Oportet igitur quaerere in quolibet quid est, &c. i. cum de
265 275 1291 320 claratum est quod ista definitio animae est de genere definitionis figurae: &
264 315 1299 363 quemadmodum non sufficit in cognitione figurae rectarum linearum, & fi
261 356 1296 409 gurae circularis cognitio figurae simpliciter, ita est in definitione animae vniversalis.
264 403 1291 447 quaerenda est igitur post cognitionem istius definitionis vniversalis definitio, propria
264 436 1287 483 vniuscuiusque virtutis anima, scilicet quae est anima plantaae, & quae anima homins, propria illi, et quae
264 474 1295 515 bruti. D.d. Et oportet quaerere qua de cam sunt talis disponis. i. & oportet
264 518 1295 562 pscrutari etiam quare inuenitur in virtutibus animae prius & consequens. sensibile
267 551 1296 594 enim impossibile est vt sit absque nutritiuo. nutritiuum autem potest esse absque
265 591 1297 635 sensibili. & hoc est in plantis. Et etiam apparet quod impossibile est vt aliquis qua
271 632 1294 675 tuor sensuum sit sine tactu: tactus autem potest esse extra alios sensus plura
268 668 1289 715 enim animalia carent visu, & auditu, & odoratu, & gustu. & hoc intendebat
270 707 1296 754 cum dixit neque alium sensum. Et iste locus indiget consyderatione. existi¬
263 748 1290 787 natur enim quod gustus est vnus modorum tactus, secundum quod dixitus superius.
260 787 1287 827 Sed, si aliquodi animal nutritur ex rebus carentibus saporem, tunc gustus il¬
263 828 1290 868 lius animalis non erit nisi secundum calidum, & frigidum, & humidum, & siccum.
288 867 1289 907 Aut intendit, cum d. neque alium sensum. i. quod alius sensus non distinouitur
260 895 1278 947 in vltimo. i. in fine, a sensu tactus, secundum quod inuenitur in animalibus perfectis.
260 943 1289 986 Et vniversaliter opinandum est quod, si animal habet sensum tactus, & nutritur a suis radi¬
261 981 1294 1034 cibus, sicut plantae nutriuntur, vt dicitur de spongia maris, & istud animal
257 1025 1284 1067 habet sensum tactus sine gustu. & forte innuit tales istos modos anima¬
258 1063 1111 1107 lium. omne enim animal habens os. habet aliquem gustum,
299 1131 1291 1187 Et sensitiuorum autem, alia quidem habent secundum locum motiuum,
252 1173 1291 1220 alia vero non habent: vltimum autem & minimum, ratiocinatio¬
259 1217 1293 1266 nem & intellectum: Quibus enim inest ratiocinatio corruptibilium,
258 1259 1297 1298 his & reliqua omnia: quibus autem illorum vnumquodque, non om¬
251 1300 1299 1347 nibus iatiocinatio: sed quibusdam quidem neque imaginatio: alia
252 1341 1291 1388 autem hac sola viuunt. De speculatiuo autem intellectu altera ratio
251 1395 1292 1443 est. quod quidem igitur de horum vnoquoque ratio, haec propriissima
254 1428 713 1473 & de anima, manifestum est.
300 1467 1296 1515 inter sensitiua etiam sunt quae habeant motiuum motu loci, sunt quae
250 1513 1296 1563 non habeant. ultima autem & minima rationem & dianoeam: in qui
255 1564 1291 1611 bus enim mortalium inest ratio, iis quoque, reliqua omnia insunt: in qui¬
255 1612 1295 1659 bus autem unumquodque illorum, in iis non omnibus inest ratio. sed qui¬
255 1660 1298 1710 busdam ne phantasia quidem: quaedam, hac sola uiuunt. De contempla
260 1708 1288 1771 tiuo aut intellectu alia est ratio. ac disputationem quidem de uno quoqde,
256 1756 1155 1810 horum maxime etiam ad animam pertinere perspicuum est.
302 1805 1289 1851 Et ex eis, quae sentiuntur, est quod quaedam habent motum in lo¬
257 1851 1298 1908 co, & quaedam non: complementum autem, & finis est illud, quod
248 1893 1300 1939 habet cognitionem, & distinctionem. omne enim ex rebus corrupti
