1416 2066
189 172 1238 225 Themistius, sicut diximus, opinatur quod intellectus agens est speculatiuus,
209 214 1234 254 secundum quod tangit intellectum materialem. Alex. autem opinatur quod intelle¬
208 254 1240 295 ctus, qui est in habitu, & est speculatiuus, est alius ab intellectu agente, &
207 292 1237 339 hoc oportet credere. Artificium enim aliud est abartificiato & agens aliud
201 333 1229 373 ab acto. Secundum autem quod nobis apparuit sermo, est iste secundum suum
207 372 1231 412 manifestum: & erit illud verbum, est, relatum ad propinquissime dictum:
209 411 1237 453 & est intellectus materialis, cum fuerit us actu simpliciter, non in respectu
210 451 1232 491 indiuidui. Intellectus enim, qui dicitur materialis, secundum quod diximus, non ac¬
200 493 1233 530 eidit ei vt quandoque intelligat, quandoque non, nisi in respectu formarum imagina¬
205 531 1229 583 tionis existentium in vnoquoque indiuiduo, non in respectu speciei. v. g. quod
203 569 1237 611 non accidit ei, vt quandoque intelligat intellectum equi, & quandoque non, nisi in respe
203 609 1228 651 ctu Socratis, & Plaronis. simpliciter autem & respectu speciei semper in¬
210 647 1225 690 telligit hoc vniversale: nisi species humana deficiat omnino. quod est impossibi
203 684 1231 731 le. & scund hoc sermo erit secundum suum manifestum. Et, cum dixit. vniuersaliter
200 731 1233 771 autem non est neque in tpere, intendit quod intellectus, qui est in potentia, cum
208 763 1232 811 non fuerit acceptus in respectu alicuius indiuidui, sed fuerit acceptus sim¬
188 802 1229 854 pliciter, & in respectu cuiuslibet indiuidui, tunc non inuenitur aliquand intel
205 844 1224 884 ligens & aliquando non, sed semper inuenitur intelligens. Quemadmo¬
204 882 1231 924 dum intellectus agens, cum non fuerit acceptus in respectu alicuius indiui¬
202 922 1225 972 dui, tunc non inuenitur quandoque abstrabens, & quandoque non abstrahens: sed semper
204 961 1232 1004 inuenitur abstrabere, cum acceptus fuerit simpliciter. idem enim. modus
206 999 1229 1043 est in actione duorum intellectuum. Et secundum hoc, cum dixit. Et, cum fue¬
203 1041 1239 1081 rit abstractus, est illud, quod est tantum non mortalis, intendit. &, cum fuerit ab¬
202 1077 1238 1130 stractus secundum hunc modum, ex hoc modo est tandum non mortalis, non secundum quod acci¬
201 1120 1233 1167 pitur in respectu indiuidui. Et erit sermo eius, in quo dixit. Et non reme¬
200 1158 1228 1208 moramur, &c. secundum suum manifestum. Contra enim hanc opinionem surgit quae
200 1196 1229 1242 stio perfecte. Dicet enim quaerens. Cum intella communia sint non gnerabilia, neque
197 1235 1227 1276 corruptibilia secundum hunc modum, quare non rememoramur post mortem co¬
201 1284 1225 1325 gnitionum habitarum in hac vita. Et dicetur dissoluendo, quia rememora¬
208 1325 1230 1355 tio fit per virtutes comprehensiuas passibiles scilicet materiales: & sunt tres virtu¬
202 1356 1231 1398 tes in homie, quarum esse declaratum est in Sensu & sensato scilicet imaginatiua,
196 1398 1229 1436 & cogitatiua, & rememoratiua. istae enim tres virtutes sunt in homine ad
202 1435 1227 1483 praesentandam formam rei imaginatae, quando sensus fuerit absens. Et ideo di¬
201 1476 1233 1523 ctum fuit illic quod, cum istae tres virtutes adiuuerint se ad inuicem, forte repre
196 1511 1234 1555 sentabunt indiuiduum rei, secundum quod est in suo esse, licet autem non sentiamus ipsum,
250 1552 1231 1594 Et intendebat hic per intellectum passibilem formas imaginationis,
202 1588 1239 1634 secundum quod in eas agit virtus cogitatiua, propria homini. Ista enim virtus est aliqua
206 1628 1236 1674 ro, & actio eius nihil est aliud quam ponere intentionem formae imaginationis
209 1675 1232 1720 cum suous indiuiduo apud rememorationem, aut distinguere eam ab eo
210 1708 1234 1754 apud formationem. Et manifestum est quod intellectus, qui dicitur materialis, re
197 1750 1232 1798 cipit intentiones imaginatas post hanc distinctionem. Iste igitur intellectus passi¬
204 1788 1223 1827 bilis necessarius est in formatione. Recte igitur dixit. Et non rememora
198 1828 1235 1866 mur, quia iste est non passibilis. & intellectus passibilis est corruptibilis, & sine
197 1864 1237 1914 hoc nihil itelligit. i. & sine vtute imaginatiua, & cogitatiua nihil itelligit
