1416 2066
276 157 770 197 deret figuram triangularem, vt habet cau¬
275 194 773 232 sam, quia est in materia sensibili, puta vel
274 226 773 259 in aere aut ligno, consyderat tamen causam
270 260 775 295 proprietatum suarum, & vt habet talem
281 285 770 322 causam, videlicet quia habet tres, & per il¬
275 317 770 348 lam demonstrat. Secus autem est de Diale
278 347 777 379 ctico. quia Dialecticus non solum non com¬
267 377 777 419 syderat formam abstrahendo ab hoc, quod
261 410 773 442 est habere causam sui esse in materia sensi¬
261 442 778 474 bili: imino etiam neque consyderat ipsam,
261 475 770 507 vt est causa, vel habens causam alicuius
261 505 780 539 effectus, vel alicuius proprietatis. & ideo com
260 533 772 570 syderatio eius est absoluta communis, &
261 572 770 608 vana per consequens, pro quanto non po
275 604 772 633 test esse medium in demonstratione, qua
274 629 777 672 est per causam, propter quam res est, & quo
276 663 777 698 niam illius est causa. quia, licet Dialecticus
271 694 779 733 definiat per illud, quod est causa, non ta¬
274 720 777 754 men sub illa ratione, qua causa, sed vt est
274 753 782 787 vnum entium absolute. Et nota bene hoc,
277 788 771 824 quia pauci admodum ante nostra tempo
274 820 783 850 ra intellexerunt istud. Et adde quod vltra
271 850 779 886 praedictam causam ideo Dialecticus dici¬
275 884 771 914 tur artifex absolute consyderans, quia cir¬
282 909 779 946 ra ens simpliciter tres artifices versantur. 4A.
272 939 780 977 primae philosophiae tex. com. 3. primus Philo¬
279 969 779 1002 sophus, Dialecticus, & Sophista. de omnibus
273 1004 779 1042 enim Dialecticus disserit ex communibus,
276 1036 463 1071 & probabiliter.
306 1061 774 1104 Quarta contradi. est in eodem tex. Quia
279 1094 772 1133 Philosophus ponens differentiam inter Phi
274 1125 780 1162 sicum & dialecticum, dicit quod physiens
272 1156 781 1194 definit per materiam, & Dialecticus per for¬
276 1196 781 1226 mam. Sed huius oppositum habetur in tex.
272 1221 775 1250 immediate sequenti, videlicet in. 17. vbi in
280 1249 777 1293 quit quod non est aliquis artifex, qui per
269 1282 783 1315 solam materiam definiat. Soluitur. illa dif¬
278 1311 779 1346 ferentia est intelligenda cum praecisione.
274 1345 779 1379 nam Dialecticus definit per solam formam
276 1374 775 1410 sine materia, sed Physicus per materiam &
274 1404 783 1437 formam: & qui per materiam & formam
281 1437 785 1470 definit, dicitur per materiam definire. quia
278 1468 779 1508 igitur illud, quod discernit Physicum a
276 1497 775 1530 Dialectico, materia est & non forma, ideo
276 1531 773 1570 in tali discrimine materia exprimitur
274 1563 777 1594 Nam expressa sententia Arist. ibi est quod nul¬
276 1592 781 1626 lus artifex per solam materiam definire po
275 1625 779 1659 test. Vnde hoc etiam elicitur ex intentione
281 1654 783 1690 Philosophi ibidem. nam, cum triplex possit
274 1685 773 1721 definitio assignari, per materiam solum,
279 1724 779 1754 per. solam formam, & per materiam & for¬
273 1747 774 1779 mam: quae istarum inquit Philosophus de¬
274 1778 780 1811 finitio Naturalis erit? Et solutio est, quod
270 1809 779 1842 iila, quae est ex vtrisque. & ista est melior so
272 1840 765 1875 lutio, quae dari pot est in illo loco. quia ma
272 1871 778 1914 teria in Naturali Philosophia relatiue co¬
810 157 1311 201 gnoscitur, vt est ad formam, & vt est mate¬
809 193 1313 226 ria formae. 2. phy. 36. & per consequdes Phy¬
804 224 1311 258 sicus vt Physicus per solam materiam defi¬
815 254 1311 290 ire non potest. Differentia illa est cum
813 289 1315 324 praecisione intelligenda. quia Dialecticus per
808 316 1308 350 formam tantum, sed physicus per materiam &
809 349 1315 385 formamsimul. &, quia in materia est ratio¬
806 379 1309 421 in qua Dialecticus distat a physico, illud fuit
804 408 1310 443 expressum, sicut est in simili, artes & scien
803 440 1309 480 tiam Naturalem. Nam Medicina, quae est
805 473 1306 506 ars mechanica, vt dicit Com. est enim de artibus
807 508 1309 538 operatiuis, circa quaedam est, quia est circa
807 535 1309 576 quaedam corpora, i. humana. Naturalis ve¬
806 565 1312 610 ro est de omnibus corporibus, tam simplici
811 606 1313 635 bus quam mixtis, tam animatis, quam inani¬
802 636 1312 670 matis. Similiter Medicina sanitatis & aegri¬
807 662 1310 702 tudinis quasdam causas consyderat scilicet parti
804 693 1310 722 culares, seu propinquas: sed Naturalis om¬
807 722 1309 760 nes causas & propinquas & remotas. &
814 757 1308 796 quia remotae a Medico non consyderantur,
806 786 1311 825 sed a physico, ideo Aristo. in principio libri
806 816 1314 851 de sensu & sensilibus illas expressit, dum di¬
813 845 1317 887 cit quod Physici est sanitatis prima & aegri
815 884 1313 915 udinis inuestigare principia. Et si dicatur,
815 910 1311 951 quod exemplum Aristote. est in opposi¬
812 943 1312 978 tum de ira: quia dicit quod Physicus dicit
820 972 1306 1005 uod est accensio sanguinis circa cor, Dia¬
811 1000 1309 1043 lecticus vero, quod est appetitus vindictae,
810 1031 1313 1074 Soluitur eodem modo. quia Aristote. ex¬
810 1068 1317 1097 pressit illud, in quo est differentia inter
812 1095 1314 1130 Physicum & Dialecticum. nam, cum Phy
807 1125 1301 1162 sicus definit iram, dicit illam esse accensio
812 1158 1313 1202 nem sanguinis circa cor propter appetitum
807 1188 1315 1226 vindictae, & iam dixerat hoc supra quod
815 1220 1315 1258 passiones animae sunt communes animae
809 1253 1309 1281 & corpori, & per consequens sunt coniun¬
808 1282 1307 1323 cti, tex. commen. decimoquinto. & quod
813 1313 1311 1352 est motus talis corporis an hoc gratia hu¬
815 1348 1313 1378 us. & ideo Physicus de omni tali anima, &
808 1374 1313 1412 passionibus, quae sine materia non sunt, de
812 1403 1308 1442 finit. & dat exemplum de ira, quod est accen¬
811 1439 1316 1480 sio sanguinis in tali corpore ab hoc, huius
810 1467 1309 1509 gratia. vbi expresse dicit omnes causas in
812 1499 1311 1531 ea poni. & qui dicit totum, dicit & partes.
810 1529 1317 1564 vnde non dicit tex. quod physicus per solam ma
815 1561 1311 1594 teriam definiat, sed per materiam. & hoc est
806 1592 1308 1635 multum differens. Alii dicunt quod definitio¬
815 1628 1311 1658 nes per solam materiam datae sunt natura
806 1653 1315 1690 les, sed imperfecte. & est solutio Themistil,
804 1685 1314 1722 & aliorum. Sed hoc non probaret. quia
813 1718 1313 1754 Arist. dicit nullum artificem per solam ma
804 1749 1309 1780 teriam definire. & praeterea definitiones
803 1781 1317 1811 naturales sunt media in demonstrationi¬
813 1813 1315 1850 pus, sed materia, circumscripta forma, non
810 1844 1306 1874 est causa alicuius naturalis proprietatis,
808 1872 1308 1907 sed vt est coniuncta formae. vnde materia
