1416 2066
236 178 1228 219 Et prima virtus sensus, quae est prior naturalitur in esse aliis virtutibus sen
187 217 1222 258 sus, est sensus tactus. quoniam sicut virtus nutritiua pot separari in plantis a tactu
195 259 1226 299 & ab omni virtute sensus, ita tactus potest separari ab aliis sensibus. i. cum
188 298 1227 339 fuerit inuentus, non est necesse vt inueniantur alii sensus: &, cum alii sen¬
189 338 1219 378 sus fuerint inuenti, necesse est vt inueniatur tactus. est igitur prior natura
195 375 1190 418 liter aliis sensibus, sicut nutrimentum est prius naturaliter sensu tactus.
195 411 1225 456 Deinde dixit Et omnia animalia videntur habere sensum tactus. i. & iste
192 453 1217 494 sensus est necessarius omnibus animalibus inter omnes modos sensus. omne
198 494 1219 539 enim animal habet sensum tactus, non autem sensum visus, aut alium, sed
192 531 875 579 animal perfectum. & sermo eius est manifestus.
232 587 1213 635 Propter quam autem causam vtrumque horum accidit, posteriui
197 628 1219 676 dicemus. nunc autem intantum dictum sit solum, quod anima ho
194 670 1216 714 rum est quae dicta sunt principium, & his determinata est: vegeta
191 713 771 756 tiuo, sensitiuo, intellectiuo, & motu.
234 755 1216 804 Causam autem cur utrumque horum eueniat post dicemus: nunc hoc
190 804 1217 851 tatum dictum sit, Animam esse principium eorum quae diximus, &
187 851 1003 899 his definitam esse: nutritiuo, sensitiuo, dianoetico, motu.
233 900 1227 946 Causa autem, propter quam vtrunque istorum duorum contin¬
188 947 1230 995 git, dicenda est post. in hoc tantum loco tantum est declaratum scilicet
193 983 1229 1036 quod anima est principium istorum, quae dicimus scilicet nutritiui, sensiti¬
193 1029 714 1076 ui, & distinguentis, & mouentis.
178 1073 1226 1122 Idest, causa autem, propter quam virtus nutritiua videtur separari ab
188 1108 1219 1160 aliis virtutibus, & antecedere eas naturaliter, & similiter tactus cum aliis
192 1148 1222 1196 virtutibus sensus, dicenda est post, scilicet causa finalis. & hoc fecit in fine
193 1187 1227 1227 istius libri. Deinde dixit, in hoc autem loco, &c. idest in hoc autem loco
193 1228 1222 1275 tantum est declaratum, quod anima diuiditur in haec quatuor genera, &
198 1264 1212 1315 quod substantia eius est in istis principiis. alia autem quaerenda perscru¬
198 1307 402 1355 tatus est post.
235 1348 1218 1399 Vtrum autem vnumquodque horum est anima, aut pars animae:
195 1387 1228 1435 & si pars, vtrum quidem sic, vt sit separabilis ratione solum, aut
189 1430 1225 1475 & loco, de quibusdam quidem horum non est difficile videre, quae
198 1473 747 1518 dam autem dubitationem habent.
234 1516 1233 1572 Vtrum autem unumquoda horum sit anima, anpars animae: & si
193 1563 1229 1620 pars, utrum ita ut sit separabilis ratione solum, an etiam loco, de nonul
190 1612 937 1675 lis non est uidere difficile: de aliquibus est quaestio.
241 1659 1218 1714 Vtrum igitur vnaquaeque istarum sit anima, aut pars animae: &,
194 1700 1222 1746 si est pars animae, vtrum est pars, secundum quod est abstracta in so¬
195 1742 1225 1794 la intentione, aut in loco etiam: quoniam autem quaedam sunt sic, non est
193 1791 1091 1835 difficile ad sciendum, in quibusdam autem est dubitatio.
233 1828 1230 1873 Cum declarauit quod virtutes animae sunt plures vna, & posuit hoc
193 1869 1228 1922 positione quasi manifesta per se, dixit. Vtrum igitur vnaqueque istarum, &c.
