1416 2066
248 180 1296 227 batur in carne, & in aliis menbris in animalibuseEt etiam, si quod¬
257 228 1292 275 libet membrum corporis non habet animam, & anima non est
252 270 1279 324 proportio mixtionis, quid est igitur hoc, quod corrumpitur, quan¬
259 321 633 363 do separatur ab animar
299 370 1287 411 Istae igitur sunt dubitationes, contingentes dicentibus animam esse com
262 412 1285 460 plexionem: licet dicens hoc possit in hoc dare aliquam rationem. quoniam,
259 452 1282 491 si anima est aliud a mixtione, & a complexione, quare corrumpitur cum
261 495 1282 538 corruptione complexionis: si enim est aliud a forma carnis, & a forma men¬
252 530 1290 579 brorum, & tamen inuenitur in membris, quare corrumpitur cum corru
256 568 1283 618 ptione membrorums Et etiam, si anima non est complexio. & mixtio, qua¬
260 612 1288 651 re corrumpuntur membra, quando separantur ab animas nisi in membris
253 650 1185 701 sit aliud corruptibile, quando anima separatur. quid est ergo illud:
299 691 1284 747 Quod quidem igitur non harmoniam possibile est esse animam,
249 740 1282 779 neque circulariter moueri, manifestum est ex dictis: Secundum autem
259 779 1275 828 accidens moueri sicut diximus est, & mouere se ipsam: vt moueri
258 821 1290 873 quidem in quo est, hoc autem moueri ab anima. aliter autem non est
257 867 921 915 possibile moueri secundum locum ipsam.
297 915 1293 979 Nec igitur harmoniam posse esse animam, neque, in orbem ferri, per¬
257 964 1285 1023 spicuum ex dictis est: moueri tamen, & mouere seipsam per accidens,
258 1012 1287 1059 vt diximus, potest: uerbi causa moueri quidem id in quo est, atque, id de¬
252 1066 1284 1124 mum moueri ab anima. Alio autem modo haud quaquam fieri potest,
260 1108 513 1162 vt loco moueatur.
292 1171 1287 1218 Quoniam autem anima impossibile est vt sit harmonia, aut vt
256 1219 1286 1267 moueatur circulariter, manifestum est ex praedictis. quoniam vero mo
262 1250 1294 1307 uetur accidentaliter, sicut diximus, & mouet se, hoc non est, nisi
258 1300 1289 1343 quia anima mouetur per illud, in quo est. & hoc etiam mouetur,
260 1340 1245 1387 ab anima, secundum autem alium modum impossibile est vt moueatur in loco¬
301 1388 1288 1435 Cum destruxit quod anima est aliquod mouens se essentialiter, aut harmo
245 1435 1283 1475 nia, aut complexio, incoepit facere rememorationem, & declarare quod non
262 1469 1282 1507 contingit ei mouere se, nisi accidentaliter, & dixit Quoniam autem anima, &c. &
255 1508 1287 1555 intendit per hoc, quod dixit, aut vt moueat, aut vt moueatur in circuitu,
256 1547 1282 1602 idest aut moueat se essentialiter, vt existimatum est de corporibus coele¬
259 1585 1288 1629 stibus, quae mouentur circulariter. Et, cum declarauit quod impossibile
250 1628 1284 1667 est vt moueatur ex se essentialiter, incoepit declarare quod hoc possibile
252 1666 1290 1707 est accidentaliter, & dicit, quoniam vero mouetur accidentaliter, &c. idest
261 1705 1284 1760 quoniam vero mouetur accidentaliter, & mouet se accidentaliter, neces¬
256 1741 1279 1787 sarium est quod anima videtur moueri per illud, in quo existit, scilicet cor¬
263 1781 1290 1832 pus, quando corpus illud mouetur ab ea. sed alio modo impossibile est vt
254 1822 619 1867 anima moneatur in loco.
