1416 2066
233 194 1293 259 ARISTOTELIS DE ANIMA
463 300 1080 348 LIBER SECVNDVS,
459 388 1066 459 Cum Auerrois Commentarijs.
532 499 941 532 SVMMAE LIBRI.
276 539 919 579 In Prima inuestigat, ac tradit Animae definitionem.
281 571 1293 610 In Secunda Animae potentias, earum ordinem, ac quo pacto definiti debeant declarae
278 609 964 643 In Terija de potentia Animae vegetatiua sermonem facit.
280 640 763 682 In Quarta de potentia Animae sensitiua.
282 668 1258 703 In Quinta probat non dari sextum sensum: curque non vnum, sed plures habeamus.
286 702 1287 739 In Sexta quaerit an eodem, quo sentimus sensu, etiam sentire nos percipiamus: Sen
318 732 913 770 sumque, quem Communem appellamus, explanat.
280 763 1293 811 In Septima ponit differentiam inter intelligere, sapere, ac ipsum sentire, inuestigatum,
311 794 697 835 ipsius Imaginationis essentiam.
474 867 1054 907 SVMMAE PRIMAE Cap. 1.
404 915 1133 956 Traditur Animae definitio declarans tantuimodo quod est.
461 987 1294 1042 Vaequidem igitur a prioribus tradita sunt de anima,
457 1034 1285 1075 dicta sint. Iterum autem tanquam ex principio redea¬
455 1083 1285 1131 mus, tentantes determinare quid est anima, & quae
449 1117 1056 1171 vtique erit communissima ratio ipsius.
375 1188 1285 1235 Va igitur a superioribus de anima tradita sunt dicta sint. Eur
372 1235 1289 1290 sus autem tanquam ab initio reuertamur, conantes explicare
422 1284 1285 1346 quid sit anima, & quaenam fuerit communissima ratio eius.
304 1355 1281 1417 TOc igitur est, quod accepimus ab Antiquis de anima. mo¬
298 1400 1286 1442 do autem incipiamus aliter in determinando animam quid
314 1429 1281 1491 A est secundum definitionem, quae magis comprehendit ipsam.
278 1500 1279 1538 Vm contradixit opinionibus Antiquorum, incoepit modo quaerere
253 1546 1285 1587 Ade substantia eius, & d. Hoc igitur est, quod accepimus, &c. idest hoc
258 1581 1294 1635 gitur est, quod diximus in contradicendo opinionibus, quas accepimus,
253 1628 1287 1672 ues anima. D.narrauit quod oportet incipere in cognoscendo substantiam
256 1660 1279 1699 eius, & consyderare in hoc, quousque sciatur definitio, quae est magis vniuer¬
254 1696 1275 1739 salis, idest magis comprehendens omnes partes animae, & d. modo autem
248 1736 1282 1780 incipiamus, &c. idest modo autem incipiamus loqui de anima alio modo:
250 1774 1276 1827 quia non inuenimus ab Antiquis aliquid vtile de ea. & primo debemus
249 1814 1280 1859 inuenire definitionem, quae est magis vniuersalis omnibus partibus eius.
267 1860 1284 1898 cognitio enim vniuersalis semper debet praecedere cognitionem pro¬
253 1892 788 1946 priam. & sermo eius intellectus per se.
