1416 2066
245 172 1305 234 vniuersalibus de agere, & pati, quomodo possunt fieri, aut non siel
244 223 916 267 ri. & in hoc loco etiam locuti sumus de eo.
285 273 1289 336 Cum fuit locutus de virtute nutritiua, incoepit loqui de sensibili, & pri
235 323 1291 369 mo de illo, quod commune est omnibus sensibus, & d. Dicamus igitur quod
235 363 1290 412 sentire, &c. i. dicamus igitur quod sentire fit per aliquam passionem, &
245 405 1289 452 motum in sensibus a sensibilibus, non per actionem sensuum in sensibilia.
234 444 1287 482 hoc enim est primum consyderatum de sensu, scilicet vtrum sit numera¬
242 484 1292 523 tus in virtutibus actiuis, aut passiuis. TEt, cum posuit ipsum in genere
235 524 1291 562 virtutum passiuarum, dedit causam istius existimationis, & d. existimatur
235 562 1288 604 enim, &c. i. & diximus quod sensus fit secundum passionem: quia existi¬
245 602 1251 643 matur quod sensus alterantur a sensibilibus aliquo modo alterationis.
249 636 1291 683 Et dixit aliqua, vt notet proprium. quia Tpost declarabitur quod ista trans
252 683 1288 728 mutatio non dicitur alteratio, nisi multipliciter. Deinde dicit. Et quidam
248 718 1294 769 dicunt quod simile, &c. i. &, cum posuerimus quod genus sensus est par¬
247 756 1298 799 sio, consyderandum est in quibus existimatur passio. quidam enim dicunt
254 796 1288 844 simile pati a suo simili: & quidam econtrario, scilicet quod contrarium pati¬
258 844 1284 875 tur a suo contrario. Et intendebat hic per sermones vniuersales librum
253 874 1292 916 de Generatione & corruptione. T& non sufficit ei, quod declaratum fuit
251 912 1293 954 in illo libro, quia sermo hic videtur magis proprius. subiectum enim, de
255 953 1287 1001 quo loquitur hic, magis proprium est subiecto, de quo loquebatur illic.
252 990 1294 1043 & primo incoepit dare dubitationem in hoc, quod posuit, quod sensus est
252 1030 742 1082 de virtutibus passiuis, non actiuis.
292 1100 1297 1147 Habet autem dubitationem propter quid sensuum ipsorum non
249 1140 1290 1188 sit sensus, & quare sine his quae sunt extra non faciunt sensum, in
255 1188 1293 1242 existente igne, & terra & aliis elementis. quorum est sensus per se,
253 1227 1297 1284 aut secundum accidentia his. Manifestum igitur quod non est actu,
259 1272 1297 1315 sed potentia tantum. vnde non sentiunt: sicut combustibile non
261 1319 1291 1363 comburitur ipsum a se ipso sine combustiuo: combureret enim se
249 1356 907 1404 ipsum, & nihil indigeret actu ignem esse.
299 1397 1298 1459 Sed oritur quaestio, cur non sensuum quoque, ipsorum non sit sensus, & cur
250 1450 1305 1507 sine is quae sunt extra non efficiunt sensum: cum insit & ignis & ter
248 1507 1293 1562 ra, & reliqua elementa quorum est sensus per se, aut ea quae ipsis acci¬
250 1542 1297 1595 dunt: perspicuum igitur est sensitiuum non esse actu sed potentia tantu
247 1604 1295 1650 modo: qua propter non sentit: quemadmodum res cremabilis non crema
244 1643 1287 1698 tur ipsa per se, sine eo quod uim habet eremandi: se enim ipsa eremaret,
248 1692 609 1756 nec actu ignis indigeret.
297 1739 1297 1786 Sed est irrationabile, quare sensus non sentiunt se: & quare etiam
249 1786 1292 1835 nullus sensus agit absque extrinseco, & ex eis sunt ignis, & terra, &
244 1835 1292 1882 alia elementa, & sunt illa, quae comprehenduntur a sensu per se, & acci¬
244 1867 1288 1914 dentia contingentia eis. Dicamus igitur quod sensus non est in actu, sed
