1416 2066
200 164 700 204 quomodos arguit, dicebant, quod puncta illa erant
202 194 700 236 corpora, & cum non sint esementa, sequit
198 229 692 256 quod essent ex elementis causata. talia autem
201 258 695 290 bene possunt imaginari posse remoueri, so¬
195 289 691 322 la quantitate remanente, cum habeant in¬
202 319 699 358 trinsecam resistentiam. Motus etiam imagi
194 351 691 382 narius est res amipla satis. dicunt enim Ma¬
201 380 703 411 thematici punctum ex sui fluxu causat li¬
200 413 700 442 neam, & fiuxus lineae causat superficiem: &
197 441 701 476 superficies fiuens causat corpus. omnia autem
197 475 701 507 ista ad imaginationem vera sunt, non autem
199 503 461 545 fecundum rem ipsam.
227 533 696 576 Decimasexta contradi. est in com. 76.
204 564 702 602 Dicitur quod impossibile est vt substantia sit
207 601 699 627 elementorum aliorum oppositum. 12. me¬
200 629 703 658 taphy. 12. Eulcitur etiam hoc idem. 4. meta
196 658 696 696 phy. com. 2. vbi dicitur substantiam esse cau¬
198 692 696 723 sam omnium non secundum agens & finem, sed
202 720 705 754 secundum subiectum. Soluitur. principia duplicia,
203 756 701 789 propinqua, & remota. principia remota
202 788 699 823 possunt esse eadem respectu omnium prae¬
202 820 700 858 dicamentorum. sed principia propinqua
203 843 701 881 minime. glosa est Auer. com. 22. iam allega¬
201 876 707 906 to in 12. meta. hic autem locuitur Com. de
199 901 695 941 prncipiis propinquis, quando dixit quod sub¬
199 935 705 970 stantia non est elementum aliorum. & red
202 969 698 1002 dens causam subdit, dicens, principia enim non
199 1000 562 1034 substantiae sunt non substantiae
235 1029 692 1066 Decimaseptima contradi. est super tex
202 1069 690 1098 79. Dicit Aristo, hic, quod ossa non sentiunt
198 1091 696 1124 Sed huic aduersatur Oale. in. 2. de crisi, vbi
195 1125 703 1162 ponit differentiam inter rigorem tertianae,
201 1157 701 1194 & quartanae, vbi dicit quod in rigore quarta nae
198 1184 699 1219 fit laesio vsque ad ossa, ita quod quidam con¬
198 1221 694 1256 quaesti sunt se dolere in ossibus. Hoc etiam
199 1247 697 1283 contradicit sensui in laborantibus morbo
205 1279 701 1317 gallico, qui plurimum conqueruntur se do
198 1310 699 1350 lere in ossibas. Nisi esset quod sensus commu¬
194 1338 701 1378 nicatur ossibus mediante panniculo inuol
203 1372 703 1410 uente illa, sed secundum sui substantiam sensu ca
195 1404 691 1434 rent. sicut est de substantia cerebri, pulmo
193 1435 701 1467 nis, & heparis, quibus sensus illo modo com¬
199 1469 572 1499 municauit secundum peritos Medicos,
203 1512 686 1555 SOLVTIONES
251 1555 661 1594 Contradictionum in dictis
314 1594 581 1642 Arist. & Auerrois,
281 1645 625 1698 Super Secundo de Anima.
356 1709 692 1749 Rima contradi. est super tex
359 1740 702 1779 2 Aristo. diuidit substantiam
358 1770 702 1803 trimembri diuisione, videli¬
356 1801 700 1838 cet in materiam, foriam, &
344 1824 694 1873 lin substantiam compositam
190 1869 693 1899 ex materia & forma. Sed oppositum habe
727 160 1235 199 tur. 7. metaphy. tex. commen. 44. vbi dicit,
734 194 1228 231 quod dicitur quatuor modis. & ita etiam asse
732 228 1229 258 rit Commen. in. S. metaphysi. com. 1. Soluitur.
735 255 1233 290 diuisio substantiae, alia est secundum famam, alia
732 285 1226 322 secundum rei veritatem. diuisio secundum famam est
738 319 1227 357 quatrimembris, quia vltra tria membia,
735 356 1226 386 quae sunt materia, forma, & compositum
732 380 1234 411 ex materia & forma, est quartum. & est vni
732 414 1224 443 uersale, quod secundum Antiquos erat substantia.
730 444 1229 479 quia autem Ari. in. 7. vult inquirere de hac
735 474 1227 506 ppinione, vt dicit Com. in com. 44. vtrum vni
733 503 1231 538 uersalia sint substantiae rerum particula¬
730 533 1231 578 rium, induxit ibi istam diuisionem, quae fa¬
730 564 1237 601 mose dicitur de quatuor: non quia ilta sit
730 598 1228 628 opinio eius. nam ibi late probat nullum vni¬
730 632 1233 663 uersaliter dictorum substantiam esse. quando
728 659 1229 692 ligitur loquitur ex mente propria diuidit
727 693 1235 723 substantiam in materiam, formam. & con
726 721 1233 760 gregatum: sed quando loquitur secundum famam.
730 756 1226 786 diuidit substantiam in materiam, formam
730 782 1093 819 & congregatum, & vniuersale.
764 814 1227 851 Secunda contradictio est in commen. 1.
732 845 1225 879 Dicitur quod per formam indiuiduum fit hoc.
738 876 1223 905 oppositum apparet. 12. nieta. 14. &. I. coeli¬
738 909 1227 939 92. &. i. meta. com. 40. vbi patet quod per mate¬
733 941 1225 970 tiam. Soluitur. a forma indiuiduali habe¬
727 965 1229 1002 tur principialiter indiuiduum hoc, quod
735 996 1225 1031 est. Et est ista sententia eius manifeste 7.
728 1032 1222 1070 meta. com. 3. vbi dicit quod Philosophus loquitur
728 1060 1230 1097 de principio indiuidni, & dicit quod talis est
733 1091 1233 1123 substantia, quae est forma, & per illam sub¬
733 1122 1231 1155 stantiae demonstratae sunt substantiae, &
731 1155 1227 1186 vnum. Materia etiam concurrit, tamen mi
726 1187 1221 1219 nus princ ipaliter quam forma. Accedit ad
732 1220 1230 1248 hoc quod vt declaraui prolixe in quaestione mea
727 1247 1229 1282 de principio indiuiduationis, alia est indiui¬
729 1276 1229 1314 sio entitatiua, & alia quantitatiua. vnde en
729 1308 1227 1338 titatiuam indiuisionem principaliter ha¬
731 1337 1229 1370 bet a forma, quantitatiuam autem appro¬
724 1372 1232 1408 priate videtut habere a materia: cum quan
732 1401 1229 1437 titas videatur materiam consequi. Sed de
724 1430 1222 1466 his latius dictum est a nobis in quaestione
725 1461 917 1498 illa: & illic vide.
762 1494 1231 1530 Tertia contradictio est in tex. 3. Ari. dicit
731 1525 1232 1557 quod corpora maxime videntur esse substantiae,
734 1556 1231 1586 & horum naturalia. quod Com. in com. & Am
722 1585 1228 1617 monius, referente Philopono ibidem dicunt
729 1616 1233 1651 habere veritatem, secundum quod est famosum ma¬
726 1646 1227 1688 gis, & vt apud multorum hominum cogni¬
729 1685 1227 1714 tionem, vt dicit Philoponus. sed huius oppo
728 1712 1225 1746 situm inuenituus apud Auer. in epitoma,
733 1739 1231 1776 seu paraphrasi meta. tract. i. cap. de substan
730 1770 1229 1804 tia, vbi dicit quod magis famosa ex significa¬
731 1801 1234 1833 tionibus substantiae est illa, quae dicitur de
729 1832 1225 1866 indiuiduo substantiae. & reddit causam,
728 1858 1226 1904 quia omnes Philosophi indicant illud esse
