1416 2066
202 220 705 266 nia intellca speculatiua fuerint exntia
205 262 691 315 in nobis in potentia, quod ipse erit eo¬
207 308 696 346 pulatus nobiscum. in potentia, & cum omnia
205 341 695 393 intellecta. speculatiua fuerint existe
196 380 699 418 tia in nobis in actu, erit ipse tunc co
202 422 694 466 pulatus nobis in actu. & cum quadam fue¬
198 455 704 507 rint in potentia, & quaedam in actu, tunc ipse es
206 500 697 539 rit copulatus secundum partem, & secundum partem
199 535 692 578 non: & tunc dicimur moueri ad con¬
202 572 693 619 tinuationem. Et manifestum est
201 612 701 658 cum iste motus complebitur, quod sta¬
205 649 687 703 tim iste intellectus copulabitur no
203 688 703 730 biscum omnibus modis. Et tunc
191 733 698 778 manifestum est quod proportio eius
201 766 701 810 ad nos in illa dispositione est sicut
202 809 692 859 proportio intellectus, qui est in ha¬
200 842 698 890 bitu, ad nos. Et, cum ita sit, necesse
196 886 697 939 est vt homo intelligat per intelle¬
204 925 701 978 ctum sibi proprium omnia entia, &
203 965 702 1017 vt agat actionem, sibi propriam i omnibus
199 1005 695 1055 entibus: sicut intelligit per intelle¬
196 1039 702 1082 ctum, qui est in habitu, quando fue
195 1085 703 1134 rit continuatus cum formis imaginabi
199 1121 700 1163 libus, omnia entia intellectione propria.
240 1160 698 1214 Homo igtur secundum hunc modum, sicut
201 1198 702 1243 dicit Themist. assimilatur Deo in
198 1236 694 1288 hoc, quod est omnia entia quoquo modo
204 1273 694 1328 & sciens ea quoquo modo. Entia enim
207 1313 699 1355 nihil aliud sunt nisi scia eius, neque
202 1350 703 1394 causae entium aliud sunt nisi scientia
204 1388 695 1434 eius. & quam mirabilis est iste ordo,
197 1429 699 1474 & qua extraneus est iste modus essendi¬
200 1540 696 1587 Et secundum hunc modum verificabitur
203 1581 701 1626 opinio Alex. in hoc, quod d. quod intel
203 1622 695 1666 ligere res abstractas fiet per cotinua
727 221 1221 275 intelligibilia speculatiua extant in no¬
729 262 1231 314 bis in potentia, quod ipse quoque est con
726 299 1227 354 iunctus nobis potentia. & quotiens¬
733 348 1232 395 cunque omnia intelligibilia inerint
732 389 1227 430 nobis actu, ipse quoque copulabitur tunc
727 421 1233 471 nobis actu. quod si aliqua eorum fuerint
726 459 1230 506 potentia. aliqua vero actu, copulabi
730 499 1232 550 tur ipse quoque tunc nobis secundum vnam
730 537 1225 586 partem eius, secundum vero aliam partem
732 572 1231 618 non: & tunc nos dicemur moueri ad
729 616 1229 664 copulationem. Manifestum autem est
730 653 1210 700 quod, cum huiusmodi motus fuerit completus
731 693 1223 738 quod statim copulabitur nobis intelle¬
732 730 1218 782 ctus iste omni ex parte. TIConstat
727 769 1220 810 igitur, quod eadem erit tunc proportio
733 810 1222 865 & ratio illius intellus in ea re ad nos, quai
732 848 1208 901 est ipsius intellectus adepti ad nos.
730 885 1219 936 His itaque sic concessis, oportebit vt
728 925 1223 979 homo intelligat omnia entia per intel¬
730 964 1218 1017 lectum sibi proprium, & vt agat in
734 1012 1218 1054 cuncta entia actionem sibi propriam
730 1044 1223 1096 quem admodum intelligit omnia entia per
730 1084 1219 1133 intellectum habitu existentem, qund
727 1120 1223 1173 est copulatus cum formis imaginarijs
739 1159 1229 1203 propria intellectione. Homo er¬
731 1197 1227 1255 go, vt inquit Themistius, in hoc est
733 1236 1229 1290 similis Deo, quia ipse est omnia en¬
731 1276 1223 1327 tia quodam modo, & scit ea etiam
730 1323 1229 1363 quoquo modo. Entia enim nihil sunt
737 1352 1223 1402 praeter eius scientiam. causa quoque
730 1392 1223 1435 entium nihil est praeter eius scien¬
733 1429 1229 1472 tiam, quam scilicet ipse de ea habet.
735 1471 1223 1522 & huiusmodi ordo est vtique admi
726 1508 1224 1566 ratione dignus: hocque genus es¬
730 1549 1223 1586 sendi est vaide alienum. Et hac via
730 1589 1221 1626 verificabitur sententia Alexandri,
732 1624 1220 1674 quae affirmat intellectionem rerum
