1416 2066
218 181 1246 227 sensibilibus scilicet quod exprimitur ab eis, & expellitur ad omne, ad quod perue¬
224 233 1251 268 nit expressionis virtus: & est permanens in suo loco non motum. D.d.
228 263 1251 310 lapis autem, &c. i. & iste motus non adaptatur in omni corpore: lapis autem,
225 303 1255 348 & sibi simile non exprimitur omnino, sed exprimitur illud, quod est sicut
220 340 1251 387 aqua. aqua eni. videtur exprimi in remoto spatio, & similiter aer. multotiens enim
220 385 1258 430 videtul agere & pari ab expressione, quando fuerit fixus secundum torum, non motus neque di¬
223 419 1255 472 uisus. D.d. Et perper hanc ecausam melius est vt aer patiat, &c. i. &, quia in medio
230 460 1250 496 possibilis est haec impressio, ideo melius est dicere in conuersione, quae fit in au¬
221 500 1253 546 dibilibus & uisibilibus, quod nihil aliud est nisi quia aer conuertitur per illum
219 535 1252 581 motum, qui est. in eo, & illam passionem, quae fit ex sensibilibus & visibilibus,
219 574 1255 618 quando occurterit aliquid, in quo non potest pertranumre ille motus secundum recti¬
217 617 1247 659 tudinem ad sensus, melius est quam dicere conuersionem esse corporum
228 653 1255 693 extra visum: sicut dicunt quidam Antiquorum, & concedunt Perspe¬
224 693 1256 732 ctiui, cum nulla sint illic corpora extrinseca. Deinde dicit. & est idem in
223 731 1256 770 istis rebus lenibus, &c. idest & iste motus est idem in rebus humidis. &
221 769 1249 811 hoc intendebat per lenibus. & ideo aer mouet visum etiam. quem admo¬
221 810 1253 851 dum si sigillum existens in cera redderetur ad postremum finem, adeo
223 850 1255 891 quod moueret aerem in parte secunda, ita sensibile mouet aerem, ita quod per¬
223 888 1247 931 transitur per ipsum ad superficiem tangentem sensum, & sic mouet sensum.
257 947 1208 995 Animalis corpus simplex esse minime posse: cum sensus tactus sit ei necessarius,
466 987 992 1043 alii uero sint ad bene esse. Cap. 1.
341 1035 1245 1083 Vod autem impossibile sit simplex animalis corpus esse, ma¬
347 1092 1247 1131 nifestum est. Dico autem puta igneum, aut aereum. Sine quidem. nim
388 1132 1246 1171 tactu, neque vnum contingit animalium sensum habere.
217 1171 1246 1211 corpus enim tactiuum, animatum omne, sicut dictum est. Alia autem
219 1211 1249 1259 per altera sensitiua quidem vtique fierent, omnia autem eo quod per al
214 1252 1242 1299 terum sentire, faciunt sensum, & per medium. tactus autem est in
217 1292 1253 1339 tangendo ipsa. propter quod & habet hoc nomen & tamen alii sensus
221 1340 1246 1379 tactu sentiunt, sed per altera. hic autem videtur solus per ipsum¬
222 1379 1246 1420 Quare huiusmodi elementorum nullum vtique erit corpus anima
220 1419 1243 1467 lis: neque itaque terrenum. Omnium enim tangibilium tactus est sicut
223 1460 1252 1508 medietas, & fusceptiuus sensus non solum quaecunque differentiae ter
224 1504 1253 1556 rae sunt: sed calidi & frigidi & aliorum omnium tangi possibilium,
220 1547 1239 1596 & propter hoc ossibus & capillis, & huiusmodi partibus, non sentimus,
219 1588 1241 1642 quia terrae sunt. & plantae etiam ob hoc neque unum habent sensum,
221 1631 1246 1674 quia terrae sunt. sine autem tactu, neque vnum possibile est esse animalium,
219 1673 1226 1714 hic autem sensus non est, neque terrae, neque alius elementorum nullius.
271 1714 1250 1764 perspicuum igitur est fieri non posse ut simplex sit corpus animalis,
216 1763 1257 1809 uerbi causa igneum aut aereum: nam sine tactu, nullus alius sensus ha
220 1809 1248 1859 beri potest: omne enim animatum corpus, tactiuum, ut diximus est.
222 1867 1259 1922 Eeliqua uero praeter terram sensoria quidem fieri possunt, cuncta uero
