1416 2066
243 188 1282 234 uens: secundum quo mouet: & tertium quod mouetur: mouens autem du¬
244 236 1269 282 plex, aliud quidem immobile, aliud autem quod mouet & moue
226 1811 250 1836 A
242 274 1277 322 tur. Est autem immobile, actuale bonum. mouens autem & quod
236 316 1275 363 mouetur, appetitiuum. mouetur enim quod appetit, secundum quod appe¬
243 363 1271 402 tit: & appetitus actus aut motus quidam est. quod autem moue¬
238 403 1268 450 tur animal est. quo vero mouet organo appetitus, iam hoc corpo
240 437 1269 492 reum est. vnde in communibus corporis & animae operibus consi
240 483 545 534 derandum de ipsis.
284 524 1274 586 utique unum specie fuerit quod mouet, uidelicet appetitiuum qua¬
233 587 1277 636 tenus appetitiuum: primum autem omnium appetibile, &hoc enim
232 619 1276 667 mouet & non mouetur, quod intellectu aut phantasia apprehensum
242 669 1278 721 sit, numero autem plura sunt ea quae mouent. Sed cum tria sint, unum
237 715 1264 779 quod mouet: secundum quo mouet, tertiumque item quod mouetur: atque
240 779 1267 819 id quod mouet duplex sit, partim immobile: partim quod moueat &
239 812 1273 859 moueatur. est autem immobile quidem, bonum agendum: quod uero
238 859 1270 909 mouet & mouetur, appetitiuummouetur enim quod appetit, quate¬
244 907 1268 965 nus appetit, ac appetitus motus quidam est aut operatiosquod uero mo¬
239 956 1270 1010 uetur, animal. instrumentum uero quo mouet appetitus, id demum
238 1003 1272 1058 corporeum est: quamobrem in communibus corporis & animae muneri¬
235 1052 672 1115 bus de us considerandum est.
280 1106 1271 1154 Et mouens est appetitum, secundum quod est appetitum. appetitum enim
241 1147 1263 1198 praecedit alia. hoc enim mouet & non mouetur, quia mouet ima¬
239 1192 1274 1244 ginationem, & intellectum. Mouentia autem sunt multa in nume
237 1232 1261 1275 ro, quiares, per quas fit motus, sunt tres. Quarum vna est motor.
245 1274 1269 1315 & alia res, per quam mouet, & tertia motum. & motor est duobus
242 1314 1267 1363 modis, iste autem est non mobilis, ille vero est mobilis. Non motum
237 1361 1266 1403 autem est bonum intellectum. motor autem & motum est appeti¬
239 1401 1259 1443 tiuum. mouet enim illud, quod mouetur, secundum quod est ap¬
239 1451 1263 1500 petitiuum: quia appetitus est motus scilicet qui in actu. & quod moue¬
240 1491 1274 1539 tur est animal, & instrumentum mouens est appetitus, & ista sunt
240 1527 1279 1571 corporalia. Et ideo quaerenda sunt in actionibus communibus
238 1575 529 1627 animae & corpori.
282 1627 1268 1680 Idest & primus motor in hoc motu est res appetita, secundum quod est ap
227 1670 1269 1714 petita. res enim appetita praecedit alia mouentia animali in hoc motu:
227 1712 1273 1751 quia ista mouet, & non mouetur. & ista est dispositio primi motoris. D.
226 1749 1271 1786 dicit, quia mouet imaginationem, & intellectum. idest & est motor, quia
226 1788 1272 1841 mouet imaginationem, quando appetitus fuerit partis imaginatiuae: aut
226 1828 1265 1865 intellectum, si appetitus fuerit istius partis animae. Deinde dicit. Mouen¬
226 1863 1273 1905 tia autem sunt multa in numero. idest mouentia autem, quibus sit iste
