1416 2066
212 194 1253 243 potentiam esse: actiui enim & motiui actus in patiente fit. vnde
220 243 1251 292 non necesse est, mouens moueri. sonatiui quidem igitur actus, so¬
221 276 1263 315 nus, aut sonatio est. auditiui autem auditus aut auditio. duplici¬
229 316 834 363 ter enim auditus, & dupliciter sonus.
268 360 1258 424 Si igitur motus & actio & passio in eo quod mouetur est, necesse.
225 405 1260 468 est & sonum & auditum qui actu est, in eo esse qui est potentia: actiui enim
218 459 1256 519 & motiui operatio in patiente fit. quamoorem necesse non est ut id quod
222 508 1256 563 mouet, moueatur. actus icitur sonatiui sonus est aut sonatio: auditiui,
219 544 1120 611 auditus aut auditio: duplex enim est auditus, ac duplex sonus.
261 604 1259 651 Et, si actio, & motus sint in passiuo, necesse est vt sonus, & audi¬
223 649 1265 695 tus, qui sunt in actu sint in eo, quod est in potentia. actio enim agen
222 691 1260 739 tis, & mouentis sunt in patiente. ideo non est necesse vt moueatur
225 730 1257 780 quod mouet. Et actio sonantis aut est sonus, aut sonare. & actio au¬
225 780 1253 819 dientis aut est auditus, aut est audire. auditus enim est duobus mo¬
218 820 727 863 dis, & sonus est: duobus modis.
257 852 1256 900 Cum posuit quod actio sentientis & sensibilis est eadem, licet differant in
221 899 1263 947 esse, incoepit declarare hoc ex rebus vniuersalibus praedictis, & d. Et, si
222 940 1255 990 actio, & motus, &c. idest, & si necesse est vt omnis actio: quae prouenit ab
227 978 1256 1019 agente, & omnis motus, qui prouenit a mouente. non inueniantur nisi
222 1015 1260 1058 in re patiente, & mota: sensus autem patiuntur. a. sensibilibus, & sensibi¬
226 1055 1261 1098 lia agunt in eos: necesse est ut actio sensibilis sit in ipso sentiente, quod est
228 1093 1263 1140 in potentia s sensibile. sonus itaque, & auditus, qui sunt in actu, sunt in eo,
224 1138 1262 1189 quod est in potentia sonans scilicet percussum: & quod est in potentia audies scilicet
228 1178 1257 1227 tensus audies. D.d. ideo non est necesse ut moueatur quod mouet. i. &, quia
225 1218 1263 1255 motus est in patiente, & non in agente, non est necesse vt omne agens sit pa
226 1251 1257 1299 tiens, vt declaratum est in sermonibus vniuersalibus. & induxit omne
224 1291 1253 1331 hoc ad declarandum quod sensus mouent uirtutes, sicut sensibilia, quae sunt ex¬
223 1332 1254 1379 tra animam, mouent sensus. D.d. & sonus est duobus modis, &c. i. & fuit
219 1366 1255 1412 necesse quod ita esset de sono, sicut de auditu scilicet quod eodem modo mouent, & quod
225 1412 1263 1452 actio sit in recipiente, non in agente, propter hoc, quod utrunque inuenitur,
222 1449 943 1492 duobus modis, modo in potentia, & modo in actu.
263 1484 1256 1535 Eadem autem ratio in aliis sensibus & sensibilibus est. sicut
221 1531 1257 1586 enim actio & passio in patiente, sed non in agente: sic sensibilia
218 1575 1255 1627 actus & sensitiui in sensitiuo est. Sed in quibusdam quidem & no
227 1627 1257 1666 minatum est: ut auditio & sonatio: in quibusdam autem non no¬
226 1668 1259 1714 minatum est alterum. visio enim dicitur uisus actus: quae uero
227 1705 1260 1748 est coloris innominatum est. & gustatiui gustus est humoris autem,
224 1747 560 1795 non nominatum est.
268 1794 1253 1851 Eadem est in caeteris sensibus ac sensibilibus ratio: ut enim actio &
220 1843 1259 1899 passio in patiente est. non in agente: sic & rei sensibilis actio in sensitiuo, ue
217 1883 1255 1932 rum in nonnullis nomina quoque, sunt indita, ut sonatio & auditio: in non
