1416 2066
170 213 686 256 ctus innatus est extrahere formas in
183 261 656 302 tellectorum, & quiditates eorum.
217 292 681 342 Et iuit in hoc per duas vias. qua¬
176 336 682 370 rum vna est in epistola. secunda autem
179 369 679 411 in libro de Anima. & sunt vicinan¬
176 408 673 450 tes se. in libro autem de Anima communitum
175 452 681 490 xit huic quod intellectis rerum non com
173 485 677 530 tingit multitudo, nisi per multipli¬
172 527 678 570 cationem formarum spiritualium,
174 572 686 616 cum quibus sustinebuntur in vnoquo:
170 604 683 657 indiuiduo: & per hoc fuit intellectum
174 644 680 682 equi apud me aliud, quam intellectum
170 684 678 731 eius apud te. Ex quo consequitur se
181 732 683 771 cundum conuersionem oppositi quod
181 761 672 802 omne intellectum non habens for¬
173 805 683 842 mam spiritualem, a qua sustentatur,
169 837 672 891 illud intellectum, est vnum apud me¬
176 877 681 928 & apud te. Deinde coniungit huic
175 916 680 965 quod quiditas intellecti, & forma eius
179 964 677 1002 non habet formam spiritualem, ne¬
175 996 685 1037 que indiuidualem, cui sustentatur:
179 1036 683 1081 cum lquiditas intellecti non est qui¬
175 1079 688 1123 ditas indiuidui singularis, neque spiri
176 1117 680 1154 tualis, neque corporalis. intellectum
179 1149 683 1195 enim declaratum est quod non est
178 1188 677 1243 indiuiduum. Ex quo consequitur
176 1229 685 1281 vt intellectus sit innatus intelligere
178 1268 672 1314 quiditatem intellecti, cuius intelle¬
183 1309 679 1350 ctus est vnus omnibus hominibus:
172 1349 675 1386 & quod est tale est substantia ab¬
171 1383 294 1426 stracta.
209 1581 679 1633 In libro vero de Aia posuit pri¬
175 1621 681 1667 mo quod quiditas intellecti, secun¬
171 1660 674 1699 dum quod est intellectum, si non
174 1697 678 1752 fuerip concessum nobis quod non
176 1735 679 1787 habet quiditatem, & quod non est
173 1773 677 1827 simplex sed composita, sicut disposi¬
176 1821 681 1859 tio in omnibus quiditatibus factis,
176 1854 676 1906 & fuerit dictum quod quiditas illius
714 213 1216 259 & conclusit, intellectum esse aptum
715 255 1225 307 abstrahere formas intelligibilium: &
706 292 1209 330 eorum quiditates. Et circa hoc usus
709 333 1211 370 est duabus rationibus. quarum vna in
706 367 1216 422 suo tractatu, ad hoc negocium, proprie
709 409 1214 450 edito continetur. altera vero in suo
707 446 1221 499 lib. de Aia habetur. quae quidem ratio¬
710 485 1213 530 nes sunt inter se satis conformes. Ve¬
710 526 1218 571 rum in lib. de Aia adiecit ad hoc, &
713 564 1216 610 subiunxit quod in intelligibilibus entium,
706 611 1218 652 non accidit pluralitas, nisi propter.
713 648 1223 691 pluralitatem formarum spiritualium, iqui
710 683 1220 723 bus extant, & consistunt in quolibet
709 722 1218 770 indiuiduorum. & ideo intelligibile equi,
708 757 1219 803 atque asini in me, est diuersum ab eo¬
715 800 1206 852 dem intelligibili in te. Ex hoc ergo
710 836 1211 883 sequitur oppositum contradictoripei
717 882 1221 930 videlicet quod omne intelligibile, quid non
712 917 1217 965 habeat formam spumalem, super quem
708 956 1218 1002 sustentetur illud intelligibile, erit vtique
709 995 1217 1034 idem in me, & in te, Subiuxit insu¬.
707 1030 1221 1081 per, & addidit huic sententiae hoc, vi
708 1073 1218 1123 delicet quod quiditas ipsius intelligibi¬
711 1112 1212 1154 lis, eiusque forma non habet formam
713 1150 1224 1197 spiritualem, neque indiuiduam, cui innita
710 1190 1223 1242 tur, & fulciatur: cum quiditas ipsius in
706 1228 1222 1282 telligibilis non sit quiditas ipsius indi¬
708 1277 1218 1319 uidui singularis, tum spiritualis, tum
707 1306 1215 1357 etiam corporalis. nam iam satis constat ip¬
711 1346 1216 1386 sum intelligibile non esse indiuiduum,
706 1384 1216 1435 Sequitur igitur ex hoc ipsum intel¬
711 1424 1217 1474 lectum esse aptum vt intelligat qui¬
711 1464 1213 1516 ditatem ipsius intelligibilis, stnquo ip
704 1497 1206 1545 se intellus est vnicus in omnibus, homibi
713 1541 1215 1586 id autem, quod ita se habet, est vtique
706 1580 1214 1631 substantia separata. In lib. tamen de
708 1622 1212 1668 Anima dixit primo quod quiditas ipsius
708 1656 1223 1710 intelligibilis, quatenus est intelligibi
713 1697 1219 1738 le, si non concedat nobis aduersarius
710 1739 1214 1787 ipsum non habere quiditatem, neque
707 1772 1216 1818 esse simplex sed compositum, vt res
704 1815 1216 1858 se habet in cunctis quiditatibus gnera
703 1853 1217 1898 tis, & iam fuit dictum quod quiditas hu¬
