1416 2066
249 196 1293 243 intelligere ex hoc, quod d. si igitur mouetur non accidentaliter, & motus
255 237 1280 283 est ei naturaliter, idest per se, non propter aliud extrinsecum, necesse est vt
257 277 1289 318 moueatur motu locali. & sic intendit per motus praedictos omnes modos
250 316 1279 356 motus localis. iste enim motus existit in re naturaliter, & est necessario in
252 352 1286 395 loco. & secundum hoc erit sermo eius & motus est ei naturaliter, quasi alia
253 393 1289 435 conditio addita ei, quod est ei essentialiter. alteratio enim potest dici ali¬
254 434 1280 482 quo modo quod est in alterato essentialiter. Et potest dici quod est in eo
249 482 1272 517 accidentaliter aliquo modo. albedo enim non mouetur in nigredinem,
257 502 1287 554 nisi quia est in aliquo diuisibili, scilicet in corpore, non quia est diuisibilis
260 550 1281 595 in se. & sic erit hic alius modus modorum accidentaliter a modo descripto:
257 590 994 628 vt verificat hanc expositionem hoc, quod post dicet.
295 636 1282 691 Si autem est substantia animae, mouere se ipsam, non secundum
247 692 1274 735 accidens moueri ipsi inerit, sicut albo & tricubito: mouentur enim
256 725 1280 778 & haec, sed secundum accidens: cui enim haec insunt, mouetur illud
255 769 1293 810 corpus. vnde non est locus ipsorum: animae autem erit, siquidem,
252 812 637 867 natura motu participat.
302 852 1280 915 Quod si Animae substantia est mouere se ipsam, profecto moueri non
256 900 1275 956 per accidens ei inerit, quemadmodum albo, vel tricubito: mouentur enim
255 955 1278 1016 haec quoque, sed ex accidenti: nam id cui insunt, mouetur, videlicet corpus:
255 996 1279 1045 Ideoque no est locus ipsorum: at Animae erit, si natura motus est particeps.
300 1067 1279 1111 Et, si substantia animae est vt moueat se, tunc mouere non erit ac¬
254 1115 1284 1164 cidentaliter, vt motus albi, & tricubiti. ista enim mouentur, sed ac
259 1155 1284 1195 cidentaliter. quod autem mouetur est corpus, in quo haec duo exi¬
257 1196 1285 1242 stunt. Et ideo non habent locum. anima autem habet locum: cum
258 1235 1053 1283 habeat naturaliter communicationem cum motu.
288 1300 1285 1338 Cum declarauit quod, si mouetur essentialiter, oportet vt moueatur vno
257 1347 1283 1379 trium motuum, incoepit declarare quod non potest moueri motu alteratio¬
254 1374 1294 1419 nis, neque augmenti. impossibile est enim vt inueniatur in eis aliquod mo
256 1414 1281 1459 uens: quoniam hoc non inuenitur nisi in motu locali tantum: quamuis
258 1453 1282 1494 illud, quod mouetur in qualitate mouetur aliquo modorum rerum, quae
255 1492 1284 1530 dicuntur moueri accidentaliter. Et dicit: Et, si substantia animae, &c. i. &
260 1531 1275 1570 si substantia animae est aliquod mouens se, vt Antiqui describunt, tunc im
258 1580 1279 1619 possibile est vt moueatur in qualitate, vt album in nigrum: neque in quan¬
256 1604 1280 1652 titate, vt tricubitum in tetracubitum. quoniam, si aliquod istorum dicatur
259 1647 1277 1690 moueri, non dicetur nisi accidentaliter: quoniam illud, quod mouetur in
264 1691 1284 1723 istis, non est nisi corpus. Et hoc est quasi causa, propter quam non inue¬
258 1723 1281 1770 nitur in his duobus motibus mouens ex se. sed quoniam motus non attri¬
256 1763 1279 1803 buitur albedini, & nigredini, nisi propter corpus, in quo existunt hae duae
255 1810 1279 1844 qualitates, manifestum est. Sed difficile est imaginari quomodo attri¬
256 1841 1282 1881 buitur additio, & diminutio in quantitate ret augmentabili, & diminui¬
249 1879 1262 1924 bili accidentaliter. augmentatum enim essentialiter mouetur, in loco¬
