1416 2066
170 172 1222 218 tioni, quae accidit sensui: sed solum assimilatur sensui in receptione: quia
187 205 550 259 non est virtus in corpore.
184 249 1224 292 Impassibile ergo oportet esse: susceptiuum autem speciei, & po¬
186 291 1220 339 tentia huiusmodi, sed non hoc: & similiter se habere sicut sensitiuum
181 333 927 378 ad sensibilia, sic intellectiuum ad intelligibilia.
233 380 1217 426 Ergo impatibile ipsum esse oportet: receptiuum uero speciei, & po¬
181 420 1212 476 tentia tale, sed non hoc: & similiter habere, ut sensitiuum ad sensibilia,
184 468 650 533 sic intellectum ad intelligibilia.
237 516 1212 567 Oportet igitur vt sit non passiuum, sed recipit formam: & est in
186 561 1219 619 potentia, sicut illud, non illud. & erit dispo eius secundum similitudinem,
187 603 1161 651 sicut sensus apud sensibilia, sic intellectus apud intelligibilia.
225 660 1209 707 Cum narrauit quod primo necesse est perserutari de hac actione, quae
185 700 1206 739 est formare per intellectum, vtrum est passiua, aut actiua, incoepit pone¬
170 739 1211 779 tre illud, quod vult declarare, scilicet ipsum esse de virtute passiua quoquo
188 779 1210 819 modo, & quod est non trasmutabile, quia non est corpus, neque virtus in cor
191 818 1214 869 pore. Et dixit. Oportet igitur vt sit non passiuum, &c. idest &, cum bene
188 860 1219 907 fuerit perscrutatum de hoc, apparebit quod necesse est quod ista pars ani¬
189 899 1216 939 mae per quam fit formare, est virtus non transmutabilis a forma, quam
184 938 1213 983 comprehendit, sed non habet de intentione passionis, nisi hoc tantum, quod
185 973 1221 1026 recipit formam, quam comprehendit: & quia est in potentia illud, quod
187 1012 1214 1058 comprehendit, sicut sentiens: non quia est aliquid hoc in actu corpus,
184 1055 1223 1099 aut virtus in corpore, sicut est sentiens. Et hoc intendebat, cum dixit. & est
189 1091 1212 1131 in potentia, sicut illud, non illud. i. & est in potentia sicut sensus: non quia illa
184 1130 1214 1172 virtus est aliquid hoc, aut corpus, aut virtus in corpore. Deinde dicit. &
184 1168 1208 1211 erit dispositio eius secundum similitudinem, sicut sensus apud sensibilia, &c.
186 1219 1217 1259 potest intelligit sic. & necesse est vt sit de virtutibus passiuis: ita quod pro
170 1249 1208 1299 portio sensus ad sensibilia sit sicut proportio intellectus ad intelligibilia.
186 1288 1217 1336 & secundum hoc in ordine sermonis erit transpositio, & tunc debet legi
184 1325 1210 1366 sic. opportet igitur ut, dispositio eius sit secundum similitudinem, sicut sen¬
188 1364 1213 1411 sus apud sensibilia, sic intellectus apud intelligibilia: & vt sit non passiuum
185 1404 1209 1455 passione, sicut passione sensuum: sed recipit formam, & est in potentia,
189 1442 1207 1483 sicut illud, non illud. Et potest intelligi, & dispositio eius erit secundum
183 1482 1214 1523 hunc modum, sicut sentiens apud sensibilia, sic intellectus apud intelligi¬
187 1523 1214 1574 bilia. idest quod ponere ipsum non passiuum non contradicit huic, quod
186 1561 1213 1609 proportio eius ad intellectum sit sicut proportio sentientis ad sensatum,
185 1603 1212 1642 sed forte concedendo ipsum habere hanc proptionem, erit necesse vt sit
185 1643 1207 1684 non transmutabile. Et coegit nos ad illam expositionem hoc, quod intelle¬
182 1679 1213 1722 ctum habere hanc proportionem manifestum est per se, aut propem, cum hoc
184 1720 1221 1771 quod est quasi principium ad sciendum ipsum esse non passiuum, neque transmutabile.
218 1770 1222 1819 Necesse itaque quoniam omnia intelligit immistum esse sicut di¬
182 1820 1212 1874 cit Anaxagoras, ut imperet, hoc autem est ut cognoscat. intus ap
180 1860 920 1915 parens enim prohibet extraneum & obstruit.
