1416 2066
265 157 761 201 est, intellectum materialem & agentem, &
256 190 754 228 speculatiuum esse vnum subiecto, & diffe¬
262 223 765 259 ret secundum modum. Et licet hoc t eneat Them.
265 252 765 285 aduerte tamen quod in via eius iudicium for¬
259 285 765 315 maliter attribuitur nobis per intellectum
258 314 762 355 materialem, non quatenus ex potestate com
259 345 762 386 stat, sed quatenus agens est intellectus, quia
262 375 754 410 illinc omnis actio dicitur, atque deriuatur,
265 408 760 449 Quod si intellectus materialis non accipit
261 438 759 478 indiuisibiliter ea, quae intellectus agens tra
260 469 756 506 dit indiuisibiliter, nihil est quod miremur, quam
265 500 762 533 do huius rei illud exemplum exploratum
257 533 755 563 habemus, quod affectiones corporum, can¬
258 563 760 600 dor, nigror, & eius generis caeterae, quanquam
254 593 761 633 propria ratione & suapte natura indiuisibiles
260 620 765 658 atque insecabiles sint in materiam, tamen
261 656 765 690 diuisibiliter & secabiliter recipiuntur. Et ex
258 685 754 718 isto capite recte perpenditur secundum The
261 718 759 752 mistium intellectum agentem & materia¬
264 747 759 778 lsem esse vnum subiecto: quod bene Com¬
262 778 758 812 menta. videtur intellexisse. Et sic habes
260 812 758 842 quid in via Alexatid. Commenta. & Themi¬
260 840 754 874 stil sit dicendum in hoc quaesito arduo, si¬
259 872 371 906 cut vides.
292 900 758 936 Secunda contradictio est super tex. 1.
260 932 764 970 Aristote. & Commen. videntur dicere intel
264 964 755 1002 ligere esse sicut sentire, & quod sit pati. Sed hu¬
265 994 762 1036 ius oppositum memini me legisse apud
264 1028 754 1061 Alexandrum in tract. de intellectu. vbicap
262 1056 765 1094 I. dicit. Intellectui peculiare esse actium es¬
258 1094 764 1123 se. & intellectio, vt inquit, est ei actio, &
263 1122 761 1154 non passio. Subtilis doctor perscrutans cir¬
260 1157 761 1186 ca hoc in quaestione. 13. quolibetorum in
254 1188 764 1218 artic. tertio dicit quod non est sensus, quod in¬
256 1212 765 1250 telligere sit pati formaliter, ita quod sit de
265 1245 763 1281 genere passionis, sed quod formaliter deno¬
258 1280 759 1316 minat per hoc, quod recipitur in aliquo
254 1308 760 1339 subiecto: sit sensus, intelligere est recipere
260 1337 758 1369 intellectionem, & sic etiam sentire est reci¬
256 1369 765 1402 pere sensationem. Vnde, si obiectum vel
265 1398 766 1430 Deus causaret sensationem, non diceretur
261 1430 761 1468 sentire. similiter, si intellectus causaret ef¬
261 1460 759 1500 fectiue in se intellectionem, non propterea
264 1492 767 1523 diceretur ex hoc intelligere. sed potius ex
262 1522 763 1565 hoc quod recipit intellectionem. Sed ista de
257 1557 757 1586 claratio non bene exprimit sensum Arist.
266 1584 764 1617 naec aperit aliquid proprium. sensationi &
260 1615 761 1650 intellectioni, in quo dististinguuntur ab
260 1649 765 1682 atijs formis de nominantibus. nam hoc est
259 1680 755 1715 commune omnibus formis denominan¬
263 1709 759 1742 tibus ab intrinseco, quod sunt per nforma
261 1741 754 1773 tionem in re denominata, immo & motus
262 1771 754 1803 ipse denominat mobile, in quo est forma¬
260 1803 751 1841 liter & non denominat motorem. Praete
261 1836 762 1874 rea stat aliquid denominare aliquid, in
260 1869 764 1906 quo taien non est per inhaerentiam: sicut
794 157 1307 202 communiter dicitur de sex principiis. Di¬
795 190 1307 235 camus igitur, vt alias diximus, quod sensus &
797 228 1290 259 intellectus materialis sunt de virtutibus
794 259 1287 290 animae passiuis secundum sententiam Com¬
790 293 1295 324 menta. in. 2. de anima. commen. 3t. &. 3. de
795 317 1289 353 anima. commen. 4. potentiarum autem par¬
791 346 1297 384 siuarum proprium est moueri ab obiecto,
796 376 1291 411 cui attribuuntur. &, quia sensus mouetur a
797 408 1293 442 sensibili, & intellectus ab intelligibili, ideo
795 445 1295 475 intelligere est si sicut senttre. Nota tamen,
794 477 1292 514 quod in passione vera sunt duo. vnum est con¬
789 501 1289 539 trarietas, merito cuius est aliqua corruptio
791 531 1301 573 secundo est receptio formae. sentire & intelli¬
796 563 1289 602 gere de passione non habent nisi receptio¬
791 597 1293 627 nem tantum, quia in eis non est vera contrarie
791 624 1289 658 tas: merito cuius concomitetur aliqua cor¬
791 657 1287 690 ruptio, & ideo est alterum genus alteratio¬
790 693 1288 723 nis & passionis ipsa fensatio, quam sint ve¬
787 717 1291 754 rae alterationes, quae fiunt secundum veras
794 755 1285 780 passiones & passibiles qualitates, vt dicitur
797 781 1287 818 secundo de anima. textu commen. S7. &.
797 812 1297 846 39. & in tertio de anima textu commen. IS
791 842 1293 874 In talibus enim est euasio & perfectio, videtur di
793 876 1291 906 cit Commen. etiam in commen & Themi¬
787 903 1286 937 in eodem loco super. 2. de anima dicit id est
791 933 1289 977 Vnde, quia sensatio praesupponit receptio¬
787 967 1293 1002 nem specierum, & intellectio receptionem
795 1004 1293 1037 specierum intelligibilium, sic sentire, & in
794 1028 1293 1058 telligere consistunt in quodam pari, tan¬
794 1060 1290 1097 quam in necessariom praesupposito ad hoc, quod
796 1090 1299 1131 sit sentire & intelligere. Sed intelligere &
794 1121 1289 1163 sentire formaliter non sunt receptio spe¬
796 1156 1291 1187 cierum. quia, vt scribit Commenta. in. 2. de
796 1184 1297 1218 anima. commen. 1.39. recipere aliquid est
795 1220 1292 1249 aliud a iudicare illud. Et Alexand. dixit in
797 1245 1291 1282 paraphrasi de anima, in illo capit. vbi agit
791 1285 1294 1317 de intellectu practico & specu, quanquam
798 1309 1288 1341 per corporeas affectiones sensuum functio
791 1340 1289 1371 siat, sentire tamen non est pati, sed iudicare,
790 1366 1294 1401 atque discernere. Et ideo Alexan arctius lo
797 1403 1286 1433 loquens in via Peripareticorum voluit poten
796 1432 1289 1466 tias animae distingui in actiuas & iudicati¬
791 1468 1289 1498 uas, appellans actiuas potentias animae ve¬
790 1493 1295 1532 getatiuae: reliquas vero vt sensus & intelle¬
790 1524 1291 1560 ctus in numero potentiarumiudicatiuarum,
794 1564 1295 1595 quia istae sunt virtutes discernentes & iudi¬
796 1592 1293 1618 cantes. vnde secundo de anima tex. commen.
794 1620 1291 1657 rgo. videtur autem intelligere & sapere tan
790 1653 1296 1687 quam quoddam sentire esse, in vtrisque enim
794 1686 1291 1715 anima iudicat aliquid & cognoscit. Aduer
790 1715 1289 1746 te tamen quod licet secundum Auerr. & Alex.
786 1742 1290 1780 tam in intellectione, quam in sensatione con
796 1771 1289 1810 currat specierum receptio, quae est passiqu
798 1800 1293 1843 quaedam, differenter tamen est ista passio
788 1837 1295 1868 in sensu & in intellectu. quia sensus patitur,
791 1864 1293 1914 patiente aliquid organo. vt dicitur. 7. pbysi¬.
