1416 2066
170 172 1211 214 lo est: sicut oculi. aliis vero aerem recipientibus habere cooperi¬
189 219 1209 259 mentum, quod respirantibus discooperitur, ampliatis venis & po
184 260 1218 307 ris. & propter hoc respirantia non odorant in aqua. necessarium
193 300 1211 347 enim est odorem pati respirantia: hoc autem facere in humido im
187 343 1214 395 possibile. est autem odor ficci sicut humor humidi. odoratiuum
186 387 848 444 autem sensitiuum potentia huiusmodi est.
233 428 1211 475 Videtur autem in hominibus differre hoc instrumentum a caetero¬
187 484 1210 538 rum animalium instrumentis: ut oculi ab oculis eorum quae duros eos
179 523 1204 578 habent: nam illi quidem habent septum & ueluti utriculum quendam,
181 581 1216 635 palpebras: quas nisi moueat, atque attollat, non uidet, quae uero duris sunt,
183 618 1210 667 oculis, nihil habent eiusmodi: sed illico uident quae siunt in translucido.
184 668 1209 723 sic esiam odoratiuum sensorium: aliis sine operculo esse apparet, sicut
185 716 1213 786 ille oculus: in iis autem quae recipiunt aerem adesse uidetur operimen¬
179 763 1212 811 tum, idque rum spiritum hauriunt aperiri, dilatatis uenulis ac meati¬
186 812 1212 860 bus. Quamobrem quae spirant in humido non olfaciunt: necesse enim est
182 859 1211 923 spiritum ducendo olfaciant: quod in humido fieri non potest. Est autem
190 908 1193 971 odor sicci, ut sapor humidi: odoratiuum uero sensorium est tale potetia.
226 978 1211 1027 Videtur igitur quod iste sensus in hominibus differt a se in aliis ani¬
178 1021 1206 1067 malibus, sicut oculi differunt ab oculis animalis duri oculi. Isti enim
183 1063 1208 1107 habent coopertoria, scilicet palpebras, quae cum non aperiuntur, non vi
188 1106 1213 1155 det homo. animalia autem duri oculi non habent aliquod tale: sed
190 1147 1211 1203 vident subito illud, quod fit in diaphano. Et sic videtur quod est
178 1196 1205 1243 sensus olfactus etiam scilicet quod in quibusdam animalibus est non coop¬
182 1233 1209 1276 tus, vt oculus. in animalibus vero recipientibus aerem habet coo
189 1276 1212 1324 pertorium. &, cum ista animalia inspirant, ampliantur venae, &
170 1323 1201 1363 viae, & aufert illud. Et ideo ea, quae anhelant, non olfaciunt in hu¬
177 1362 1212 1411 mido. inspiratio enim necessaria est in olfactu. vnde impossibile
188 1403 1208 1451 est hoc facere in humido. Et odor est sicci, sicut sapor humidi. Et
185 1445 1098 1491 olfaciens est illud, quod est in potentia istius dispositionis.
216 1500 1206 1539 Cum declaratum est quod animalium quaedam sentiunt odorem sine in¬
184 1535 1213 1595 spiratione, & quaedam cum inspitatione, visum est quod cam in hoc est quod iste
178 1578 1211 1618 sensus in hominibus, & in animalibus anhelantibus differunt in creatio¬
177 1612 1209 1668 ne, & in forma a se in aliis animalibus non anhelantibus. Quemadmodum
190 1653 1213 1698 enim oculi in homine, & in aliis differunt in creatione ab oculis animalium
184 1691 1210 1738 duri oculi scilicet carentium palpebris. Et, cum narrauit consimilitudinem in¬
176 1733 1208 1770 ter ea in hac intentione, dedit modum consimilitudinis, & dixit. Isti enim
177 1771 1211 1810 habent coopertoria, &c. i. & sicut oculi in homine, & in aliis habent palpe¬
183 1802 1214 1859 bras, quibus cooperiuntur: & est impossibile vt homo videat quousque non
178 1849 1214 1900 aperiat palpebras: & in animalibus duri oculi non habent palpebras, sed
