1416 2066
202 188 1256 243 Cum declaranit quod genus animae est perfectio, quae est quasi scientia exi¬
217 235 1243 291 stens in sciente, quando non vtitur ipsa, incoepit narrare quod ista perfectio
215 283 1248 325 praecedit in esse secundam perfectionem, & quod propter hoc debet adiungi
209 322 1245 364 In definitione quod anima est prima perfectio corporis naturalis habentis vi
217 358 1249 409 tam in potentia. Et d. Et scientia in eodem, &c. i. & perfectio, quae est quasi
211 398 1248 445 scientia, praecedit in esse in indiuiduo secundam perfectionem, quae est
219 435 1247 487 quasi studium. Et, cum narrauit hoc, incoepit narrare quod propter hoc de
214 473 1248 515 bemus hanc intentionem dicere in definitione, vt per primam distingua
220 513 1245 554 tur a perfectione postrema, & d. Et ideo anima est perfectio prima, &c. i.
218 552 1242 601 & ideo dicendum est in definitione animae, &c. D.d. & est secundum quod est orga
217 603 1246 646 nicum. ita cecidit in scriptura locus salbus. & est corpus secundum quod est organi¬
220 636 1244 675 cum. i. corpus habens vitam in potentia est primnum organicum corpus.
220 667 1239 714 Et, cum narrauit quod omne corpus viuum est organicum, & hoc fuit ma¬
218 708 1241 748 nifestum in animalibus, sed latuit in plantis, incoepit demonstrare quod or¬
222 754 1236 799 gana existunt etiam in plantis, & dixit Et partes plantarum sunt etiam or¬
218 795 1237 838 gana, &c. i. & sermo eius in hoc est manifestus. Et hoc, quod dixit de plan
224 828 1237 867 tis, manifestum est. folia enim ita sunt de plantis, sicut corium in anima¬
221 861 1241 907 libus, & radices sunt, sicut os: quoniam vtrunque comprehendit cibum. &
218 905 1242 946 hoc intendebat, cum dixit, quoniam isti duo modi contrahunt cibum, sci
221 945 1034 988 licet radices, & os, & alia ventricula, quae transeunt ad ipsa.
257 1004 1243 1051 Si autem aliquod cmunt in omni anima oportet dicere, erit vtique
213 1051 1251 1090 actus primus corpis organici physici. vnde non oportet quaerere
212 1091 1239 1131 si vnum est anima & corpus: sicut neque ceram & figuram, neque om¬
210 1133 1250 1179 nino vniuscuiusque materiam, & id cuius est materia: hoc enim vnum
220 1172 1187 1227 & esse cum multipliciter dicantur, quod proprie est, actus est.
262 1220 1240 1276 Ergo si quid commune de omni anima sit dicendum, ea fuerit actus
220 1258 1243 1324 primus corporis naturalis organici. idcirco non oportet quaerere an unum
216 1308 1242 1371 sit anima & corpus, quemaomodum neque, ceram & figuram, nec de¬
217 1356 1240 1419 nique, uniuscuiusque materiam, & id cuius est materia: unum enim & esse
209 1407 985 1467 cum multisariam dicatur, quod proprie est, actus est.
258 1451 1238 1499 Si igitur aliquod vniuersale dicendum est in omni anima, dice
210 1500 1247 1550 mus quod est prima perfectio corporis naturalis, organici. Et ideo non
215 1538 1244 1586 est perscrutandum vtrum anima, & corpus sint idem: sicut non est
221 1580 1241 1633 perscrutandum hoc in cera, & figura, neque in ferro, & figura, neque
221 1624 1236 1667 vniuersaliter in materia cuiuslibet, & in illo, quod habet illam ma¬
218 1664 1244 1708 teriam. vnum enim & ens cum dicuntur pluribus modis, perfectio
215 1708 943 1754 est illud, de quo dicitur hoc prima intentione.
256 1764 1239 1811 Dixit Si igitur aliquod vniuersale, &c. idest si igitur possibile est defi¬
216 1806 1243 1849 nire animam definitione vniuersali, nulla definitio est magis vniuersa¬
218 1845 1242 1892 lis quam ista, nec magis conueniens substantiae animae: & est quod anima est prima
219 1891 1244 1938 perfectio corporis naturalis organici. Et induxit hunc sermonemn in forma
