1416 2066
264 164 769 235 passiones rationes esse materiales.
322 219 1304 260 Et videtur etiam quod omnes passiones animae sint in corpore, vt
275 260 1308 314 iracundia, & gratia, & timor, & pietas, & audacia, & gaudium, &
276 301 1304 347 tristitia, & odium, & amor. corpus enim patitur cum istis. Et si¬
273 348 1301 398 gnum eius est, quoniam forte fiunt passiones fortes, & apparentes,
276 394 1303 439 & non accidit ex eis homini, neque iracundia, neque timor: & forte
278 435 1304 483 passiones paruae, & debiles mouebunt ipsum, quando corpus fue¬
268 483 1300 526 rit paratum. Et magis manifestum est quod videmus quod quidam ho
274 515 1298 563 mines sunt valde timorosi, quamuis nihil timoris accidat eis. vn¬
274 559 1306 604 de manifestum est quod passiones animae sunt intentiones in materia.
273 604 1308 660 Cum narrauit quod plures passiones, & actiones animae videntur habere
278 652 1305 693 communicationem cum corpore, incoepit hic notificare genus, in quo ap
277 684 1296 737 paret hoc manifeste, & dixit. Et videtur etiam quod omnes, &c. & intendit per
279 726 1299 765 passiones animae dispositiones attributas virtuti concupiscibili. Deinde
278 762 1307 811 d. corpus enim patitur cum istis. i. apparet in es alteratio, & transmutatio.
276 803 1308 843 omnis enim passio, facta cum alteratione, & transmutatione: est in corpo
274 848 1307 894 re necessario, aut virtutis in corpore. &, cum haec propositio fuit vera: &
274 884 1306 922 etiam quod omnia accidentia animae concupiscibilis fiunt cum transmuta¬
269 932 1300 974 tione: concludetur necessario quod haec anima aut est corpus, aut virtus in cor¬
285 963 1304 1013 ore. Sed, quia propositio maior est manifesta, minor vero latet aliquan¬
277 997 1301 1053 tulum, cum sit possibile, vt accidant passiones, ex quibus corpus non pati
273 1042 1291 1083 tur apud sensum, incoepit declarare hoc alio modo, & dixit. Et signum eius
277 1078 1298 1124 est, quoniam forte, &c. i. & signum, quod ista vtitur corpore, quasi instrumen¬
275 1120 1301 1161 to, & quod corpus patitur ab eis. &, si non patitur apud sensum est, quoniam a¬
275 1161 1298 1203 ctio eius differt secundum diuersitatem dispositionum corporis. accidunt
276 1201 1297 1250 enim homini multa, quae innata sunt mouere motu forti: & non mouent
268 1239 1299 1275 ipsum nisi debiliter. Verbi gratia quod accidit homini aliquod timoro¬
276 1276 1303 1322 tum, aut aliquid prouocans iram & non mouetur ab eis nisi modicum aut
279 1318 1304 1362 econuerso quando corpus fuerit paratum, sicut dixit: & fuerit ita paratum sicut
280 1356 1300 1396 est iratus. iratus enim mouebitur facile valde ex re modica prouocante
276 1395 1307 1435 itam. Et magis manifestum est, sicut dicit, quia nos videmus multos ho¬
276 1435 1298 1475 mines timere sine aliquo timoroso. & omnia ista significant quod ista actio
271 1477 1302 1515 non fit absque corpore. Deinde. d. manifestum est quod passiones, &c. i. ma¬
271 1513 1301 1556 nifestum est igitur quod formae, prouenientes in ista anima apud passionem
279 1553 764 1596 & motum, sunt formae in materia.
323 1596 1310 1636 Quare termini tales, vt irasci, motus quidam talis corporis, aut
271 1635 1311 1684 partis, aut potentiae, ab hoc, gratia huius: & propter haec iam phy
277 1681 1131 1722 sici est considerare de anima autem omni aut huiusmodi.
325 1728 1297 1779 Quare definitiones quoque, tales. verbi causa irasci, motus quidam est,
272 1769 1308 1819 talis corporis, aut partis, aut potentiae, ab hoc, gratia huius. Quam de¬
266 1827 1279 1875 mum ob rem ad naturalem spectat considerare de anima, vel omni, vel tali.
320 1867 1311 1915 Quapropter definitiones debent esse ita. quoniam ira est mo¬
