1416 2066
175 190 1234 227 dio, si duo duo, si tria tria. Et intendebat per hoc quod, cum media sint de¬
198 226 1238 267 terminata in numero scilicet aut caro, aut aer, aut aqua: & sensibilia etiam, quae
198 260 1241 299 reddunt ista media, sint etiam terminata in numero: necesse est vt virtutes
197 300 1241 339 sint secundum numerum istorum sensibilium, quae reddunt media ani¬
192 340 1242 380 malibus, quae innata sunt sentire perhaec media. & manifestum est quod om
198 374 1234 428 ne, quod redditur per carnem, est aut gustabile, aut tangibile. & omne, quid
190 416 1233 460 redditur per aerem, aut aquam, aut per vtrunque, est aut sonus, aut color,
191 459 1242 500 aut odor. omne igitur sentire est aut gustare, aut tangere, aut audire, aut
196 501 1232 548 videre, aut olfacere. D.d. Et si per plura vno sit, &c. i. &, si per plura vno
187 540 1235 574 medio sit vnum sensibile, vt color per aerem aut aquam, quae sunt aequa¬
194 574 1224 614 les in hoc, manifestum est quod animal habens alterum eorum sentit de sen¬
193 612 1229 663 sibilibus, sicut quod habet vtrunque. & intendebat per hoc quod animal, quod
186 652 1229 691 est in aqua, debet habere virtutes sensus secundum numerum virtutum
188 692 1208 731 sensus animalis, quod est in aere, & animalis, quod sentit in aqua, & in aere.
227 747 1219 795 Simplicium autem ex duobus his sensitiua solum sunt, ex aere
180 787 1227 835 & aqua. pupilla quidem enim aquae: auditus vero aeris: olfactus
187 836 1227 875 autem horum alterius est. ignis autem aut nullius est: aut commu
185 883 1227 916 nis omnibus: nihil enim sine calore sensitiuum est. terra vero aut
182 916 1224 971 nullius est, aut in tactu maxime miscetur. vnde relinquitur nullum
181 959 795 1003 esse sensitiuum extra aerem & aquam.
233 1019 1232 1074 Simplicium autem ex his duobus sensoria tantummodo sunt, uideli
190 1083 1237 1135 tet ex dere & aqua: pupilla enim aquae, auditus aeris, omnifactus horum
191 1116 1237 1179 alterius est. ignis autem uel nullius, uel communis omnium est: nihil
198 1169 1241 1218 enim sine cauiditate sensitiuum est. terra uero aut nullius, aut in tactu
186 1228 1221 1275 admixta praecipue est. Quapropter relinquitur nullum esse sensorium,
190 1275 574 1332 praeter aerem & aquam.
238 1324 1231 1370 Et sensus ex simplicibus sunt ex aere: aut ex aqua. visus enim
189 1365 1225 1411 est ex aqua, & auditus ex aere, & olfactus ex altero istorum duo¬
194 1410 1233 1450 rum. Ignis autem aut est nullius, aut est communis eis. quoniam
185 1451 1215 1498 nullum sentiens est extra calorem. Et terra aut est nullius eorum
187 1492 1230 1539 aut proprie est admixta cum tactu. Remanet igitur quod non est sen
188 1535 620 1582 sus extra aquam, & aerem.
227 1587 1233 1635 Haec est demonstratio accepta ex instrumentis sensuum, & d. Et sensus
188 1635 1226 1672 ex simplicibus, &c. i. & instrumenta sensuum, quae propter suam naturam
193 1668 1231 1707 attribuuntur elementis secundum dominium sunt tria tantum scilicet instru¬
190 1707 1233 1762 mentum, quod est ex aere, scilicet auditus, vt declaratum fuit prius: & instrumen
193 1756 1236 1797 tum, quod est ex aqua, scilicet visus: & tertium est, quod fit ex vtroque scilicet onlfactus
196 1788 1239 1827 & d. In hoc sensu, quod fit ex altero istorum duorum scilicet aut ex aqua, aut
192 1832 1234 1876 ex aere: quia animalia, quae sunt in aqua, olfaciunt in aqua, sicut olfaciunt
192 1868 1237 1909 animalia, quae sunt in aere, per aerem. D.d. Ignis autem, &c. i. igni autem
