1416 2066
248 194 1250 236 Cum incoepit perserntari de virtute, qua sentimus nos sentire, vtrumi
200 229 1241 274 sit eadem cum virtute propria vnicuique sensui, an alia, dedit in primo ser
203 269 1233 315 monem, ex quo sequitur eam esse vnam, & post, alium, ex quo consequi¬
207 313 1240 353 tur eam esse plures: deinde sermonem concludentem eam esse vnam, &
204 347 1238 388 dissolutionem, ex qua exiuit ad declarandum quod sensus, & sensibile sunt
202 387 1238 427 vnum in actu, non diuersa: propter quod contingeret vt illud, quod iu¬
203 420 1239 466 dicaret super ipfum sensum, esset aliud ab eo, quod iudicaret super ip¬
203 464 1231 507 sum sensibile. Et, cum hoc fecit, reuersus est postea ad illam eandem
202 504 1238 554 perscrutationem, & d. Et vnusquisque sensuum, &c. idest manifestum
205 551 1237 595 est per se quod vnusquisque sensuum iudicat suum subiectum proprium,
202 586 1242 634 quod est ei, secundum quod est illud sentiens: & iudicat cum hoc disferentias
194 626 1239 671 proprias, quae sunt in illo subiecto proprio. v. g. quia visus iudicat colo
205 661 1229 706 rem, qui est proprium subiectum ei, quod est secundum quod est visus, & iudicat dif¬
201 700 1234 740 ferentias contrarias existentes in eo. v. g. album & nigrum & media. &
201 739 1227 779 similiter auditus iudicat sonum, qui est suum subiectum, & graue & seue
197 779 728 819 & media, quae sunt differentiae soni.
252 827 1234 875 Quoniam autem & album & dulce, & vnunquodque sensibilium
202 872 1242 931 ad ununquodque discernimus quodam, & sentimus quia differunt,
202 916 874 964 necesse est igitur sensu, sensibilia enim sunt.
249 948 1245 1003 Sed quia & album, & dulce, & unumquodque sensibilium cum
199 1019 1239 1068 unoquoque comparatum iudicamus aliquo, & differre sentimus, ne¬
199 1051 795 1115 tesse sane est, sensu: sunt enim sensibilia.
248 1100 1237 1147 Et, quia iudicamus etiam album, & dulce, & vnumquodque
203 1147 1247 1194 sensibilium, comparando ea adinuicem. per quid igitur sentimus
204 1188 1240 1234 esse diuersa e necesse est quidem vt illud sit per sensum. sunt enim
208 1228 475 1275 etiam sensibilia.
240 1283 1238 1323 Et, cum sensus comprehendit differentias contrarias, quae sunt in sub¬
208 1325 1234 1370 iectis propriis vnicuique sensui, per quam igitur virtutem iudicamus istas esse
199 1372 1239 1412 diuersas, cum fecerimus comparationem inter eas adinuicem Apparet
198 1411 1231 1451 quidem quod consequitur ex hoc sermone illud, quod a principio dictum
202 1444 1238 1493 est, & est quod virtus, v qua visus iudicat album esse aliud a nigro, est alia a
208 1480 1231 1523 virtute visus. quem admodum virtus, quae iudicat ipsum videre, videtur
198 1516 1159 1563 alia a virtute visibili. differentia enim inter sensibilia est sensibilis.
245 1571 1237 1619 Quare & manifestum quoniam caro non est ultimum sensitiuum:
207 1628 1239 1667 necesse enim esset tangens ipsum discernens discernere. Neque
211 1656 1235 1702 utique separatis contingit discernere quod alterum sit dulce ab albo.
205 1698 1236 1747 sed oportet uno quodam utraque manifesta esse: sic enim & si hoc
204 1744 1234 1792 quidem ego, illud uero tu sentis, manifestum utique erit quoniam
200 1784 1238 1827 altera ad inuicem sunt. Oportet autem vnum dicere quoniam al¬
204 1829 1241 1876 terum. alterum enim dulce ab albo: dicit ergo idem: quare sicut di¬
200 1868 1233 1915 cit: ita & intelligit & sentit. Quod quidem igitur non possibile fe¬
