1416 2066
241 149 751 187 demonstratiua, sed est syllogismus hypothe
243 187 742 218 ticus per naturam, in quo antecedens est
244 217 745 256 notum per se, & consequens etiam est per
246 248 752 283 se notum, & sequela est per se nota. & talis
250 279 745 322 vllogismus nihil simpliciter probat, sed est
242 310 746 346 sola persuasio quaedam, & superficialis no¬
242 348 743 375 tificatio. Et ideo dixit bene Commentato.
245 372 749 405 in. 4. coeli in commen. 12. vbi dixit, quod
247 406 741 442 alia est latentia, quae indiget syllogismo, vi¬
244 429 749 467 delicet cathegorico: & alia est latentia, quae
241 465 749 500 indiget inductione. vnde hoc idem sentit
239 497 743 530 Themist. super secundo poste. cap. 12. in sua
237 533 746 566 paraphrasi. Et sic dico, quod ratio illa Philo
242 558 747 594 sophi in libro elenchorum non est ratio de
243 591 747 621 monstratiua ad probandum esse subiecti
244 617 751 651 illius libri. sed est quaedam persuasio exem¬
244 653 746 687 plaris & similitudinaria. De partibus vero
242 684 747 714 subiectiuis, an in scientia possint demon¬
247 714 747 747 strari, nec ne, iam diximus commen. trige¬
238 745 744 779 simosecundo: quarto de coelo diffuse: &
250 774 445 810 tu illuc recurras.
272 805 745 843 Vigesimaquarta contradictio est in tex.
244 844 742 874 29. Aristote. dicit quod in animalibus ha¬
243 867 749 903 bentibus tactum, manifestum est, quod insit
242 902 749 941 etiam appetitus. De imaginatione autem
238 931 749 969 immanifestum, posterius autem consyderam
242 962 747 992 dum. Sed huius oppositum dixit supra in
243 991 747 1027 tex commen. vigesimo. vbi inquit quod vbi
243 1022 751 1058 sensus, ibi est imaginatio & appetitus. Solu
240 1058 747 1091 tio est. vt inquit Simplicius, non est immani
242 1085 745 1118 festum si per imaginationem intelligamus
243 1116 753 1150 indeterminatam, & quae est respectu tangi¬
248 1149 748 1192 gibilium prae sentium, quia hoc est clarum.
242 1181 746 1221 sed per per imaginationem hic intelligitur
241 1213 747 1244 determinata, quae est respectu absentium,
247 1239 753 1274 & cum memoria est coniuncta. vnde ani¬
247 1273 751 1307 malia imperfecta bene sentiunt iucundum,
245 1302 743 1334 & triste, sed non per imaginationem. siqui
247 1332 745 1366 dem imaginatio est nobilior & altior sensi¬
244 1364 750 1394 bus, vt notat Ammio. in praesenti loco. Pro
247 1397 751 1434 quo nota quod secundm Aristote. in secun
247 1431 747 1459 do de anima in tex. commen. 136. Sensus
243 1455 745 1490 ab imaginationae distinguitur, quia sensus
244 1488 753 1522 inest omnibus animalibus, non autem ima
242 1517 744 1554 ginatio. Et ex hoc scire potes quod anima.
242 1549 751 1587 lia imper fecta si sentiunt & appetunt, hoc
244 1580 744 1613 non est per virtutem altiorem quam sit sen
243 1613 747 1643 sus, sicut est in perfectis habentibus imagi¬
240 1649 743 1674 nationem distinctam a sensu, & nobilio¬
243 1677 743 1706 rem & determinatam. & ideo spongia ma¬
242 1704 738 1738 rina, & id genus appetunt, & delectantur.
242 1734 747 1770 & contristantur circa iucundum, & triste,
246 1765 741 1804 per sensum, & non per imaginationem,
244 1802 753 1834 quae sit virtus superior quam sit sensus. &
250 1828 382 1866 hoc teneas.
274 1853 746 1897 Vigesimaquinta contradict. est in com.
778 157 1269 195 12. Dicit Commenta. quod intellectus spe
776 189 1276 221 culatiuus non est anima, nec pars animae,
778 220 1274 250 sed commento primo. tertil de anima
777 247 1292 281 dicit oppositum. Soluitur. intellectus:
775 278 1281 314 speculatiuus secundum ipsum quandoque
774 311 1276 346 supponit pro operatione animae, quae est in
779 348 1279 382 tellectio: & talis nec anima est, nec pars
772 379 1271 411 animae, sed est accidens maxime de nona
781 404 1277 444 intellectione. quandoque sumitur pro in¬
779 437 1279 469 tellectu potentiae, qui est pars animae nimae,
778 465 1274 504 quo mediante intelligimus, & sapimus.
772 499 1268 538 primo modo hic. secundo modo sumitur ibi¬
814 530 1277 562 Vigesimasexta contradict. est in tex. 37.
779 557 1275 594 Aristote. & Commen. in commen. dicunt, quod
781 589 1279 626 anima est causa efficiens corporis. vbi Com.
780 623 1268 652 inquit quod est causa omnium motuum,
778 651 1278 686 tam verorum, quam existimatorum. Sed
780 681 1282 716 huius oppositum inuenimus apud Alexan.
781 711 1277 746 in paraphrasi de anima in cap. de impulsu.
781 745 1277 778 & vi impulsoria, vbi dicit quod non proprie
774 776 1277 810 moueri corpus ab anima dixeris. Soluitur.
774 807 1274 837 formae sunt in duplici differentia, quaedam
780 837 1277 875 sunt formae abstractae a corpore, & per se
781 868 1277 898 subsistentes, sicut sunt intelligentiae separa¬
781 901 1271 938 tae. & tales per se mouete dicuntur, quia in
773 929 1271 962 mouendo non mouentui, neque per se, ne¬
785 960 1276 1001 que per accidens, tales enim habent esse
786 996 1274 1031 erfectum in se & completum in specie, quae
775 1027 1277 1058 tota saluatur in vno supposito secundum Peripate
778 1055 1278 1089 ticos, & habent vnitatem numeralem per¬
780 1084 1276 1122 fectam, & natura priorem suo corpore. Et
775 1118 1277 1155 ideo Commen. in primo coeli. in com. 12.
781 1149 1276 1178 dicit quod coelum est semper mobile per prin¬
774 1179 1270 1217 cipium extrinsecum, quod non est corpus,
778 1210 1274 1242 neque virtus in corpore. Sunt iterum aliae
774 1241 1275 1274 formae, quae sunt actus corporis, sicut anima
783 1270 1274 1310 quae est corporis actus, quae in mouendo
778 1308 1279 1339 mouentur per accidens. & tales formae non
786 1332 1272 1369 proprie dicuntur mouere corpus. quia non
778 1362 1270 1396 nabent subsistentiam separatam extra cor
775 1401 1281 1434 pus. vnde, si anima dicitur mouere cor¬
776 1432 1280 1465 pus, est propterea, quia anima interceden¬
784 1461 1275 1491 te mouetur corpus est enim ratio, qua cor¬
778 1487 1284 1526 pus mouetur. sed non est id, quod proprie
778 1524 1278 1555 per se mouet. motus enim & geneeationes
777 1548 1277 1587 sunt suppositorum. anima autem, quae est
775 1578 1277 1611 forma dans esse corpori, non est supposi¬
775 1611 1273 1644 tum, sed est ratio, propter quam sup¬
778 1639 1275 1681 positum est in actu. vnde forma est actus,
777 1671 1273 1714 sed suppositum est in actu propter for¬
773 1702 1275 1738 mam. & ista est mens Alexandri ibi.
777 1733 1270 1770 inquit enim omnis entelechia, & actus
771 1772 1277 1804 per se immobilis est. animam autem en¬
774 1795 1271 1833 telechiam siue actum monstratum est.
779 1829 1271 1866 quapropter neque corpus ab anima mo¬
778 1862 1273 1891 ueri proprie dixens: id enim proprium
