1416 2066
209 197 1254 243 tristitia. i. & non sentimus de differentiis odorati, nisi illud, quod est dele¬
215 232 1239 276 ctabile, aut contristabile. i. non sentimus de eis nisi differentias magis com¬
215 270 1242 315 munes. delectabile enim multos habet modos, & similiter contristabile, & de
217 310 1018 355 fectabile non inueniuntur, nisi in remotissimis extremis.
249 372 1246 418 Rationabile autem sic & fortes oculis colores sentire, & non
214 420 1239 471 per manifestas ipsis esse differentias colorum, nisi terrentium &
205 473 1244 507 non terrentium. sic autem & odores hominum generatio vide¬
212 514 1244 556 tur enim & anologiam habere ad gustum, & similiter speties hu¬
207 547 769 595 morum, cum his quae sunt odoris.
265 591 1245 635 Consentaneum etiam est quae durioribus sunt oculis eodem modo
209 635 1244 683 colores sentire, neque perspicuas eis esse colorum differentias, nisi cum
212 684 1235 730 terrore & sine terrore: eodem etiam pacto odores hominum genus. enim¬
208 739 1236 787 uero species saporum, si ad gustum conferas, cum speciebus odoris habe
207 780 859 834 re proportionem ac similitudinem uidentur.
261 835 1238 875 Et uidetur quod sicut sentiunt animalia duri oculi colores. quod apud
213 875 1238 923 ea non declarantur modi colorum, nisi conueniens oculo, & incom
210 916 1234 971 ueniens, sic genus hominum sentit odores. vietur enim perper cosimilitudinem,
218 960 1238 1010 quam habet odor cum gustu, quod modi saporum sunt, sicut modi odorum.
249 1012 1245 1058 D.Et videtur quod ita homines differentias odorum, sicut animalia duri ocu
215 1060 1240 1098 li differentias colorum, quendmodum enim illi non comprehendunt de dicituris co¬
214 1100 1236 1139 lorum nisi conuenientem, & inconuenientem, ita homines non comprehendunt
215 1136 1243 1179 de dicituris odorum nisi delectabile, & contristabile. Visum est enim propter co¬
213 1176 1246 1218 similitudinem, quae est inter gustum, & odoratum, vt diciturae odorum sint
215 1216 1241 1274 secundum numerum diciturarum saporum. sed diiernae saporum apud nos sunt compre¬
209 1254 1240 1299 hensibiles, et illae non: cum in hoc sensu excedamus omnia animalia, quia
210 1297 1239 1339 quoquo modo est tactus. & consimilitudo, quae est inter sapores, & odo¬
212 1339 1232 1379 res, est, quia non inuenitur odor nisi in habente saporem, vt declaratum
218 1370 585 1419 est in de Sensu, & sensato¬
251 1436 1239 1483 Sed certiorem habemus gustum propter id quod ipse quidam
213 1481 1240 1522 tactus est. hunc autem habet homo sensum certissimum, in aliis enim
208 1532 1241 1571 deficit ab animalibus multis, secundum autem tactum, differenter
211 1563 1237 1622 certificat. unde & prudentissimum animalium est. signum autem,
205 1605 1242 1650 in genere hominum seccundum sensum hunc ingeniosos esse &
218 1651 1247 1708 non ingeniosos. secundum autem alium nullum. duri enim carne, inepti
212 1693 814 1738 mente: moles autem carne, bene apti.
263 1730 1245 1795 Sed exquisitiorem habemus gustatum, properea quod tactus sit qui
210 1779 1247 1828 dam, et hunc sensum homo habeat exquisitis simum. in reliquis enim
211 1828 1243 1883 longe inferior est caeteris animantibus: atuero tactu, praeter caetera
204 1894 1240 1948 omnia exequisite suo fungitur munere: & ideo prudentis simum est ani¬
