<?xml version="1.0" encoding="UTF-8" standalone="yes"?>
<PcGts xmlns="http://schema.primaresearch.org/PAGE/gts/pagecontent/2013-07-15" xmlns:xsi="http://www.w3.org/2001/XMLSchema-instance" xsi:schemaLocation="http://schema.primaresearch.org/PAGE/gts/pagecontent/2013-07-15 http://schema.primaresearch.org/PAGE/gts/pagecontent/2013-07-15/pagecontent.xsd">
    <Metadata>
        <Creator>prov=University of Rostock/Institute of Mathematics/CITlab|PLANET AI GmbH/Gundram Leifert/gundram.leifert@planet-ai.de:name=cod-dsKs3a-m1(htr_id=29297)::::v=2.6.7
prov=University of Rostock/Institute of Mathematics/CITlab|PLANET AI GmbH/Tobias Gruening/tobias.gruening@planet-ai.de:name=de.uros.citlab.module.baseline2polygon.B2PSeamMultiOriented:v=2.6.7
prov=University of Rostock/Institute of Mathematics/CITlab|PLANET AI GmbH/Tobias Gruening/tobias.gruening@planet-ai.de:name=/net_tf/LA73_249_0mod360.pb:de.uros.citlab.segmentation.CITlab_LA_ML:v=2.6.6
Transkribus</Creator>
        <Created>2021-01-03T10:57:03.610-05:00</Created>
        <LastChange>2021-01-11T21:48:06.608+01:00</LastChange>
        <TranskribusMetadata docId="564870" pageId="23108170" pageNr="146" tsid="51156697" status="IN_PROGRESS" userId="25065" imgUrl="https://files.transkribus.eu/Get?id=CMROXEEPCDGSAIOGGAQIWQQI&amp;fileType=view" xmlUrl="https://files.transkribus.eu/Get?id=NORUWCNXZFDOGXDGKUCBETDU" imageId="18032304"/>
    </Metadata>
    <Page imageFilename="Averroes_DeAnima_JuntSecunda_11-0146.jpg" imageWidth="1416" imageHeight="2066">
        <ReadingOrder>
            <OrderedGroup id="ro_1610406097453" caption="Regions reading order">
                <RegionRefIndexed index="0" regionRef="TextRegion_1610070268746_1874"/>
            </OrderedGroup>
        </ReadingOrder>
        <TextRegion orientation="0.0" id="TextRegion_1610070268746_1874" custom="readingOrder {index:0;}">
            <Coords points="151,146 1190,146 1190,1968 151,1968"/>
            <TextLine id="line_1610070268793_1877" custom="readingOrder {index:0;}">
                <Coords points="144,236 1197,236 1197,203 1142,188 144,197"/>
                <Baseline points="151,226 182,226 235,226 288,225 341,225 394,225 447,225 500,225 553,225 606,225 659,225 712,226 765,226 818,226 871,226 924,226 977,226 1030,226 1083,227 1136,227 1190,227"/>
                <TextEquiv>
                    <Unicode>bilibus habens cognitionem, habet omnia alia. quod autem habet</Unicode>
                </TextEquiv>
            </TextLine>
            <TextLine id="r2l4" custom="readingOrder {index:1;}">
                <Coords points="163,281 1181,274 1181,244 1083,235 163,244"/>
                <Baseline points="169,269 219,269 269,269 319,269 370,269 420,269 470,269 520,269 571,269 621,269 671,269 721,269 772,268 822,268 872,268 922,268 973,269 1023,269 1073,269 1123,269 1174,269"/>
                <TextEquiv>
                    <Unicode>vnum illorum, non est necesse vt habeat cognitionem: sed quae¬</Unicode>
                </TextEquiv>
            </TextLine>
            <TextLine id="r2l5" custom="readingOrder {index:2;}">
                <Coords points="153,322 1021,332 1186,315 1186,280 153,287"/>
                <Baseline points="159,311 210,311 261,312 312,312 363,312 414,312 465,312 516,312 567,311 618,311 669,311 720,311 771,311 822,311 873,310 924,310 975,310 1026,310 1077,310 1128,310 1180,311"/>
                <TextEquiv>
                    <Unicode>dam non habent imaginationem, &amp; quaedam viuunt per ista tan¬</Unicode>
                </TextEquiv>
            </TextLine>
            <TextLine id="r2l6" custom="readingOrder {index:3;}">
                <Coords points="156,359 1191,363 1166,318 156,324"/>
                <Baseline points="163,353 214,353 265,353 316,354 367,354 418,354 469,354 520,354 571,354 622,354 673,353 724,353 775,353 826,353 877,353 928,353 979,354 1030,354 1081,354 1132,354 1184,355"/>
                <TextEquiv>
                    <Unicode>tum. Sermo autem de intellectu speculatiuo, &amp; cogitatiuo alius est.</Unicode>
                </TextEquiv>
            </TextLine>
            <TextLine id="r2l7" custom="readingOrder {index:4;}">
                <Coords points="165,403 1184,404 1184,370 1119,362 165,363"/>
                <Baseline points="172,396 222,395 272,395 322,395 373,395 423,395 473,395 524,396 574,396 624,396 675,396 725,396 775,396 825,396 876,396 926,395 976,395 1027,395 1077,395 1127,394 1178,394"/>
                <TextEquiv>
                    <Unicode>Declaratum est igitur quod sermo in vna quaque istarum virtu¬</Unicode>
                </TextEquiv>
            </TextLine>
            <TextLine id="r2l8" custom="readingOrder {index:5;}">
                <Coords points="161,451 854,449 854,421 823,404 161,412"/>
                <Baseline points="168,437 202,438 236,438 270,438 304,438 338,438 372,438 406,438 440,438 474,438 508,438 542,438 576,437 610,437 644,437 678,437 712,438 746,438 780,438 814,439 848,439"/>
                <TextEquiv>
                    <Unicode>tum, est sermo magis conueniens in anima.</Unicode>
                </TextEquiv>
            </TextLine>
            <TextLine id="line_1610070268793_1879" custom="readingOrder {index:6;}">
                <Coords points="145,506 1182,517 1190,468 145,484"/>
                <Baseline points="151,499 165,500 219,501 272,502 326,502 379,503 433,503 486,503 540,503 593,503 647,503 701,503 754,503 808,503 861,503 915,503 968,503 1022,503 1075,503 1129,503 1183,504"/>
                <TextEquiv>
                    <Unicode>Et comprehenditur sensu quod quaedam animalia mouentur in loco, &amp; est</Unicode>
                </TextEquiv>
            </TextLine>
            <TextLine id="r2l10" custom="readingOrder {index:7;}">
                <Coords points="160,555 1191,555 1191,516 1145,510 160,516"/>
                <Baseline points="167,541 217,542 268,542 319,542 370,543 421,543 472,543 522,543 573,543 624,543 675,543 726,543 777,543 828,542 878,542 929,542 980,542 1031,542 1082,542 1133,542 1184,542"/>
                <TextEquiv>
                    <Unicode>modus perfectus, &amp; quaedam non. Complementum autem animalium, &amp; finis</Unicode>
                </TextEquiv>
            </TextLine>
            <TextLine id="r2l11" custom="readingOrder {index:8;}">
                <Coords points="162,589 1191,589 1191,557 1124,548 162,556"/>
                <Baseline points="168,582 218,582 269,582 320,582 371,582 422,582 473,582 523,582 574,582 625,582 676,582 727,582 778,582 829,582 879,582 930,582 981,582 1032,582 1083,581 1134,581 1185,581"/>
                <TextEquiv>
                    <Unicode>eorum, qui intendebatur in generatione, quae cum natura potuit pertinge</Unicode>
                </TextEquiv>
            </TextLine>
            <TextLine id="r2l12" custom="readingOrder {index:9;}">
                <Coords points="161,628 1077,642 1195,626 1195,587 161,589"/>
                <Baseline points="168,622 219,621 270,621 321,621 372,621 423,621 474,622 525,622 576,622 627,622 678,622 729,622 780,622 831,621 882,621 933,621 984,621 1035,621 1086,621 1137,621 1188,621"/>
                <TextEquiv>
                    <Unicode>re, stetit, est modus animalium habens virtutem speculatiuam &amp; cogitatiuam</Unicode>
                </TextEquiv>
            </TextLine>
            <TextLine id="r2l13" custom="readingOrder {index:10;}">
                <Coords points="158,668 1197,666 1197,634 1057,628 158,630"/>
                <Baseline points="165,661 216,661 267,661 318,661 370,661 421,661 472,661 523,661 575,661 626,661 677,661 728,660 780,660 831,660 882,660 933,660 985,660 1036,660 1087,660 1138,660 1190,660"/>
                <TextEquiv>
                    <Unicode>i. intelligibilem. D.d. omne enim ex rebus corruptibilibus, &amp;c. i. &amp; apparet</Unicode>
                </TextEquiv>
            </TextLine>
            <TextLine id="r2l14" custom="readingOrder {index:11;}">
                <Coords points="159,708 1145,715 1178,668 159,676"/>
                <Baseline points="166,699 216,699 266,700 316,700 367,700 417,700 467,700 518,700 568,700 618,700 669,700 719,700 769,700 819,700 870,699 920,699 970,699 1021,699 1071,699 1121,699 1172,699"/>
                <TextEquiv>
                    <Unicode>quod omne, habens virtutem cogitatiuam ex rebus generabilibus, &amp; corrupti¬</Unicode>
                </TextEquiv>
            </TextLine>
            <TextLine id="r2l15" custom="readingOrder {index:12;}">
                <Coords points="159,748 1184,746 1165,707 159,707"/>
                <Baseline points="165,739 215,739 266,739 316,739 367,739 418,739 468,739 519,739 570,739 620,739 671,739 722,739 772,739 823,739 874,739 924,739 975,739 1026,739 1076,739 1127,739 1178,739"/>
                <TextEquiv>
                    <Unicode>bilibus, necessario habet alias virtutes animae. Et dicit hoc, praeseruando</Unicode>
                </TextEquiv>
            </TextLine>
            <TextLine id="r2l16" custom="readingOrder {index:13;}">
                <Coords points="164,786 1174,787 1157,747 164,746"/>
                <Baseline points="171,779 220,779 270,779 320,779 370,779 420,779 470,779 519,779 569,779 619,779 669,779 719,779 769,779 819,779 868,779 918,779 968,779 1018,779 1068,779 1118,778 1168,778"/>
                <TextEquiv>
                    <Unicode>se a corporibus coelestibus. declaratum est enim quod illa non habent de vir</Unicode>
                </TextEquiv>
            </TextLine>
            <TextLine id="r2l18" custom="readingOrder {index:14;}">
                <Coords points="157,827 1127,835 1181,826 1181,789 157,796"/>
                <Baseline points="163,817 213,817 264,817 314,818 365,818 416,818 466,818 517,818 567,818 618,818 669,818 719,818 770,818 820,818 871,818 922,818 972,818 1023,818 1073,818 1124,818 1175,818"/>
                <TextEquiv>
                    <Unicode>tutibus animae nisi concupiscentiam, &amp; intellectum. Deinde dicit, quod</Unicode>
                </TextEquiv>
            </TextLine>
            <TextLine id="r2l19" custom="readingOrder {index:15;}">
                <Coords points="158,867 1114,875 1178,863 1178,835 158,836"/>
                <Baseline points="164,857 214,857 264,857 315,857 365,857 416,857 466,857 516,857 567,858 617,858 668,858 718,858 768,858 819,858 869,858 920,857 970,857 1020,857 1071,857 1121,856 1172,855"/>
                <TextEquiv>
                    <Unicode>autem habet vnum illorum, &amp;c. i. habens autem vnam virtutum, quae sunt prio¬</Unicode>
                </TextEquiv>
            </TextLine>
            <TextLine id="r2l20" custom="readingOrder {index:16;}">
                <Coords points="162,903 1182,907 1182,864 162,875"/>
                <Baseline points="168,896 218,896 268,896 319,896 369,896 420,897 470,897 520,897 571,897 621,896 672,896 722,896 772,896 823,896 873,896 924,896 974,896 1024,896 1075,896 1125,896 1176,896"/>
                <TextEquiv>
                    <Unicode>res naturaliter intellectu, non est necesse vt habeat cogitationem, aut intel</Unicode>
                </TextEquiv>
            </TextLine>
            <TextLine id="r2l21" custom="readingOrder {index:17;}">
                <Coords points="162,946 1182,943 1182,908 1138,904 162,903"/>
                <Baseline points="168,936 218,936 268,936 319,935 369,935 420,936 470,936 520,936 571,936 621,936 672,936 722,936 772,936 823,936 873,936 924,936 974,936 1024,936 1075,935 1125,935 1176,934"/>
                <TextEquiv>
                    <Unicode>lectum: sed quaedam non habent imaginationem, nedum habeant cogita¬</Unicode>
                </TextEquiv>
            </TextLine>
            <TextLine id="r2l22" custom="readingOrder {index:18;}">
                <Coords points="157,987 1188,987 1188,939 157,948"/>
                <Baseline points="164,975 214,975 265,976 316,976 367,976 418,976 469,976 520,976 571,976 622,976 673,976 723,976 774,975 825,975 876,975 927,975 978,975 1029,975 1080,975 1131,975 1182,975"/>
                <TextEquiv>
                    <Unicode>tionem: quaedam viuunt per illa, quae sunt sub imaginatione ex virtutibus</Unicode>
                </TextEquiv>
            </TextLine>
            <TextLine id="r2l23" custom="readingOrder {index:19;}">
                <Coords points="165,1021 1170,1022 1151,983 165,988"/>
                <Baseline points="171,1015 220,1015 270,1015 319,1015 369,1015 419,1015 468,1015 518,1015 568,1015 617,1015 667,1015 717,1015 766,1015 816,1015 866,1015 915,1015 965,1015 1015,1015 1064,1015 1114,1015 1164,1015"/>
                <TextEquiv>
                    <Unicode>prioribus ea, &amp; hoc intendebat, cum dicit. &amp; quaedam viuunt per ista tamen.</Unicode>
                </TextEquiv>
            </TextLine>
            <TextLine id="r2l24" custom="readingOrder {index:20;}">
                <Coords points="160,1062 1177,1067 1165,1022 160,1030"/>
                <Baseline points="167,1054 217,1054 267,1054 317,1054 367,1054 417,1055 467,1055 518,1055 568,1055 618,1055 668,1055 718,1055 768,1055 818,1055 869,1055 919,1055 969,1055 1019,1055 1069,1055 1119,1055 1170,1055"/>
                <TextEquiv>
                    <Unicode>Deinde dicit, sermo autem de intellectu speculatiuo, &amp;c. i. sermo de eo est</Unicode>
                </TextEquiv>
            </TextLine>
            <TextLine id="r2l25" custom="readingOrder {index:21;}">
                <Coords points="164,1100 1180,1100 1180,1066 979,1059 164,1065"/>
                <Baseline points="170,1093 220,1093 270,1093 320,1093 370,1094 421,1094 471,1094 521,1094 571,1094 621,1094 672,1094 722,1094 772,1094 822,1094 872,1094 923,1094 973,1094 1023,1093 1073,1093 1123,1093 1174,1093"/>
                <TextEquiv>
                    <Unicode>ita quod sit extra istam naturam. existimatur enim quod non est anima, neque pars</Unicode>
                </TextEquiv>
            </TextLine>
            <TextLine id="r2l26" custom="readingOrder {index:22;}">
                <Coords points="155,1139 1151,1150 1179,1105 155,1108"/>
                <Baseline points="161,1133 211,1133 262,1133 312,1133 363,1133 414,1133 464,1133 515,1133 565,1133 616,1133 667,1133 717,1133 768,1133 818,1133 869,1133 920,1133 970,1133 1021,1134 1071,1134 1122,1134 1173,1134"/>
                <TextEquiv>
                    <Unicode>animae. &amp; innuitnobilitatem eius, &amp; diuersitatem illius ad alias partes. opi¬</Unicode>
                </TextEquiv>
            </TextLine>
            <TextLine id="r2l27" custom="readingOrder {index:23;}">
                <Coords points="164,1179 1185,1180 1185,1142 164,1148"/>
                <Baseline points="171,1172 221,1172 271,1172 322,1171 372,1171 422,1171 473,1171 523,1171 573,1171 624,1172 674,1172 724,1172 775,1172 825,1172 875,1172 926,1172 976,1172 1026,1173 1077,1173 1127,1173 1178,1173"/>
                <TextEquiv>
                    <Unicode>nandum est enim quod est ex natura supiori naturae animae. D.d. declaratum</Unicode>
                </TextEquiv>
            </TextLine>
            <TextLine id="r2l28" custom="readingOrder {index:24;}">
                <Coords points="156,1219 1183,1218 1158,1179 156,1188"/>
                <Baseline points="163,1211 213,1211 264,1211 314,1212 365,1212 416,1212 466,1212 517,1212 568,1212 618,1212 669,1212 720,1212 770,1212 821,1212 872,1212 922,1212 973,1212 1024,1212 1074,1211 1125,1211 1176,1211"/>
                <TextEquiv>
                    <Unicode>est enim, &amp;c. i. Declaratum est igitur ex praedictis quod primum, quod in¬ </Unicode>
                </TextEquiv>
            </TextLine>
            <TextLine id="r2l29" custom="readingOrder {index:25;}">
                <Coords points="166,1257 748,1275 1184,1256 1184,1221 166,1229"/>
                <Baseline points="172,1250 222,1250 272,1250 322,1251 373,1251 423,1251 473,1251 524,1252 574,1252 624,1252 675,1252 725,1252 775,1252 825,1252 876,1252 926,1252 976,1252 1027,1252 1077,1251 1127,1251 1178,1251"/>
                <TextEquiv>
                    <Unicode>tenditur de scientia animae, quod est magis conueniens sermoni in ani¬</Unicode>
                </TextEquiv>
            </TextLine>
            <TextLine id="r2l30" custom="readingOrder {index:26;}">
                <Coords points="155,1299 898,1299 898,1269 784,1259 748,1276 155,1268"/>
                <Baseline points="161,1290 197,1290 234,1289 270,1290 307,1290 343,1290 380,1290 416,1290 453,1290 489,1291 526,1291 563,1291 599,1291 636,1291 672,1292 709,1292 745,1292 782,1291 818,1291 855,1291 892,1291"/>
                <TextEquiv>
                    <Unicode>ma, est loqui de anima vniuscuiusque istarum virtutum.</Unicode>
                </TextEquiv>
            </TextLine>
            <TextLine id="r2l31" custom="readingOrder {index:27;}">
                <Coords points="457,1347 634,1347 651,1335 672,1347 864,1347 864,1321 840,1307 624,1308 612,1318 599,1308 458,1307"/>
                <Baseline points="464,1331 490,1332 516,1334 542,1335 569,1335 595,1336 621,1336 647,1336 674,1337 700,1337 726,1337 752,1337 779,1337 805,1338 831,1338 858,1339"/>
                <TextEquiv>
                    <Unicode>SVMMA TERTIA.</Unicode>
                </TextEquiv>
            </TextLine>
            <TextLine id="r2l32" custom="readingOrder {index:28;}">
                <Coords points="467,1395 753,1402 857,1393 857,1366 840,1356 775,1365 639,1356 620,1366 606,1356 545,1365 467,1356"/>
                <Baseline points="474,1382 499,1383 524,1383 549,1384 574,1384 599,1383 624,1383 649,1383 674,1382 699,1382 724,1382 749,1382 774,1382 799,1383 824,1384 850,1385"/>
                <TextEquiv>
                    <Unicode>De potentia Animae vegetatiua.</Unicode>
                </TextEquiv>
            </TextLine>
            <TextLine id="r2l33" custom="readingOrder {index:29;}">
                <Coords points="276,1451 1087,1451 1087,1418 1056,1412 276,1412"/>
                <Baseline points="283,1439 322,1440 362,1441 402,1441 442,1442 482,1442 522,1442 562,1443 602,1443 642,1443 682,1443 721,1443 761,1442 801,1442 841,1442 881,1442 921,1442 961,1442 1001,1443 1041,1443 1081,1443"/>
                <TextEquiv>
                    <Unicode>Explicantur Animae vegetatiuae opera, redarguiturque Empedocles</Unicode>
                </TextEquiv>
            </TextLine>
            <TextLine id="line_1610070257132_1863" custom="readingOrder {index:30;}">
                <Coords points="399,1492 589,1499 644,1469 734,1469 861,1502 958,1490 944,1461 893,1474 847,1452 809,1470 696,1452 399,1460"/>
                <Baseline points="406,1484 432,1483 458,1483 484,1483 510,1483 536,1483 562,1483 588,1483 615,1483 830,1484 855,1484 880,1484 932,1484 952,1484"/>
                <TextEquiv>
                    <Unicode>de alimenti causa. Cap. 1.</Unicode>
                </TextEquiv>
            </TextLine>
            <TextLine id="r2l37" custom="readingOrder {index:31;}">
                <Coords points="316,1543 1188,1547 1188,1499 316,1504"/>
                <Baseline points="323,1535 368,1535 413,1535 458,1535 503,1535 549,1536 594,1536 639,1535 684,1535 729,1535 775,1535 820,1535 865,1535 910,1535 955,1535 1001,1535 1046,1535 1091,1535 1136,1535 1182,1536"/>
                <TextEquiv>
                    <Unicode>Ecessarium autem est debentem de his perscrutationem</Unicode>
                </TextEquiv>
            </TextLine>
            <TextLine id="r2l38" custom="readingOrder {index:32;}">
                <Coords points="323,1587 1191,1588 1168,1541 323,1548"/>
                <Baseline points="330,1578 372,1578 415,1578 458,1578 500,1578 543,1578 586,1578 628,1578 671,1578 714,1578 757,1578 799,1578 842,1578 885,1578 927,1578 970,1578 1013,1578 1055,1578 1098,1578 1141,1578 1184,1579"/>
                <TextEquiv>
                    <Unicode>facere, accipere vnunquodque eorum quid est, postea sic</Unicode>
                </TextEquiv>
            </TextLine>
            <TextLine id="r2l39" custom="readingOrder {index:33;}">
                <Coords points="332,1627 1192,1630 1181,1587 332,1592"/>
                <Baseline points="338,1621 380,1621 422,1621 465,1621 507,1621 550,1621 592,1621 634,1621 677,1621 719,1621 762,1621 804,1621 846,1621 889,1621 931,1621 974,1621 1016,1621 1058,1621 1101,1620 1143,1620 1186,1619"/>
                <TextEquiv>
                    <Unicode>de habitis aut &amp; de aliis inuestigare. si autem oportet di¬</Unicode>
                </TextEquiv>
            </TextLine>
            <TextLine id="r2l41" custom="readingOrder {index:34;}">
                <Coords points="328,1674 1191,1678 1164,1627 328,1636"/>
                <Baseline points="334,1661 376,1662 419,1662 461,1662 504,1662 546,1663 589,1663 631,1663 674,1663 716,1663 759,1663 801,1663 844,1663 886,1663 929,1663 971,1663 1014,1664 1056,1664 1099,1664 1141,1663 1184,1663"/>
                <TextEquiv>
                    <Unicode>cere quid vnumquodque ipsorum: vt quid intellectiuum,</Unicode>
                </TextEquiv>
            </TextLine>
            <TextLine id="r2l42" custom="readingOrder {index:35;}">
                <Coords points="164,1713 1084,1722 1194,1712 1194,1679 164,1683"/>
                <Baseline points="171,1707 221,1707 272,1706 323,1706 374,1706 425,1706 476,1706 526,1706 577,1706 628,1706 679,1706 730,1705 781,1705 832,1705 882,1705 933,1705 984,1705 1035,1705 1086,1705 1137,1705 1188,1705"/>
                <TextEquiv>
                    <Unicode>aut sensitiuum, aut vegetatiuum, prius adhuc dicendum quid sit</Unicode>
                </TextEquiv>
            </TextLine>
            <TextLine id="r2l43" custom="readingOrder {index:36;}">
                <Coords points="168,1755 1115,1764 1189,1755 1189,1716 168,1717"/>
                <Baseline points="174,1748 224,1748 274,1748 325,1748 375,1748 426,1748 476,1748 527,1748 577,1748 628,1748 678,1748 728,1748 779,1747 829,1747 880,1747 930,1747 981,1747 1031,1747 1082,1747 1132,1747 1183,1747"/>
                <TextEquiv>
                    <Unicode>intelligere &amp; quid sentire. priores enim potentiis actus &amp; opera¬</Unicode>
                </TextEquiv>
            </TextLine>
            <TextLine id="r2l44" custom="readingOrder {index:37;}">
                <Coords points="160,1803 1196,1794 1144,1756 160,1764"/>
                <Baseline points="166,1790 217,1790 268,1790 319,1790 370,1791 422,1791 473,1791 524,1791 575,1791 626,1791 678,1791 729,1791 780,1791 831,1791 882,1791 934,1790 985,1790 1036,1790 1087,1789 1138,1788 1190,1788"/>
                <TextEquiv>
                    <Unicode>tiones secundum rationem sunt. si autem sic, his autem adhuc priora op¬</Unicode>
                </TextEquiv>
            </TextLine>
            <TextLine id="r2l45" custom="readingOrder {index:38;}">
                <Coords points="160,1851 1195,1840 1195,1804 1126,1800 160,1804"/>
                <Baseline points="166,1832 217,1833 268,1833 319,1833 370,1833 421,1833 472,1833 523,1833 574,1833 625,1833 677,1833 728,1833 779,1833 830,1833 881,1833 932,1833 983,1833 1034,1832 1085,1832 1136,1832 1188,1832"/>
                <TextEquiv>
                    <Unicode>posita oportet considerare, de illis vtique primum oportebit deter</Unicode>
                </TextEquiv>
            </TextLine>
            <TextLine id="r2l46" custom="readingOrder {index:39;}">
                <Coords points="158,1884 1189,1891 1189,1839 158,1852"/>
                <Baseline points="165,1875 215,1875 266,1875 317,1876 368,1876 419,1876 470,1876 521,1876 572,1876 623,1876 674,1876 724,1876 775,1876 826,1876 877,1876 928,1876 979,1876 1030,1875 1081,1875 1132,1875 1183,1874"/>
                <TextEquiv>
                    <Unicode>terminare propter eandem causam: vt de alimento &amp; sensibili</Unicode>
                </TextEquiv>
            </TextLine>
            <TextLine id="r2l47" custom="readingOrder {index:40;}">
                <Coords points="161,1931 296,1930 304,1938 326,1938 334,1930 417,1928 417,1903 390,1884 360,1884 349,1893 335,1884 309,1890 273,1883 264,1892 232,1892 219,1883 161,1883"/>
                <Baseline points="167,1918 194,1919 221,1919 248,1920 275,1920 302,1919 329,1919 356,1919 383,1920 411,1920"/>
                <TextEquiv>
                    <Unicode>&amp; intelligibili.</Unicode>
                </TextEquiv>
            </TextLine>
            <TextEquiv>
                <Unicode>bilibus habens cognitionem, habet omnia alia. quod autem habet
vnum illorum, non est necesse vt habeat cognitionem: sed quae¬
dam non habent imaginationem, &amp; quaedam viuunt per ista tan¬
tum. Sermo autem de intellectu speculatiuo, &amp; cogitatiuo alius est.
Declaratum est igitur quod sermo in vna quaque istarum virtu¬
tum, est sermo magis conueniens in anima.
Et comprehenditur sensu quod quaedam animalia mouentur in loco, &amp; est
modus perfectus, &amp; quaedam non. Complementum autem animalium, &amp; finis
eorum, qui intendebatur in generatione, quae cum natura potuit pertinge
re, stetit, est modus animalium habens virtutem speculatiuam &amp; cogitatiuam
i. intelligibilem. D.d. omne enim ex rebus corruptibilibus, &amp;c. i. &amp; apparet
quod omne, habens virtutem cogitatiuam ex rebus generabilibus, &amp; corrupti¬
bilibus, necessario habet alias virtutes animae. Et dicit hoc, praeseruando
se a corporibus coelestibus. declaratum est enim quod illa non habent de vir
tutibus animae nisi concupiscentiam, &amp; intellectum. Deinde dicit, quod
autem habet vnum illorum, &amp;c. i. habens autem vnam virtutum, quae sunt prio¬
res naturaliter intellectu, non est necesse vt habeat cogitationem, aut intel
lectum: sed quaedam non habent imaginationem, nedum habeant cogita¬
tionem: quaedam viuunt per illa, quae sunt sub imaginatione ex virtutibus
prioribus ea, &amp; hoc intendebat, cum dicit. &amp; quaedam viuunt per ista tamen.
Deinde dicit, sermo autem de intellectu speculatiuo, &amp;c. i. sermo de eo est
ita quod sit extra istam naturam. existimatur enim quod non est anima, neque pars
animae. &amp; innuitnobilitatem eius, &amp; diuersitatem illius ad alias partes. opi¬
nandum est enim quod est ex natura supiori naturae animae. D.d. declaratum
est enim, &amp;c. i. Declaratum est igitur ex praedictis quod primum, quod in¬ 
tenditur de scientia animae, quod est magis conueniens sermoni in ani¬
ma, est loqui de anima vniuscuiusque istarum virtutum.
SVMMA TERTIA.
De potentia Animae vegetatiua.
Explicantur Animae vegetatiuae opera, redarguiturque Empedocles
de alimenti causa. Cap. 1.
Ecessarium autem est debentem de his perscrutationem
facere, accipere vnunquodque eorum quid est, postea sic
de habitis aut &amp; de aliis inuestigare. si autem oportet di¬
cere quid vnumquodque ipsorum: vt quid intellectiuum,
aut sensitiuum, aut vegetatiuum, prius adhuc dicendum quid sit
intelligere &amp; quid sentire. priores enim potentiis actus &amp; opera¬
tiones secundum rationem sunt. si autem sic, his autem adhuc priora op¬
posita oportet considerare, de illis vtique primum oportebit deter
terminare propter eandem causam: vt de alimento &amp; sensibili
&amp; intelligibili.</Unicode>
            </TextEquiv>
        </TextRegion>
    </Page>
</PcGts>
