1416 2066
162 163 1210 214 huc multas habet dubitationes & errores, ex quibus oportet quae¬
176 212 1218 257 rere: alia enim aliorum principia, sicut numerorum & planorum.
220 257 1212 319 Sin autem non vna sit & communis methodus de ipso Quid est, longe dif¬
184 299 1211 351 ficilior fit pertractatio: oport ebit enim inuenire in vnoquoque, quis mo¬
176 347 1213 403 dus. vbi autem manifestum fuerit, vtrum sit demonstratio, vel diuisio,
185 395 1216 442 vel etiam alia quaedam methodus, adhuc multae sunt quaestiones & er
174 459 1215 507 rores ex quibus oporteat quaerere: alia enim aliorum principia sunt, ve
177 491 635 555 luti numerorum & planorum.
216 540 1217 595 Si autem ista via non fuerit eadem, & communis tunc erit magis diffi¬
178 589 1210 629 cile illud, quod quaesitum est. necessariam enim erit inuenire ali¬
182 626 1220 674 quam viam in vnaquaque rerum, & scire illam viam, quae sit. Et, si
181 670 1210 723 fuerit declaratum vtrum sit demonstratio, aut diuisio, aut alia via,
184 712 1222 762 post remanebunt plures dubitationes in eis, ex quibus debemus
186 765 1212 811 quaerere. principia enim rerum diuersarum sunt diuersa, verbi gra¬
176 795 884 843 tia principia numerorum, & superficierum.
215 851 1225 898 Intendit, & si haec via, qua imus in inueniendo definitiones rerum, & eo¬
175 894 1215 947 gnoscendo substantias earum, non fuit eadem, & communis omnibus rebus, qua¬
181 937 1219 979 rum definitiones sunt quaerendae, sed plures vna, tunc illud, quod quaesitum
179 978 1211 1019 est de cognitione substantiae animae, magis erit difficile. necessarium est enim
183 1013 1211 1051 tunc scire primitus in vnaquaque rerum, quarum definitio est cognoscenda per
180 1052 1210 1092 aliquam viam propriam illis rebus, quarum substantiae sunt cognoscendae,
203 1090 1213 1131 Et, cum fuerit declaratum a nobis illam viam esse, & esse vnam, tunc necessa
178 1130 1204 1170 rium est nobis post scire illam viam, quae sit: vtrum demonstratio, vt dice
179 1167 1209 1210 bat Hippoerates: aut diuisio, vt Plato dixit: aut alia via, vt via compositio¬
179 1203 1203 1251 nis, quam Aristo. dedit in Posterioribus. &, cum hoc fuerit declaratum, re
184 1246 1216 1291 manebunt post multae dubitationes, & loca erroris in rebus, ex quibus, ops
182 1291 1210 1337 quaerere cognitionem definitionum rerum. necesse est enim cum cognitione
177 1324 1214 1363 istius viae scire pricipia, propria cuilibet generi generum speculandorum. Prin
176 1362 1212 1413 cipia enim rerum diuersarum genere sunt diuersa. vnde cognitio istius viae non
177 1404 1206 1443 sufficit in scire defiones reru, nisi scita fuerint principia propria illis rebus
187 1444 1214 1491 prpriis. nam desiones non componuntur nisi ex principiis propriis, quae sunt in re.
223 1497 1204 1539 Primum autem fortassis necessarium est diuidere in quo gene¬
168 1541 1205 1587 rum, & quid sit. Dico autem vtrum hoc aliquid & substantia, aut
181 1588 1212 1629 qualitas, aut quantitas, aut etiam quoddam aliud diuisorum prae¬
176 1636 1202 1674 dicamentorum: adhuc autem vtrum eorum quae sunt in potentia
179 1668 1185 1715 aut magis entelechia quaedam, differt enim non aliquid parum.
231 1708 1202 1755 principio forte necessarium fuerit explicare, quo in genere sit, &
176 1765 1212 1821 quid sit: vtrum inquam hoc aliquid & substantia, an quale aut quan
172 1803 1212 1859 tum, anet aliud quidpiam de expositis praedicamentis. adhaec, vtrum eorum
177 1852 1209 1915 quae in potentia sunt, an potius entelechia quaedam: interest enim non parum.
