1416 2066
246 202 1291 259 positum. scimus enim lineam rectam per regulam rectam, in eo quod est re¬I
246 257 1256 296 cta, similiter curuam. sed per curuam non scimus neque ipsam, neque rectam.
246 287 1273 339 Et causa in hoc est, quia non debemus iudicare per contrarium, quod est
246 324 925 374 primum, super contrarium, quod est secundum.
285 363 1282 410 Et in toto autem quidam misceri ipsam dicunti. vnde fortassis
242 408 1279 460 & Thales opinatus est omnia esse plena diis. hoc autem habet quasdam
248 452 1282 495 dubitationes. propter quam enim causam in aere aut in igne anima cum
245 489 1281 540 sit, non facit animal, in mixtis autem: & hoc in his melior esse pu¬
241 538 1272 586 tata. Quaeret enim vtique aliquis, quam ob causam quae in aere anima,
238 580 970 624 ea quae in animalibus melior & immortalior.¬
297 620 1274 682 Sunt etiam qui in uniuerso mixtam esse eam dicant: quocirca for¬
245 669 1280 715 te etiam Thales cuncta esse plena Deorum putauit. De quo quaestiones
242 723 1276 778 oriuntur nonoullae. Cur enim in Aere aut in igne si inest anima, non fa
241 764 1266 827 cit Animal, sed in mixtis: idque, cum praestantior in eis esse uideatur:
241 811 1291 867 Quaerat praeterea quispiam, cur Anima quae est in aere, ea quae est in
247 861 905 923 animalibus praestantior est & immortaliore
283 908 1278 955 Et dixerunt quidam quod anima est in toto. & forte ex hoc loco existi
241 951 1276 995 mauit Milesius quod omnia sunt plena Deo. Sed in hoc loco est du¬
241 995 1272 1042 bitatio. Quaerendum est enim cum anima existat in aere, & igne, qua¬
241 1037 1282 1086 re non facit animalia, & facit hoc in mixto: licet sit existimatum quod
242 1082 1274 1127 anima, quae est in istis, sit nobilior. Etiam debet homo respondere,
239 1125 1276 1170 quare anima, quae est in aere, est melior anima, quae est in animali¬
245 1163 655 1219 bus, & magis immortalis.
283 1204 1282 1251 Intendit vt mihi videtur quod quidam dixerunt quod anima existit in toto. i. in ele¬
245 1242 1274 1286 mentis, & in compositis. & ex hoc existimauit Milesius quod omnia sunt plena
245 1285 1273 1324 Deo. D.d. Quaerendum est enim &c. i. & prima dubitationum contingentium
239 1323 1278 1363 huic opinioni est, quare anima, inquantum est in aere, & etiam in igne, non facit
240 1359 1276 1403 animalia in eis. i, quare haec corpora simplicia non sunt sensibilia, & compre¬
245 1400 1291 1443 hensibilia, quoniam, cum anima eandem proportionem habeat ad elementum, & ad l
246 1440 1275 1482 compositum, necesse est vt, si alterum eorum fuerit animatum, vt alterum
240 1490 1277 1535 etiam sit animatum. D.d. licet sit existimatum quod anima, quae est, &c. i. licet
243 1522 1279 1563 existimatum sit quod anima, quae est in elementis, magis digna est vt faciat ele¬
241 1560 1276 1603 menta esse animata. existimabitur igitur esse nobilior anima, quae est in
240 1599 1283 1643 mixto ex elementis. D.dedit quaestionem secundam, & d. Etiam debet
235 1637 1273 1683 homo respondere, quare anima, quae est in aere, &c. i. & contingit homini o¬
247 1675 1281 1716 pinanti hanc opinionem respondere quaerenti qua de cam anima, quae est in
240 1722 1284 1767 elementis, est nobilior anima, quae est in animalibus. anima enim quae est
236 1756 1278 1798 in elementis, est non mortalis apud eos: & quae est in animalibus, est inortalis.
281 1812 1280 1860 Accidit autem vtrobique inconueniens & irrationabile. & nanque
233 1860 1281 1908 animal dicere ignem aut aerem, magis irrationabilium est: & non
232 1900 1062 1940 dicere animalia cum anima insit, inconuenitus est.
