1416 2066
286 213 740 252 Alexander autem sustentatur su¬.
243 255 740 300 per hunc semonem postremum, &
245 294 739 347 dicit quod magis conuenit naturali¬
254 341 729 378 pus, scilicet sermonem concluden¬
251 380 735 421 tem, scilicet quod intellectus mate¬
240 409 733 464 rialis est virtus generata, ita quod
242 452 739 491 existimamus de eo quod opinatur
242 488 743 530 in eo, & in aliis virtutibus animae es
241 529 733 582 se praeparationes factas in corpore
244 568 731 619 per se a mixtione, & complexione
242 604 738 650 & dicit hoc non esse impossibile, sci
248 648 735 687 licet vt mixtione elementorum fiat
242 685 729 722 tale esse nobile mirabile: licet sit re
245 721 739 762 motum a substantia elementorum
247 765 707 811 propter maximam mixtionem.
284 875 743 932 Et dat testimonium super hoc es
243 917 734 962 se possibile, ex hoc, quod apparet quod
238 958 734 1002 compositio, quae primo cecidit in
242 996 739 1049 elementis, scilicet compositio qua¬
238 1037 741 1086 tuor qualitatum simplicium, cum
236 1076 742 1127 hoc quod est parua illa compositio, est
243 1117 745 1162 causa maxime diuersitatis in tantum,
238 1153 723 1210 quod vnum est ignis, & aliud est aer¬
283 1269 745 1314 Et, cum ita sit non est remotum
242 1309 733 1362 vt per multitudinem compositio¬
242 1354 743 1402 nis, quae est in homine, & in anima¬
243 1388 746 1428 libus, siant illic virtutes diuersae in
243 1436 719 1473 tantum a subiectis elementorum,
283 1466 735 1521 Et hoc aperte, & vniuersaliter, pro¬
238 1509 739 1555 palauit in initio sui libri de Anima,
247 1546 735 1586 & praecepit vt consyderans de ani¬
248 1594 738 1626 ma, primo debet praescire mirabilia
245 1628 721 1675 compositionis corporis hominis,
245 1661 741 1715 Et dixit etiam in tractatu, quem fe¬
244 1704 741 1753 eit de intellectu secundum opinio¬
247 1741 741 1786 nem Arist. quod intellectus materialis
242 1781 743 1830 est, virtus facta a complexione. &
242 1820 534 1866 haec sunt verba eius.
770 221 1263 259 Alexander tamen adhaeret huic vltimae
768 260 1264 310 rationi & dicit ipsam magis conuenire re
777 294 1269 347 pus namlibus scilicet eam rationem, quae affir¬
778 332 1266 378 nat intellectum maerialem esse quandam
775 380 1271 425 vim genitam, ita vt idem existimemus
766 413 1271 464 de hac virtute, quid de reliquis animae fa
762 453 1275 497 cultatibus existimatur, nempe quod reperiam
769 500 1271 538 tur quaedam praeparationes, ac dispo¬
765 529 1271 578 nes in ipsis materijs per se a temperatu¬
773 573 1274 622 ta, & mixtione effectae. Inquitque hoc
767 607 1267 656 facile existimari, aoimaginari pos¬
773 647 1265 699 e: nempe vt ex huiusmodi elementorum mi¬
764 684 1267 727 scella, oriatur huiusmodi ens nobile, atque
762 724 1270 762 admirabile. licet enim huiuscemodi
772 765 1270 802 substantia admodum dister a substantia
763 807 1265 843 elementorum, tamen perper maximam elemen¬
765 842 1271 895 torum mixtionem, nihil prohibet id fie
770 880 1275 930 ri posse. Quod autem id fieri possit,
770 922 1275 971 ipse conatur probare testimonio eo,
772 966 1278 1009 quae ex compositione elementorum, pri¬
769 997 1271 1050 ma inuicem oriri solent, nempe ex compo¬
766 1037 1263 1086 sitioe quatuor qualitatum simplicium,
764 1085 1267 1122 quae quidem compositio, licet sit exigua,
767 1117 1275 1166 nihilo secius illa, profecto constitutio¬
770 1156 1277 1202 est causa diuersitatis maximae, ita
770 1196 1264 1247 vt eius gratia factum est vnum ele¬
762 1243 1267 1285 mentorum ignis, alterum vero aer¬
810 1271 1267 1325 Si ergo ita res se habet, nihil pro
769 1308 1269 1355 fecto prohibet quin oriantur virtutes
765 1352 1273 1395 tam diuersae ac variae ex substantia ele
769 1391 1277 1442 mentorum perper multas compositiones, quae
769 1429 1275 1479 in homine atque in animantibus reperium¬
769 1469 1273 1506 tur. Hanc autem expositionem tradidit
768 1508 1270 1553 ipse Alex. in initio sui libri de Aia,
775 1545 1270 1586 vbi praecipit vt ille, qui de anima tracta
763 1585 1265 1633 re, ac contemplare aggreditur, pri mo
769 1624 1273 1667 debeat praescire & cognoscere mira
771 1664 1275 1702 bilem illam humani corporis constitu¬
766 1708 1268 1746 tionem. Inquit insuper in eo tractatu,
775 1741 1269 1792 quem edidit, de Intellectu. iuxta sen¬
771 1778 1269 1818 tentiam Arist. quod intellectus materia¬
771 1818 1279 1874 lis est quaedam virtus orta ex ipsa
766 1861 1172 1899 temperatura, in his verbis.
