1416 2066
508 115 1000 187 De ordine lib. Arist.
222 195 1253 244 sentiales causae, in his qui sequuntur libris reperiuntur: Et prima
228 234 1259 282 quae materialis causa est: mox sequitur forma. natura enim hoc nimirum
221 276 1255 328 procedit modo in generatione rerum, cum materiam prius prae¬
231 324 1252 371 paret, ex qua quidem forma in actum & perfectionem ducitur, ac
222 371 1257 403 demum compositum naturale resultat. Hunc etiam ordinem in
228 403 1258 454 primis principiis obseruauit. Primo enim de materia prima in pri¬
225 443 1258 491 mo de Physica auscultatione pertractauit. mox de forma in secun
229 486 1254 531 do. Quapropter post de Historia libros, sequentur libri de parti¬
220 530 1260 571 bus: Et de his quae ad incessum faciunt vt materia, septimo loco de
227 570 1260 619 terminauit: Post hunc, de anima octauo, vt de animalium forma dif¬
228 612 1251 660 seruit. Vnde ex materia illa & forma ista tota animalium habetur
228 660 1261 706 essentia, atque animalium quae consequuntur propria: quandoqui
221 700 1259 747 dem quae essentiales causae sunt, & compositorum causae sunt, &
220 739 1247 790 proprietatum quae composita illa consequuntur. Quorum prima,
225 780 1252 827 sensus & motus sunt. his enim ipsis animatum ab in animato differt
229 824 1246 867 ex Arist. sententia primo de anima is & secundo 14. 16. Verunta¬
224 866 1251 924 men animalium cum propria magis operatio sentire sit, & his pri
221 907 1246 954 mo sensibus qui extrinsecus sentiendi occasiones suscipiunt: idcir
230 955 1242 1003 co inter libros de propietatibus liber de sensu & sensili primum
225 993 1249 1035 locum tenet. secundum qui de intrinsecus operantibus: qualis est
225 1036 1246 1082 liber de memoria ac reminiscentia. quos omnes sensus sua sequi¬
219 1083 1256 1124 tur passio. Hac ratione liber de somno & vigilia tertium locum te
223 1121 1248 1162 net. Quibus expeditis sequitur liber quarto loco, qui proprieta¬
224 1163 1248 1203 tem alteram declarat quae motus est, atque de illo in communi tra¬
227 1203 1253 1251 ctationem continet. De quibus omnibus proprietatibus confusa
230 1245 1256 1293 quadam notitia in quatuor primis de Historia egit Aristoteles.
232 1291 1247 1338 Quintum deinde locum tenent de generatione Animalium libri,
224 1339 1251 1384 quibus confuse admodum respondent libri de Historia quinto
227 1371 1256 1419 ad octauum vsque. In residuis eadem cognitione respondent his
221 1422 1248 1466 qui distinctem agunt libris de vita & morte, cum sibi cognatis: quo
224 1458 1252 1499 rum primus de longitudine & breuitate vitae disserit. secundus
224 1500 1253 1546 de iuuentute & senectute. tertius de inspiratione & exspiratione.
228 1539 1248 1588 vltimus de vita & morte. His sic demonstratis satis manifestum
225 1583 1257 1627 est de anima tractationem, octauum locum obtinere. Quod etiam
190 1636 222 1666 S¬
218 1636 1254 1675 Aristoteles persuadet in fine de progressu animalium dicens. His
189 1666 1254 1715 o autem sic determinatis proximum est de anima contemplari. Isti
223 1709 1256 1755 sententiae aduersari videtur ratio ex dictis Auerrois collecta pri¬
229 1756 1250 1802 mo de anima commento secundo, vbi de vtilitate agit inquiens,
232 1796 1256 1835 Necesse est vt scire de anima sit necessarium in cognitione anima
229 1836 1258 1875 lium, non tantum vtile. Ex quibus dictis facile colligitur cogni¬
229 1876 1255 1923 tionem de anima praecedere illam quae de animalibus habetur, si
1087 1920 1245 1971 animalia
