1416 2066
657 139 856 229 Epistola
233 221 1293 276 Aristotelis: quam rationem in iis maxime locis sequitur, quorum
237 260 1271 321 est ambigua, ancempsque sententia. Haec si Argpropolo detraxeris,
232 322 1280 372 magnopere illius interpretatio, ut & grauissimi philosophi, & ho¬
234 367 1282 420 minis suae linguae scientissimi, probanda est. quae tametsi ob caussas
233 419 1285 467 iam explicatas in scholas recepta non est, princeps tamen ille fuit osten
235 454 1287 507 dendi luminis hominibus latinis, quo ad cognitionem librorum Ari¬
236 504 1287 555 stotelis adire possent. Quamobrem cum haec barbara, parumque fi¬
228 552 1282 603 delis interpretatio passim in italiae gymnasiis uersetur: omnes que in
239 605 1272 652 eo suam operam ponant, ut omnibus mendis uitisque, sublatis, quae sunt,
237 652 1281 700 innumerabilia, ad commodiorem orationis formam redigatur, idem
237 699 1277 763 ego quoque oneris suscipiendum esse duxi: non equidem quo de cuiusquam
234 748 1275 795 laude aliquid delibarem: sed potius ut illorum exemplo monitus, con¬
236 800 1275 859 serrem ipse quoque aliquid ad hanc praestantissimam, & in primis,
240 844 1283 891 utilem philosophiae partem, quam uehementer a scholis desiderari iu
232 893 1281 944 dicabam. Proinde in eam curam praecipue incubui, ut fidelissime au¬
233 941 1278 987 ctoris sensa latineredderem, atque non modo uim uerborum explica¬
239 988 1285 1043 rem, sed nisi uel res ipsa, uel linguae proprietas respueret, etiam mul
232 1044 1275 1091 titudinem graecorum nominum, pari numero latinorum exprimerem.
239 1088 1276 1138 Neque uero uel intuli usquam aliquid de meo, nisi graeci uocabuli no¬
234 1139 1277 1206 tio ita ostenderet esse faciendum: uel nominum structuram immuta¬
235 1188 1262 1250 ui, nisi id postularet perspicuitatis ratio, uerbaque essent eiusmodi,
234 1244 1274 1300 quibus omnium interpretum consensu res aperta minimeque dubia
234 1285 1281 1341 subiiceretur. articulis uero, & participiis, ceteris que id genus ora¬
233 1333 1277 1396 tionis partibus uim suam, quae multiplex est, restituere, & quoad eam
231 1380 1277 1427 latina oratio referre potuit, pro uiribus exprimere conatus sum. sed an
232 1427 1269 1482 te omnia sedulo operam dedi, ut ea quae ita dicuntur ab Aristotele,
240 1484 1281 1523 ut in uarias sententias trahi possint, ita transferrem, ut eandem am¬
233 1524 1276 1579 biguitatis speciem prae se ferrent, neque me uni definitaeque sententiae
235 1572 1282 1648 cuiusquam explanatoris addicerem. quod ne facere si quo in locolingua,
236 1619 1281 1674 latinae ratio me impediuit, eum sensum reddidi, quem magis prouabi
240 1669 1272 1739 lem, magisque peruulgatum esse perspiciebam. quod ea mente feci
233 1721 1284 1788 quod cocitem aliquando hos eosdem, ac reliquos fortasse huius phi¬
238 1773 1284 1836 losophisibros, qui publice enarrantur, cum annotationibus quibus¬
238 1821 1282 1867 dam iterum in publicum emittere: atque tum demum cur plaeraque
239 1877 1287 1923 uel immutauerim, uel addiderim, ac certis in locis ab aliorum inter.
1119 1924 1284 1980 pretatione,
