1416 2066
200 237 719 289 ur gna quaestio. aeternum enim non in¬
214 275 723 327 diget in sua actione generabili &
214 324 714 354 corruptibili. quomodo igitur com
221 356 715 405 ponitur aeternum cum corruptibili
223 389 717 442 ta quod ex eis fiat vna actio: sed post
224 429 721 471 oquemur de hoc. Videtur enim quod ista
219 471 717 521 positio est quasi pricipium, & fundamen
224 509 719 559 tum eius, quod volumus dicere de
219 545 720 586 possibilitate continuationis cum re
215 589 717 640 bus abstractis secundum Arit scilicet positio, quod
220 629 719 677 forma postrema nobis, qua extrahi
218 676 707 706 mus intellecta, & facimus ea per vo
218 705 716 746 luntatem nostram, est composita ex
214 747 717 786 intellectu agente & intellectu, qui est
217 783 717 826 in habitu. Hoc igitur vidimus de ser
214 829 716 865 mone expositorum Peripateticorum
213 860 717 906 in hunc finem esse possibile scilicet intelli¬
214 901 662 962 gere in postremo res abstractas.
253 1141 709 1194 Auen pace autem multum lo¬
208 1184 712 1227 quebatur in hoc, & maxime in epi¬
200 1221 717 1257 stola, quam appellauit Continua.
215 1260 692 1299 tionem intellectus cum homine.
211 1295 713 1338 Et illud, super quod sustentatus est
211 1338 715 1379 in hac quaestione est hoc. Primo
210 1376 709 1427 enim posuit quod intellecta specu¬
213 1414 719 1458 latiua sunt facta. Deinde posuit
213 1455 717 1506 quod omne factum habet quidita¬
206 1493 719 1543 tem. Deinde posuit quod omne ha
216 1535 717 1581 bens quiditatem, intellectus innatus
217 1572 708 1623 est extrahere illam quiditatem. Ex
206 1615 711 1651 quibus concluditur quod intelle¬
215 1651 709 1690 ctus innatus est extrahere formas
209 1693 715 1730 intellectorum, & quiditates eorum.
214 1729 712 1770 & in hoc conuenit cum ipso Alfara
210 1767 710 1809 bio in libro de Intellectu & intelle¬
210 1807 717 1850 cto. & inde extraxit hoc Auen pace
209 1845 709 1890 & cum hoc conclusit quod intelle¬
752 228 1250 278 agente, maximum dubium. quod est scilicet
750 268 1249 320 quod aeternum non indiget, pro sua actione
751 309 1247 363 aliquo generabili & corruptibili. quo
756 349 1247 405 pacto ergo componitur aeternum cum genera
744 389 1244 434 bili & corruptibili, ita vt ex eis resul
747 436 1254 474 tet vna actios nos tamen loquemur de
746 469 1256 515 hoc posthac. vietur enim quod haec snia sit
754 510 1245 554 veluti prinipium, & fundamentum
749 556 1257 594 eorum, quae volumus determinare cir¬
749 589 1244 639 ca possibitatem communiunctionis intellus
747 629 1250 667 nostri cum rebus abstractis iuxta sen¬
746 671 1240 706 tentiam Arist. videlicet ea sententia
747 705 1255 760 quae affirmat quod vltimalforma, quae
745 748 1243 802 in nobis existit, qua denudamus ip¬
743 784 1249 839 sa intelligibilia, eaque efficimus pro
742 824 1249 875 arbitrio ac voluntate nostra, est vti
742 864 1243 911 que forma composita ex intellectu a¬
744 902 1248 957 gente & intellu adepto habitu scilicet exi¬
745 939 1248 987 stente. Hoc itaque est id, quod nos vidi
749 981 1242 1034 mus ex verbis expositorum sectantium ip¬
747 1021 1237 1073 sum Aristo. circa possibilitatem huius
743 1060 1250 1114 finis, hoc est quod sit possibile intellige
740 1101 1118 1139 re in vltimo res abstractas.
784 1141 1199 1189 Snia Auen pace de Intellectu.
782 1180 1250 1231 Auen pace autem laborauit multum
747 1221 1243 1270 in hoc negocio, & praesertim in eo
749 1261 1243 1306 tractatu, cui titulus est de Copula¬
747 1300 1243 1337 tione intellectus cum homine Et eius fun¬
746 1336 1228 1379 damentum in hoc quaesito tale est.
743 1381 1247 1418 Primo quidem ipse supponit, ipsa intel¬
741 1415 1246 1468 gibilia speculabilia esse gnerata, ac de
747 1453 1244 1508 nouo facta. Secundo supponit, omne genera
749 1497 1247 1536 tum habere aliquam quiditatem. Tertio
738 1535 1245 1588 supponit, quod quicquid habet aliquam
750 1575 1250 1626 quiditatem, ipse intellectus est natura prom
750 1613 1242 1654 ptus abstrahere illam quiditatem, ac
743 1652 1243 1698 denudare. Ex omnibus ergo his, ipse com
743 1695 1249 1730 cludit ipsum intellsecndum esse natura a¬
748 1739 1248 1779 prum abstrabere formas ipsorum iu¬
750 1766 1249 1822 telligibilium, eorumque quiditates. & in hoc
749 1806 1251 1858 conuenit etiam cum ipso Alfarabio in
742 1845 1249 1898 suo lib. de Intellectu, & intelligibi¬
745 1890 1255 1931 li. & hinc pronunciauit Auen pace,
