1416 2066
133 188 1159 234 aut non sicut magnitudo aliqua continuus. Qualiter enim intelli¬
149 243 1164 283 get magnitudo cum sit qualibet partium ipsius: parte autem aut fe¬
151 276 1168 319 cundum magnitudinem, aut secundum punctum: si oportet & hoc
144 321 1167 363 dicere partem. siquidem igitur secundum punctum, haec autem
137 357 1166 403 infinita, manifestum est quoniam nequaquam per transibit: Si ve
142 411 1164 451 ro secundum magnitudinem, multotiens & infinities intelliget
138 440 1170 492 idem: videtur autem & semel contingens. Si autem sufficiens qua
145 485 1168 531 libet partium tangere: quid oportet circulo moueri, aut & omni¬
144 527 565 572 no magnitudinem habere¬
186 573 1168 628 intellectus autem vnus est & continuus, vt etiam intellectio: intel
144 621 1171 674 lectio autem est ea quae intelliguntur: quae quia deinceps sunt, vnum sunt
152 672 1171 723 vt numerus, & non vt magnitudo. Quam ob rem nec Intellectus hoc
149 729 1164 787 pacto continuus est, sed aut carens partibus, aut non vt magnitudo ali¬
133 773 1168 834 qua continuus. nam quo tandem pacto si magnitudo sit, qualibet suarum
149 820 1158 884 intelliget partiumus atque ademo partium, quae vel in magnitudine, vel
140 868 1165 931 in puncto consistant: si modo oporteat id quoque partem vocare. si igitur
140 916 1162 975 puncto, ea autem sunt infinita, constat eum nunquam pertransiturum:
149 968 1165 1019 sin magniiudine, sapius aut infinities idem intelliget, cum tamen vi¬
143 1012 1153 1067 deatur vel semel fieri posse. quod si sat sit tangere qualibet partium.
144 1060 1089 1123 quid oportet in orbe moueri, aut omnino magnitudinem haberees
181 1123 1163 1171 Intellectus autem est vnus, & continuus, & similiter intellectum.
145 1171 1160 1212 & intelligere est res intellectae. & istae sunt vnae secundum conse¬
146 1213 1172 1259 quentiam, sicut mensura sine magnitudine. Et ideo intellectus etiam
150 1257 1152 1299 non est continuus hoc modo, sed aut est indiuisibilis, aut continuus
145 1307 1163 1347 non sicut magnitudo. Nullo enim modo possumus dicere quomo
132 1340 1168 1379 do intellectus intelligit per aliquam partem partium eius, quae¬
146 1387 1167 1427 cunque pars sit idem. Et intelligere per aliquam partem eius aut e¬
139 1421 1168 1475 rit per magnitudinem, aut per punctum. & si punctus est infinitus,
147 1466 1165 1507 manifestum est igitur quod non pertransit ipsum in aliqua hora.
145 1505 1169 1547 Et, si intelligit per magnitudinem, intelligit multotiens, & insini¬
149 1545 1164 1604 ties. sed nos videmus intelligere semel possibile esse. Si igitur suffi
144 1596 1175 1635 cit tangere per vnam partem, quaecunque pars sit, in quo indiget
138 1642 1134 1691 moueri circulariter, & vniuersaliter, quo ex eo fiat magnitudo.
146 1684 1168 1729 Intellectus autem est vnus, &c. i. & intellectus dicitur esse vnus, & con¬
147 1724 1167 1770 tinuus illo modo, quo dicitur in suo intellecto esse vnus, & continuus. D.d. in
146 1764 1160 1811 telligere est res intellectae, &c. i. quia intelligere est ipsae res intellectae, quae
145 1808 1164 1851 non dicuntur esse vnae, nisi sicut dicuntur res consequentes esse vnae, scilicet nu¬
148 1845 1168 1884 merus. & hoc intendebat, cum. d. sicut mensura sine magnitudine. I. sine com¬
144 1885 1168 1924 tinuatione, & ideo impossibile est vt dicatur quod intellectus sit vnus, &
