1416 2066
192 179 1239 241 Abstractione autem dicta, intelligit, sicut simum saecundum quod
203 224 1244 267 simum, non separatum: inquantum autem curuum si aliquod in¬
206 267 1238 314 tellexit, actu sine carne vtique intellexit. in qua curuum: sic & ma¬
209 310 1242 353 thematica non separata tanquam separata sint, intellexit cum intel¬
207 354 363 410 ligat illa.
256 396 1231 451 Quae uero in abstractione uocantur intelligit perinde quasi simum¬
204 443 1244 508 quaetenus quidem simum, non separate: quatenus uero curuum, si quid
206 482 1232 556 actu intelligeret, sine carne intelligeret in qua curuum est: sic ma¬
207 540 1240 594 thematica quanuis non separata, ueluti separata intelligit, cum illa
204 587 360 654 intelligit.
246 635 1247 681 Et sciuntur etiam res, quae dicuntur negatiue. Vt simus, in eo
201 684 1235 737 duod est simus, non diuiditur: in eo autem quod est corcauum,
203 725 1234 771 si intellectus intellexerit, tunc intelliget intentionem con: auitatis
193 765 1237 810 denudatam a carne. sed intentiones mathematicae non sunt singu
204 811 1215 859 laria hoc modo: & sicut res abstracta intelligitur, intelligit istas res.
242 884 1243 926 Intendit per res, quae dicuntur negatiue, res mathematicas. & intendit
196 924 1243 983 per negationem abstractionem a materia. & intendit quod, quando intel
202 971 1234 1011 lectus intelligit res secundum abstractionem a materia, non facit hoc,
207 1007 1234 1051 quia sunt in se, non in materia, sicut quidam existimauerunt. sed hoc, quod
205 1044 1240 1083 facit, scilicet quod intelligit ea non in materia, licet sint in materia, est ac
199 1083 1236 1124 si intelligeret simum, in eo quod est simum, diuisum a materia. sed simus
200 1124 1236 1164 in eo quod est simus. impossibile est vt diuidatur a materia. genus autem
202 1167 1233 1211 eius, quod est concauitas possibile est vt diuidatur a materia. Et innuit
200 1202 1227 1250 per hoc quod ista possibilitas in abstractione istorum ab intellectu est com
200 1241 1235 1283 sequens naturas, & quiditates earum: non quia accidit eis, quia sunt non
201 1279 1240 1317 in materia. Deinde dicit. sed intentiones mathematicae, &c. idest & mo¬
206 1321 1241 1362 dus essendi intentionum mathematicarum extra animam, non est sicut
203 1360 1233 1402 modus, secundum quem sunt in anima. Et iste sermo potest legi sic. & in¬
197 1399 1236 1443 tellectus etiam potest scire res mathematicas per aliquem modum defini¬
201 1437 1229 1483 tionis. Intelligere enim diuersatur secundum diuersitatem naturae intel
200 1477 1230 1523 lecti. verbi gratia quod simus, in eo qnod est simus, non diuiditur quan¬
203 1517 1228 1562 do intelligitur: in eo autem quod est concauitas, tunc, si intellectus intel¬
205 1556 1230 1595 lexerit eum singularem per se, non intelliget intentionem concauitatis,
202 1599 1233 1650 nisi denudatam a carne. Et exemplum, quod induxit, supplet illud, quod
205 1633 547 1683 diminuitur a sermone.
