1416 2066
241 200 1298 251 est principium intellectus. Et ideo necessario apparet quod haec duo l
249 244 1290 291 sunt mouentia scilicet desyderium, & cogitatio apud actionem. desyderatum
246 290 1205 331 enim mouet: & ideo cogitatio mouet, quia est desyderatiua.
283 340 1290 387 D.& intellectus, per quem agitur, & est cogitatiuus, omperatiuus, differt
254 380 1289 424 a speculatiuo in perfectione, & fine. finis enim speculatiui est scire tantum:
256 422 1283 473 pperatiui autem operari. D.d. Et omne desyderium, &c. i. &, quia omne de
257 460 1282 511 yderium est desyderium ad aliquid, ideo desyderium non est principium
253 499 1289 547 mouens intelsecundum operatiuum: sed illud desyderatum mouet intellectum,
256 540 1286 586 & tunc desyderabit intellectus: &, cum desyderauerit, tunc mouebitur homo,
256 575 1288 619 icet a virtute desyderatiua, quae est intellectus, aut imaginatio. D.d. Et ideo
248 617 1284 658 necessario, &c. i. & quia principium motus est ex desyderato, apparet quod haec
253 658 1280 699 duo mouent homnem scilicet desyderium, & consensus, qui sunt erga operationem
251 695 1279 738 secundum hunc modum scilicet quod faciens desyderare, & mouere, quod est intellectus,
251 734 1281 778 idem sunt: sed est mouens, quia facit desyderare rem. Et hoc intendebat,
253 771 1290 814 cum d. desyderatum enim, &c. i. Idesyderatum enim, quia ipsum est quod
255 818 1281 859 mouetur ad rem, quam comprehendit, & est intellectus operans aut ima
246 851 1281 904 ginatio, & intellectus, quando comprehendit aliquid desyderabit per scientiam
249 892 1284 939 & mouebit per desyderium: necesse est vt ipse intellectus sit mouens, secundum quod
249 932 1284 971 est desyderans, non secundum quod est comprehendens, neque secundum quod desyderium est alia
259 972 1289 1018 virtus ab intellectu: quae est etiam mouens, secundum quod ipse declarabit post. Et hoc,
249 1009 1289 1053 quod ipse d. de intellectu operatiuo, intelligendum est de imaginatione.
247 1058 1281 1100 animalia enim vniversaliter mouentur ab imaginatione. si igitur forma fuerit imagi¬
257 1084 1281 1140 nata ex cogitatione, tunc motus attribuetur intellectui operatiuo. &, si non
252 1124 1146 1171 fuerit ex cogitatione, tunc attribuetur ipsi virtuti imaginatiuae.
288 1185 1286 1249 Et phantasia quum moueat, non mouet sine appetitu. vnum igitur
247 1236 1291 1281 mouens quod appetibile. si enim duo intellectus & appetitus moue¬
243 1276 1286 1323 bant, secundum communem vtique aliquam speciem mouebant. nunc autem intellectus
246 1322 1287 1371 non videtur mouens sine appetitu. voluntas enim appetitus est. quum
244 1370 1289 1411 autem secundum rationem mouetur, & secundum voluntatem mouetur. appetitus
251 1404 1287 1451 autem mouet praeter rationem. concupiscentia quidem enim ap¬
248 1448 558 1497 petitus quidam est.
296 1499 1288 1539 Quinetiam cum phantasia mouet, non sine appetitu mouet. unum
244 1540 1291 1599 ligitur quidpiam est quod mouet primo, uidelicet appetitiuum: nam si
247 1587 1297 1653 duo, intellectus nimirum & appetitus mouerent, communi aliqua spe¬
244 1643 1288 1694 cie mouerent: nunc autem intellectus non uidetur sine appetitu moue¬
245 1691 1282 1738 re: nam uoluntas appetitus est. cum autem ratione mouetur, uoluntate
245 1741 1287 1795 etiam mouetur: appetitus autem sine ratione mouet: cupiditas enim ap
248 1779 530 1843 petitus est quidam.
285 1844 1291 1891 Et principium huius erit in tpere, in quo mouetur imaginatio. nul¬
244 1884 1285 1937 lus igitur motus erit extra desyderium. Motor igitur est vnus scilicet de¬
