1416 2066
292 179 1334 226 & propter hoc, quod dixit accidit, quod ea, quae sunt veloeis motus, faciunt,
297 217 1251 259 sonum in aere, licet non percutiaut aliud, vt motus corrigiae in aere.
336 283 1325 331 Echon autem fit cum ab aere vno facto, propter vas determinans
297 328 1324 378 & prohibens diffundi, iterum aer repellitur sicut sphaera. videtur,
295 373 1321 418 autem semper fieri echon, sed non certus: quia accidit in sono si¬
293 413 1324 458 cut & in lumine. etenim lumen semper repercutitur. neque enim fie
288 455 1323 508 ret penitus lumen sed tenebra, extra solem. sed non sic repercutitur
292 499 1329 544 sicut ab aqua, aut aere, aut ab aliquo alio lenium: Quare tenebram
297 540 769 588 facit qua lumen terminamus.
342 587 1327 643 Echo autem fit cum ab aere, qui propter uas quod eum terminauit
290 628 1329 690 friarique prohibuit unus efficitur, retro aer ueluti pila pulsus fuerit. iide
295 680 1321 739 tur aut semper Echo fieri, sed non clara. quandoquidem ut inlumine sic
296 725 1324 786 usu uenit in sono: et enim semper lumen refringitur: alioqui non fieret
290 788 1327 828 ubique lumen sed tenebrae, extra locum a sole illustratum: sed non ita re
290 820 1326 883 fringitur, ut ab aqua uel aere uel quouis alio laeuium, ut umbram effi¬
294 868 748 931 ciat, qua lumen terminamus.
333 932 1318 979 Echo autem fit ex aere, quando fuerit vnus propter vas, a quo
293 979 1326 1030 continetur, & prohibetur a diuisione, quando aer reuertetur, &
298 1019 1316 1068 expelletur ab eo quasi sphaera. Et forte echo fit semper, sed non ma¬
289 1065 1320 1115 nifeste. Accidit enim in sono, sicut accidit in luce. Lux enim semper
296 1103 1325 1147 reffectitur. &, si non esset ita, non esset in omni loco, sed obscuritas
298 1145 1324 1194 esset semper extra locum, super quem cadit Sol. sed non reffectitur
293 1187 1320 1236 sicut reffectitur ab aqua, & a cupro, & ab aliis corporibus lenibus
280 1228 1166 1282 ita quod faciat vmbram, & est illud, perquod venit lux.
340 1278 1330 1326 Cum declarauit ea, ex quibus sit sonus, & quomodo fit, incoepit declarare quod
294 1317 1322 1364 dam accidens soni, quod dicitur echo: & est iteratio som, conseruando suam figu¬
296 1356 1335 1403 ram, vt accidit in domibus non habitatis. Et. d. Echo autem, &c. i. echo si: ex
295 1395 1324 1438 aere, qui fit vnus. i terminatus, & inclusus perper illud, a quo continetur, & pro
298 1435 1324 1478 hibetur ab exitu, quoniam, cum motus eius a primo percutiente perficitur, percutitur aer¬
297 1476 1325 1524 a lateribus eius, a quo continetur: & percutit ipsum secunda percussione similier pri
299 1524 1324 1564 mae percussioni, quae fecit sonum: & sic auditur idem sonus iteratus ei, quasi ramundens
297 1555 1319 1602 primo. Et assimilauit istud sphaerae expulsae, quoniam, quando sphaera expellitur, con
296 1597 1324 1635 tingit in ea motus similis primo motui: & echo auditur post primum sonum, qua
298 1633 1323 1675 si rndens: quia iam declaratum est quod inter omnes duos motus est quies. Et non
305 1669 1319 1715 est intelligendum ex hoc, quod dixit, sit ab aere, quando fuerit vnus, quod fiat ex vno
296 1709 1323 1755 aere, quia est distinctus per motum ab aliis partibus aeris, vt lapis, quando prolici¬
302 1750 1329 1802 tur, aut pila: sed oportet intelligere quod intendit per vnum aerem, vnum, quia est
298 1790 1327 1827 terminatum, & contentum a vase. Aer enim qui est talis, cum in eo contigerit aliqua
299 1828 1321 1877 passio, & motus fortis: continget tunc a percussione simile ei, quod contingit a ia¬
301 1865 1328 1914 ctu lapidis in aqua, scilicet quod ille motus non perficitur perper ipsum terminas: qua¬
