1416 2066
216 195 1265 252 & sonus. & potest aliquis dicere quod primum istorum est audire, & f
217 240 558 283 secundum est sonare.
259 299 1248 346 Cum dedit sermonem dubitatiuum, incoepit dissoluere eum, & d. Di¬
217 349 1255 398 camus igitur quod manifestum est quod sentire, &c. i. Dicamus igitur,
220 391 1248 437 quod manifestum est quod sentire per uisum, non est eiusdem intentionis,
220 422 1251 468 ita quod consequitur ex eo vt omne comprehensibile a uisu sit coloratum.
217 467 1249 514 D.d. iudicamus enim per uisum, &c. idest & signum eius est, quod nos iu
219 506 1248 547 dicamus per uisum, non uidendo coloratum, cum iudicamus obscuritatem
216 543 1250 588 esse obscuritatem, & lucem esse lucem: sed neutrum habet colorem. sed
225 583 1257 627 non eodem modo iudicamus per visum obscuritatem, & lucem. iudicamus
225 620 1254 665 enim lucem per se, & obscuritatem, quia est priuatio lucis. Et, cum dedit
220 659 1257 705 hunc modum dissolutionis, dedit secundam dissolutionem quaestioni,
216 700 1247 739 dicenti quod visio debet esse colorata, si uirtus visibilis comprehendit visio¬
219 739 1256 790 nem, & cixit. Et etiam videns est quasi coloratum, &c. idest, & etiam pos¬
220 779 1246 818 sumus concedere visionem esse colorem. videns enim quando compre¬
221 816 1243 860 hendit colorem, efficitur quasi coloratum quoquo modo. Et causa in hoc
224 860 1248 906 est, quia sentiens recipit sensibile, & assimilatur ei. visus itaque recipit colorem,
219 897 1243 946 quem recipit corpus extra animam. sed differunt in hoc, quod receptio sen¬
222 935 1249 978 tientis est non materialis, & receptio corporis extra animam, est materia¬
219 975 1248 1019 lis. D.d. quidlibet quodlibet. i. sentiens enim recipit sensibile non materia¬
214 1014 1249 1059 liter, quilibet sensuum quodlibet sensibilium. &, quia sensus recipiunt sen
220 1055 1249 1099 sibilia quoquo modo, dicuntur etiam de eis quoquo modo. D.d. & ideo,
221 1093 1252 1138 cum fuerint sensibilia abstracta, &c. i. &, quia sensus recipiunt sensibilia
225 1134 1250 1179 extra materiam, ideo, quando sensibilia fuerint abstracta a materia, effici
220 1172 1244 1220 untur ex sensibilibus sensus, & imaginationes non colores sensibiles, neque
218 1211 1246 1252 fapores, neque aliae qualitatum sensibilium, quae sunt extra animam in
224 1258 1248 1299 materia. D.d. Et actio sensibilis, & sensus, &c. idest & actio sensibilis extra
215 1292 1255 1338 animam in mouendo sentiens, & actio sensus, qui est in sentiente, scilicet
219 1330 1243 1375 qualitas, qua sentiens qualitatur in mouendo etiam virtutem visionis,
219 1374 1244 1411 est eadem actio: licet modus esse sensibilis extra animam differat a modo
226 1410 1251 1458 sui esse in sentiente. verbi gratia quod sonus, qui est in actu extra animam,
220 1449 1252 1491 ita mouet instrumentum auditus, sicut auditus, qui est in actu, mouet
225 1487 1249 1531 virtutem auditus, & similiter dispositio coloris in mouendo videntem est
219 1526 1247 1572 sicut dispositio qualitatis, quae prouenit in vidente a colore in mouendo
220 1566 1247 1605 virtutem visibilem. D.dicit, possibile est enim vt aliquis habeat auditum
222 1604 1244 1646 &c. idest & hoc fuit ita, quod possibile est, vt aliquis habeat auditum in poten¬
215 1644 1251 1683 tia, sicut habet sonum in potentia: & vt habeat sonum in actu, sicut ha¬
222 1682 1251 1723 bet auditum in actu. et, cum habuerit auditum in actu, habebit compre¬
218 1716 1257 1771 hensionem auditus in actu, idest comprehensionem quod audit. & lixit, pos¬
222 1762 1252 1803 sibile est enim dicere quod aliquis habet auditum, & habet sonum, licet non
219 1800 981 1845 semper sonet, propter hoc, quia sunt sicut in potentia.
262 1851 1256 1899 Si igitur est motus & actio & passio in eo quod agitur, necesse
213 1906 1260 1955 est & sonum & auditum qui secundum actum, in eo quod est secundum
