1416 2066
249 229 755 264 nes, secundum quod attribuitur nobis:
260 261 746 306 Quarum vna est de genere passionis,
254 304 754 353 & est intelligere: Et alia in genere
250 341 740 378 actionis, & extrahere formas & de¬
248 381 745 426 nudare eas a materijs: quod nihil est
249 421 743 460 aliud nisi facere eas intellectas in a¬
246 461 753 498 ctu, pastquam erant in potentia: ma
254 494 743 538 nifestum est quoniam in uoluntatu
252 535 742 579 nostra est, cum habuerimus intelle¬
246 574 744 627 ctum, qui est in habitu, intelligere
249 617 745 667 quodcunque intellectum volueri¬
252 657 747 707 mus, & extrahere quamcunque for¬
250 693 514 738 mam voluerimus,
291 773 738 810 Et ista actio, scilicet creare intelle
246 813 743 862 cta, & facere ea est prior in nobis qui
251 861 755 904 actio, quae est intelligere: sicut dicit
255 892 749 941 Alexan. Et ideo dicit quod dignius
248 935 746 978 est describere intellectum per hanc
246 967 749 1018 actionem, non per passionem: cum
253 1010 752 1050 in passione communicet ei aliud ex
250 1045 750 1090 uirtutibus animalibus. Sed hoc est
249 1087 750 1139 de opinione dicentium quod passio
250 1128 655 1170 in eis non dicitur aequiuoce.
287 1197 751 1257 Et propter istam actionem, scili¬
250 1245 743 1289 cet extraliere quodcunque intelle¬
246 1283 755 1334 ctum voluerimus, & facere ipsum in
255 1329 748 1370 actu, postquam fuit in potentia, opi
252 1364 745 1411 natus est Themistius quod intellectus,
247 1413 752 1451 qui est in habitu, est compositus ex¬
252 1445 752 1494 intellectu materiali & agente. Et hoc
251 1481 742 1522 idem fecit Alexan. credere quod in¬
248 1521 747 1562 tellectus, qui est in nobis, aut est com¬
254 1562 740 1611 positus, aut quasi compositus ex in
248 1596 750 1651 tellectu agente, & ex eo, qui est in ha
252 1636 751 1683 bitu: cum opinetur quod substantia eius,
254 1677 750 1733 quae est in habitu, debet esse alia a
255 1717 673 1765 ubstantia intellectus agentis.
295 1757 751 1794 Et cum haec duo fundamenta sint
250 1796 747 1844 posita, scilicet quod intellectus qui
249 1836 749 1882 est nobis, habet has duas actiones,
242 1872 731 1914 scilicet comprehendere intellecta
775 221 1276 271 beat actiones, ea, scilicet ratione, qua est re
780 262 1278 313 latus ad nos: quarum. Vna est gneris pas
776 301 1281 338 sionis, & illa quidem est ipsa intellectio
780 340 1288 393 seu ipsum intelligere: Altera vero
778 377 1282 432 est gnis actionis nempe quae est abstra
779 418 1287 458 here formas, easque denudare ab ipsis
774 460 1277 498 materijs: quod quidem officium, nihil
780 506 1289 548 aliud est quae efficere eas intelligibiles
779 536 1283 590 actu, postque erant intelligibiles poten¬
775 574 1279 619 tia: manifestum est quod, quando habemus
779 614 1285 662 intellectum adeptum, ex nitmra vtique vo¬
783 653 1285 698 luntate pedet intelligere quodcumque
780 693 1283 746 intelligibile voluerimus, & abstra¬
780 733 1278 771 here quancunque formam voluerimus.
805 772 1286 823 Haec autem actio, quae est generare intel
778 813 1285 862 ligibilia, eaque effscere, prior existit in
781 848 1279 898 nobis, qui actio intellectionis, eo pacto,
786 890 1289 938 quodo Alex. dicebat. Et ideo dicebat
782 932 1287 979 quod conuenientius erat describere in¬
783 966 1284 1018 tellectum hac actione, & non aliqua pas¬
779 1011 1279 1058 sione: cum ipse intellectus communicet in ip
780 1047 1282 1102 sa passione cum aliqua ex virtutibus
779 1089 1285 1131 animantium. Veruntamen hoc videtur esse
781 1125 1288 1162 verum, iuxta sententiam illorum, qui affir¬
778 1173 1284 1209 mant ipsam passionem non dici de eis
786 1205 1282 1255 equiuoce. Et propter huiusmodi
776 1245 1282 1285 actionem, quae est abstralere quid cumque
782 1285 1283 1330 intelligibile voluerimus, & illud effi
783 1325 1279 1373 cere actu existens, postquam erat po¬
782 1368 1279 1402 tentia, est opinatus Themist. intelle
784 1405 1287 1443 ctum adeprum constare ex intellectu ma¬
783 1441 1288 1493 teriali. & intellectu agente. Et hoc
778 1483 1283 1519 idem induxit Alex. vt crederet intel¬
779 1519 1278 1570 lectum in nobis existentem esse vtique scom
782 1557 1284 1610 positum, aut veluti compositum ex intelle
780 1600 1285 1651 ctu agente & intellectu adepto: postque
785 1637 1288 1685 ipse putat substantiam intellectus ade
785 1678 1283 1722 pti debere esse diuersam a substantia
781 1716 1289 1771 intellectus agentis. His igtur duobus
781 1757 1281 1808 fundamentis ita positis, nempe quod in¬
782 1797 1292 1834 tellectus, qui in nobis existit, duas
782 1840 1281 1885 obrineat actiones, quae scilicet sunt cogno
783 1872 1287 1931 scere intelligibilia, & efficere intelli¬
