1416 2066
233 180 1272 227 sus, & boni odoramenti & mali, omnifactus est. Amplius autem & cor¬
236 229 1271 275 rumpi videntur a fortibus odoribus, ex quibus homo corrumpi¬
237 268 1274 314 tur, vt asphalto, sulfure, & huiusmodi. olfactum quidem igitur ha
234 308 883 355 bere necessarium est, sed non respirantia.
284 348 1265 395 itaque, sanguine carentia, ut pote quae non spirent, alium quempiam
248 396 1274 443 sensum habere censeas, praeter eos qui uulgo dici consuenere. res tamen
239 444 1249 492 non ita se habet: si quidem odorem sentiunt: sensus enim rei odorabilis
245 492 1268 547 & faetidae & odoratae, omnifactus est. Praeterea uidentur a uehementibus
240 554 1246 595 odoribus corrumpi, a quibus etiam homo corrumpitur, ut bituminis
243 588 1273 643 & sulphuris, atque, id genus aliis. omnifaciant igitur necesse est, non tamen
246 636 541 699 recipiendo spiritum.
280 692 1269 747 Oportet igitur ex hoc, vt animalia carentia sanguine, cum non
244 747 1258 794 anhelant, habeant alium sensum. Sed hoc est impossibile, cum sen
242 780 1259 827 tiant odorem. sentire enim bonum odorem, & malum est olface¬
242 834 1268 874 re. Odores enim fortes, qui nocent homini, nocent eis, vt putrefa¬
243 868 1261 916 ctionis, & sulphuris, & similium. Vnde necesse est vt olfaciant,
239 907 557 963 sed non inspirando.
282 963 1264 1010 Dixit &, cum posuerimus quod omnia animalia eodem modo olfaciunt:
238 1006 1263 1052 & est manifestum quod homo non olfacit sine inspiratione: necesse est vt ani¬
242 1043 1265 1083 malia carentia sanguine cum non anhelant, & videntur venire ad suum
242 1085 1261 1124 nutrimentum a remoto, vt habeant alium sensum a sensu olfactus. D.d.
237 1124 1270 1169 Sed hoc est impossibile, &c. i. sed ponere ea habere alium sensum a sensu
243 1164 1260 1210 olfactus impossibile est, cum posuerimus quod nihil comprehendit odorem,
243 1210 1271 1243 nisi per istum sensum. comprehendere enim bonum odorem, & malum
239 1244 1263 1290 est olfacere: & olfacere est actio istius sensus, non alterius. D.d. Odores
243 1282 1266 1325 enim fortes, qui nocent homini, nocent eis. & ista est secunda ratiocinatio.
248 1317 1264 1363 & est quod ista animalia infirmantur, & dolent a malis odoribus, & fugiunt
236 1356 1266 1403 eos, sicut homines. &, quia homines fugiunt eos propter sensum olfactus,
245 1395 1268 1443 oportet vt sic sit de aliis animalibus. D.d. vnde necesse est vt olfaciant,
242 1436 1267 1475 sed non inspirando. i. necesse est igitur ex hoc, quod diximus scilicet quod ista ani¬
244 1476 1263 1515 malia olfaciunt, cum videntur moueri ad odores, & fugere eos. &, quia im¬
240 1522 1263 1557 possibile est vt ista actio sit per alium sensum a sensu olfactus, ista anima¬
239 1554 1268 1595 lia necessario olfaciunt: & non est necesse vt omnia animalia odorent
244 1593 449 1635 eodem modo.
291 1645 1271 1692 Videtur autem in hominibus differre hoc sensitiuum ad ea quae
239 1691 1273 1736 aliorum animalium: sicut oculi, ad ea que durorum oculorum sunt.
241 1732 1266 1779 Haec quidem enim habent phragia & sicut velamen, palpebras:
237 1781 1261 1823 quas aliquis non mouens, neque retrahens non videt: fortia autem
241 1820 1260 1869 oculis nihil huiusmodi habent, sed mox vident quae fiunt in luci¬
237 1859 1264 1899 do. sic igitur & odoratiuum sensitiuum, aliis quidem sine opercu¬
