1416 2066
213 176 1256 223 malium: argumento quod in genere hominum ob instrumentum hoc in¬
219 239 1247 285 geniosi sunt & tardi, nec ob ulium aliud: qui enim duras habent carnes,
220 276 883 331 tardo sunt ingenio: qui uero molles ingeniosi.
264 323 1244 373 Sed gustus est in nobis magis uerus, quia est aliquis tactus. &,
225 357 1253 411 si iste sensus est in homine ualde uerus, aliis diminuitur a multis animali¬
222 412 1251 458 bus, in tactu autem excedimus omnia. & ideo est subtilior omnibus animalibus.
224 452 1261 498 Et signum eius est quod, in genere humano etiam propter istum sensum
225 492 1254 538 est homo discretus, & non est hoc propter aliud omnino. durae enim
228 535 1105 579 carnis non est discretum, & mollis carnis est discretum.
259 572 1257 619 Idest est, & sensus gustus est nobis perfectior sensu olfactus: quia gustus
221 614 1255 659 est tactus quoquo modo: & sensus tactus est in nobis perfectior: qui in om¬
219 661 1248 704 nibus aliis animalibus. D.& si iste sensus &c. i. & licet iste sensus sit perfe¬
229 694 1254 739 ctior in homine quae in aliis animalibus, tamen non consequitur ex hoc vt sit iu
226 732 1251 779 aliis sensibus perfectior, immo diminuitur in eis a multis animalibus. D.
224 771 1249 812 d. in tactu autem excedimus, &c. i. in bonitate autem sensus tactus excedimus o¬
226 811 1248 859 mnia animalia. & propter bonitatem istius sensus est homo subtilior, & dif¬
225 851 1256 890 cretior omnibus animalibus scilicet quod complexio conueniens bonitati istius sen¬
228 891 1258 935 sus, conuenit discretioni intellectus D.d. Et signum eius est, &c. i. & signum
228 929 1251 978 conuenientiae complexionis istius sensus ad complexionem intellectus est.
225 969 1255 1015 quod in genere hominum, quando iste sensus fuerit bonus, tunc homo erit
230 1011 1252 1051 discretus, & econtrario. D.d. & non est hoc propter aliud. i. & bonitas dis¬
229 1049 1248 1090 cretionis non videtur consequi bonitatem aliorum sensuum. boni enim vi¬
229 1088 1246 1131 sus homo potest esse indiscretus, & similiter boni auditus: sed boni tactus
229 1125 1240 1170 semper videtur discretus. D.d. durae enim carnis. &c. i. & signum, quod bonitas di¬
227 1165 1238 1210 scretionis sequitur bonitatem tactus, est quod mollis carnis, idest bo¬
225 1205 1240 1250 ni tactus, semper videtur discretus, & intelligens, & econuerso. Et hoc quod
226 1246 1252 1291 dixit verum est. &, cum inspexeris intelligentes homines, semper inuenies
225 1285 1227 1330 eos talis dispositionis, & ideo homo est mollioris carnis, quae caetera animalia.
271 1324 1245 1371 Est autem sicut humor, hic quidem duicis, ille uero amarus. sic
214 1364 1244 1412 & odores sunt. sed alia quidem habent proportionaliter odorem &
228 1410 1248 1457 humorem, dico autem dulcem odorem & dulcem humorem: alia
230 1455 1241 1499 vero contrarium. similiter autem & acer & austerus & acutus &
228 1496 1245 1547 pinguis est odor. sed sicut diximus propter id quod non multum
231 1546 1249 1587 permanifesti sunt odores sicut humores, ab his acceperunt nonia
222 1580 1243 1628 secundum similitudinem rerum: dulcis quidem enim a croco & melle¬
228 1625 1228 1671 acer autem a thymo & huiusmodi. eodem autem modo & in aliis.
273 1669 1244 1723 Quemadmodum autem sapor, alius est dulcis, alius amarus: sic etiam
219 1722 1240 1771 odores. sed alia habent proportionalem odorem & saporem, alia con¬
227 1772 1249 1811 tra: uerbi causa dulcem odorem, & dulcem saporem: pariter etiam
224 1821 1246 1875 atris, & austerus, & acidus, & pinguis est odor. sed quoniam ut di¬
226 1861 1248 1907 ximus odores non admodum manifesti sunt, ut sapores, ideo ab eis du¬
