1437 2079
206 204 1246 267 simembrana aegrotauerit: quemadmodum pellis ea qua pupilla obte¬,
204 259 555 317 gitur, cum aegrotauerit.
236 299 1232 346 Hocigitur ipsum non habet sonum scilicet aer, quia est velocis diui¬
197 342 1230 386 sionis. cum igitur prohibetur a diuisione, tunc motus eius erit so¬
198 387 1225 435 nus. Aer autem, qui est in auribus, fuit positus in eis non motus,
211 435 1238 475 vt sentiat perfecte omnes modos motus. Et propter hoc audimus etiam
200 468 1241 514 in aqua: quia non intrat super ipsum aerem copulatum, cum non
201 516 1232 563 intrat, neque in aure propter sphaeram. Et, cum hoc acciderit, non au¬
205 556 1238 601 diemus: neque etiam cum acciderit matri cerebri occasio, sicut
200 598 1239 643 dispositio cutis, quae est super visum, quando accidit occasio. Et
200 644 1231 683 quod accidit de destructione auditus per introitum aquae super
202 683 1229 731 istum aerem. Istud idem accidit ex iniroitu aeris extrinseci super ipsum,
198 724 412 786 & scias hoc.
242 780 1246 835 Cum declarauit quod per aerem fit quod sonus copulatur cum sensu, & quod ipsel
199 832 1232 869 est elementum proprium isti sensui, sicut est etiam elementum proprium
199 868 1228 908 sensui visus, incoepit declarare modum, secundum quem aer recipit sonum, & d.
201 906 1224 947 Hoc igitur ipsum non habet sonum, scilicet aer, &c. idest & aer est reci¬
202 947 1231 996 piens proprium sonum, quia non habet in se sonum, cum in ipso non sit
202 994 1225 1030 motus, qui faciat sonum. & caum in hoc est, quia est velocis diuisionis hoc,
205 1027 1231 1066 & hoc in aere simile est in diaphano. quemadmodum enim si diaphanum
208 1065 1232 1107 haberet colorem, non reciperet colores, ita aer, si haberet sonos, ex se non
208 1103 1228 1146 reciperet sonos. D.d. cum igitur prohibetur, &c. i. & cum in eo contin¬
212 1146 1236 1198 get per aliud motus, qui prohiberet eum a diuisione, & est motus, qui fit
211 1189 1231 1227 a percutiente in percussum, tunc iste motus facit in eo sonum. D.narrauit
206 1228 1232 1269 quod ista est causa, propter quam natura posuit in auribus aerem non muta
213 1267 1236 1315 tum, sed valde quiescentem, & d. Aer autem, qui est in auribus fuit po¬
209 1299 1236 1347 situs in eis non motus, vt sentiat perfecte omnes modos motus factos in
208 1340 1236 1380 aere extrinseco. iste igitur aer positus in auribus excedit aerem extrinsecum
210 1380 1240 1428 in quiete. D.d. Et perper hoc audimus etiam in aqua, &c. i. &, quia aer est
206 1427 1233 1470 necessarius in sensu auditus, audimus in aqua, quando aqua non intraue
200 1456 1233 1506 rit super aerem, qui est in aure, neque corruperit eum propter sphaeram,
205 1506 1229 1543 quae est in creatione auris. & quando intrauerit non audiemus: & tunc ac
207 1535 1236 1580 cidet nobis illud, quod accidit, quando u pelli cerebri accidit occasio. quia
204 1574 1237 1621 tunc non audiemus, quemadmodum quando cuti, quae est super visum,
205 1616 1231 1659 acciderit occasio, non videmus. Et intendebat declarare quod comparatio ac
206 1654 1234 1699 ris positi in aure, est sicut comparatio membri proprii vnicuique sensato scilicet
210 1695 1238 1738 hoc, per quod primo perficitur actio istius sentientis. & ideo assimilauit
200 1732 1228 1782 istud, quod accidit huic aeri de destructione per introitum aquae super ip
200 1772 1232 1817 sum ei, quod accidit de percussione cadente super autem, & super ipsum
203 1819 1236 1858 visum. Et illud, quod accidit de corruptione auditus per introitum aquae
202 1852 1236 1891 super istum aerem positum in auribus, accidit per introitum aeris extrin
201 1890 449 1947 seci super ipsum,
