1416 2066
173 156 1219 228 quidpiam inuceretur, sentiremus: nec esset nobis sensus per intermediu:
185 219 1217 271 sed quod admixtum esset humido, quemadmodum in potione: at color
186 260 1115 306 non hos modo uidetur, nempe quod misceatur, aut esstuxionibus.
226 324 1214 363 Custus autem est aliquis tactus. Et est illud, quod est in poten¬
186 365 1211 412 tia istius dispositionis, non per medium, quod sit corpus extraneum.
191 407 1217 450 tactus enim etiam non est sic. Et corpus, in quo est sapor, gustus
193 452 1220 492 in eo est in humiditate: sicut res in materia. & hoc est aliquid tan¬
185 492 1211 547 gibile. Et ideo, si nos fuerimus in aqua, & in aqua fuerit aliquid
184 540 1211 579 dulce, sentiemus non per medium, sed admiscendo se cum humi¬
189 577 1208 628 do, sicut est de vino. Color autem non videtur, eo quod admiscetur,
183 619 667 667 neque quia aliquid currit ab eo.
230 675 1215 727 Cum compleuit sermonem de olfactu, & sensus gustus est illud, quod
188 716 1213 756 debet consequi numerum secundum ordinem, qui incoepit a meliori, & proce¬
172 756 1214 795 dit ad magis necessarium, incoepit loqui de eo, & declarare quod est aliquis ta
184 792 1202 835 ctus, & quod propter hoc non indiget comprehendere suum sensibile per me¬
184 833 1204 875 dium, quod sit corpus extraneum, sed per medium, quod sit pars anima¬
189 874 1203 915 lis. Et. d. Oustus autem est aliquis tactus. & hoc non est in potentia alicu
186 914 1210 955 ius dispositionis per medium, quod sit corpus extraneum. tactus enim est
183 952 1205 1003 etiam sic. i. & iste sensus non est illud, quod est in potentia istius disposi¬
188 988 1213 1035 tionis per medium, quod est corpus extraneum, sed per medium, quod est
186 1036 1213 1075 corpus non extraneum. D.d. tactus enim etiam non est sic, i. tactus enim
189 1068 1206 1108 etiam comprehendit suum sensibile non per medium, quodest corpus ex
183 1108 1217 1147 traneum: sicut est de sensibus tribus pdictis. Et quasi inducit istum sermonen
186 1151 1211 1200 pro ratione quod gustus est aliquis tactus. & quasi dicit, gustus autem est ali¬
187 1188 1212 1235 quis tactus, cum comprehendat suum sensibile non per medium, quod sit
188 1227 1213 1267 corpus extraneum, sicut tactus. & hoc est manifestius in secunda transla¬
189 1265 1218 1306 tione, vbi dicit, sensus autem gustus comprehendit per tactum. Et causa
188 1303 1214 1347 illius est quod sensibile per gustum non comprehenditur per medium inter
184 1346 1214 1395 gustans & gustatum, quod est corpus extraneum: neque etiam tactus ita com
184 1388 1217 1433 prehendit. D.d. Et corpus, in quo est sapor, &c. i. & alio modo dicimus
182 1423 1208 1471 etiam quod iste sensus est aliquis tactus. corpus enim in quo existit sapor, non
192 1461 1213 1512 est gustabile, nisi secundum quod ille sapor existit in eo humore: cuius proportio ad
182 1500 1215 1546 illum saporem est sicut materiae ad formam. & ideo iste sensus non com¬
184 1538 1222 1588 prehendit saporem, nisi comprehendat humorem: cum sit impossibile vt
192 1576 1218 1619 denudetur ab eo: & comprehendere humorem est aliquid tangere. vnde
186 1616 1208 1658 iste sensus videtur aliquis tactus. D.d. Et ideo, si nos fuerimus in aqua, &c.
185 1654 1216 1698 i. &, quia gustus non indiget medio extraneo, ideo, cum nos fuerimus in
189 1697 1208 1739 aqua, in qua inuenitur aliquod dulce, sentietur a nobis admiscendo se cum
188 1732 1212 1779 aqua: non quia aqua recipit saporem abstractum a materia, & reddit eum
185 1771 1215 1810 isti sensui, sicut est de mediis extraneis, quae reddunt sensibilia sensibus. il¬
187 1810 1215 1851 la enim non recipiunt sensibilia cum corporibus, in quibus existunt, sed
179 1850 1218 1906 abstracta a materia. Et hoc demonstrat quod ipse opinatur quod odor non est
