1416 2066
206 171 1258 227 comprehendit duice secundum hanc positionem, aliud est ab eo, quod f
210 216 1241 259 comprehendit colorem omnino. illud enim est in oculo, & hoc in carne,
216 256 1236 294 aut sibi simili. sed caro in tactu non est sicut oculus in visu. Deinde de¬
222 291 1240 337 clarauit hoc impossibile esse, & dixit sed necesse est vt ambo sint eiufa
218 333 1236 374 dem, &c. idest sed necesse est vt sint comprehensa ab eodem, & per duo in¬
211 367 1250 418 strumenta. &, nisi hoc esset, manifestum est quod non poterit iudicare hoc et
213 412 1244 451 se aliud ab hoc. Si enim esset possibile iudicare haec duo esse diuersa per
220 451 1246 493 duas virtutes diuersas, quarum vtraque singulariter comprehendit alterum
213 492 1239 531 duorum illorum, tunc necesse esset, quando ego sentirem hoc esse dulce, & tu
209 531 1249 570 illud esse album, & ego non sensi quod tu sensisti, neque tu quod ego, vt
219 573 1242 612 ego comprehenderem meum sensibile aliud a tuo, licet non sentiam tuum,
214 607 1244 650 & vt tu comprehenderes tuum aliud a meo. & hoc est manifeste impossi
211 647 1245 691 bile. Deinde dicit, sed necesse est. vt vnus dicat hoc esse aliud ab hoc, &
217 686 1251 731 quod dulce est aliud ab albo, &c. idest sed quemadmodum necesse est xt
217 732 1245 775 idem homo dicat hoc esse aliud ab hoc, sic necesse est vt virtus, quae iudi¬
219 765 1240 803 cat dulce esse aliud ab albo, sit eadem virtus. ita enim est in hoc de indi¬
216 804 1244 843 uiduis, sicut de membris sensus, cum sint etiam plura in numero. Et hoc
209 845 1243 888 intendebat, cum dicit. quapropter necesse est, sicut dicimus, sic agamus,
221 882 1244 922 & sentiamus. idest quapropter necesse est vt, sicut ille, qui dicit hoc, esse
217 921 1244 963 aliud ab hoc, est idem homo, sic illud, quod sentit & intelligit hoc esse aliud
215 962 1244 1011 ab hoc, sit eadem virtus. Deinde d. Quoniam autem impossibile est, &c. id
213 1004 1243 1043 est, manifestum est igitur ex hoc sermone quod non iudicamus diuersa esse
209 1039 1243 1091 sensibilia per diuersas virtutes. Qnam autem ista comprehensio cum hoc, quod
219 1079 1245 1124 est vnius virtutis, debet esse etiam in eodem instanti, manifestum est. quo¬
208 1115 1248 1171 niam, quemadmodum vnus homo dicit bonum esse aliud a malo, sic, cum
211 1158 1248 1209 dixerit in alteto duorum esse aliud in aliquo instanti, manifestum est quod
211 1200 1247 1243 in instanti, in quo dicimus quod alterum eorum est aliud, in illo eodem dicit
217 1239 1245 1283 in altero esse aliud, cum alietas sit aliqua relatio, & relatiua insimul exi¬
218 1275 1240 1317 stunt in actu. Deinde d. & non accidentaliter, &c. idest & non intelligo
224 1317 1240 1370 per instans hoc instans, quod dicitur accidentaliter in eo, quod illud est
223 1354 1244 1395 indiuisibile: sicut instans, in quoo dicimus ratione us intrinseca esse aliud
217 1397 1242 1436 instans, cum fuerit comprehensum ratione intrinseca esse aliud instans
214 1436 1241 1475 enim, in quo dicitur ipsum esse aliud, est aliud ab instanti, in quo compre¬
221 1474 1245 1515 henditur ipsum esse aliud. Et hoc intendebat, cum dixit non quia instans
217 1517 1241 1564 est aliud. idest non quia instans, de quo dixi esse aliud, est instans, in quo
216 1556 1241 1597 comprehenditur ipsum esse aliud, sed diximus hoc instans est aliud, &
214 1602 1240 1644 quod nunc est aliud: & illud instans est aliud ab instanti comprehensios
211 1637 1241 1676 nis. D.d. a quo igitur erit. i. a quo igitur erit hoc iudiciums dico erit a vir
216 1670 1010 1715 tute indiuisibili & vna, & in tempore indiuisibili & vno.
256 1740 1244 1780 At uero impossibile est simul secundum contrarios motus mo¬
214 1787 1248 1827 ueri idem, ut indiuisibile & in indiuisibili tempore: si enim dulce
212 1821 1245 1868 sic mouet sensum aut intellectum: amarum autem contrariem, & al¬
210 1865 1241 1907 bum aliter: ergo simulquidem & numero indiuisibile & separabi
