1416 2066
267 164 765 204 situm colligitur ex sententia Commen. in. 2.
271 199 761 233 de anima. commen 134. vbi dicit quod virtus,
269 236 762 272 quae comprehendit istum esse Socratem
264 267 760 298 aut filium Socratis, est superior ad virtu
270 293 766 330 tem sensuum. & ita videtur quod relatio
271 326 762 362 non cognoscitur a sensu comnmiuni. Solui
265 356 771 394 tur dictum Commenta. intelligitur de sen
263 387 771 425 su exteriori, quia ille non cognoscit substan
268 420 771 452 tiam, neque relationem, sed sensus hominis,
275 450 762 493 interiores possunt haec cognoscere. vnde in
272 479 763 514 tentio Commenta. est ibi ponere differen
266 512 770 546 tiam inter illos modos duos, secundum
270 542 763 581 quos aliquid dicitur sensibile per accidens
277 572 771 610 vnus est non simpliciter, & est quando sen¬
268 605 763 642 sibile vnius sensus comparatur ad alium sen
272 639 767 675 sum, ex quo accidit vt sit coniunctum cum
272 666 766 701 sensibili proprio illius sensus. vt si pomum
268 698 775 731 fuerit coloratum & dulce, dulce dicitur sensi
278 732 779 763 bile per accidens respectu visus. nam hic est
277 761 769 794 accidentalitas duorum sensuum exteriorum
273 791 771 834 qui sunt in eadem latitudine, quia ambo
274 823 772 859 iunt exteriores, & vnus non est superior al¬
277 861 773 890 tero. Sed secundus modus per accidens sen
272 885 767 922 sibilis est, quando aliquod obiectum per ac
272 914 775 954 cidens est coniunctum sensibili per se ali¬
278 949 770 978 cuius sensus, quod tamen non est obiectum
268 981 773 1010 alicuius sensus eiusdem ordinis, sed superio
271 1010 768 1043 ris sicut si album accidat vt sit filius Soeratis
275 1039 775 1074 vnde ista relatio accidit albo, & non perti¬
271 1076 769 1106 net nec ad visum, nec ad alium sensum ex¬
270 1102 771 1138 teriorem, sed bene potest pertinere ad sen¬
270 1134 774 1170 sum communem, qui est virtus superior ad vi
274 1167 776 1203 sum, & ad reliquos sensus exteriores. im¬
272 1199 770 1234 mo vt dicit Themi. est princeps aliorum, &
274 1229 773 1261 alii sunt sicut famuli & ministri eius. Et ne
275 1261 774 1292 videatur tibi mirum, vt relatio sensibilium
275 1291 771 1322 rerum sensu percipiatur, vt est sensibilis. nam
278 1320 768 1354 Arist. hoc expresse dicit in. 2. de anima. in
268 1351 766 1392 tex. com. 142. quod quia nos vnumquodque sensi¬
272 1383 764 1426 bilium ad vnumquodque comparando di¬
271 1413 765 1450 scernimus & sentimus, & sentimus quod diff¬
267 1443 769 1481 runt, necesse est vtique sensu. sensibilia enim
267 1474 763 1507 sunt. vbi Commenta. dicit quod differen
267 1506 767 1545 tia est sensibilis, quae est inter sensibilia,: li¬
271 1538 773 1570 cet enim intellectus etiam differentiam
275 1571 764 1600 inter sensibilia. agnoscit, tamen in vniuer
262 1601 770 1634 sali & non signate, & sensibilitet. vnde vide
269 1632 771 1666 tur mihi relationem istam posse agnosci,
269 1661 764 1697 a sensu communi, & non solum a cogitati¬
265 1693 764 1731 ua, vt aliqui voluerunt: aliter ratio Aristot
264 1725 758 1762 in tex. 146. non procederet, in qua demon
265 1754 774 1788 strat virtutem sensus communis in eodem
265 1786 767 1820 tempore indiuisibili apprehendere, & pro¬
262 1816 770 1852 ferre iudicium de diuersis, vel contrarijs
270 1850 411 1891 sensibilibus.
298 1877 773 1930 Sexagesimaquinta contradict. est. super
800 164 1296 202 tex. 133 Arist. in hoc textu dicit quod deceptio
797 200 1309 234 est magis propria animalibus. & in hoc plu
801 229 1306 266 rimum tempus perficit anima. Sed vtrumque
806 262 1300 299 videtur falsum esse. quia cognitio veritatis,
799 298 1309 331 cum sit animae perfectio, videtur esse magis
804 326 1304 355 propria animae. Secundum etiam falsum esse
802 358 1303 388 videtur, quia tempus. dispositionis naturalis,
802 384 1299 418 & praeter naturam aequale esse non potest,
803 421 1305 451 vt patet in. 2. coeli. tex. com. 36. vbi Commenta.
804 446 1308 482 dicit in paraphrasi quod tempus sanitatis est
807 478 1299 514 prolixus tempore aegritudinis. &. i. coelite.
799 509 1301 546 com. i3, quae praeter naturam sunt, citissime
806 538 1295 571 corrumpuntur. Nisi esset quod istud Arist. de
798 578 1300 611 clarauit quomodo sit magis proprium, videlicet
798 604 1306 643 ex parte temporis, non quia sit magis natu¬
799 636 1303 674 rale. Et quando arguitur quod tempus non po
807 669 1305 701 test esse aequale dispositionis naturalis, &
799 696 1307 735 praeter naturam: Respondetur, quod hoc locum
808 731 1305 763 habet in dispositionibus, quae immediate
803 759 1303 798 insequuntur formam ab agente mediante
804 790 1310 825 forma: iuxta illud, agens quantum dat de
804 819 1300 859 forma, tantum dat de accidentibus conse¬
806 852 1302 889 quentibus formam, mediante tamen for¬
803 887 1305 917 ma. sed cognitio non datur ab agente dan¬
805 917 1309 947 te animam, sed causatur ab obiecto & po¬
804 946 1302 978 tentia cognoscente. & licet anima pluri ten¬
813 977 1305 1019 pore versetur in ignorantia, quam in scien¬
807 1014 1309 1048 tia, tempus tamen illud breue eligibilius
805 1037 1307 1074 est, quo versatur in scientia, quam tempus
807 1070 1307 1109 prolixum in quo versatur in ignorantia, si¬
805 1108 1307 1138 cut praeponendum est tempus brene in foe¬
804 1132 1308 1169 licitate, quam prolixum in miseria, & ita
809 1163 1310 1194 adliuc non est aqualitas, si bene consyde¬
804 1193 1307 1235 ras. proprium igitur hic sumitur, quo ad
802 1226 1304 1265 quando, & non aliter. nam multis modis
804 1260 1231 1298 proprium dicitur, vt patet in. 4. topi.
839 1284 1301 1322 exagesimasexta contradi. est in com. 133.
802 1316 1300 1354 Dicit virtutem imaginatiuam distingui ab
803 1352 1301 1386 aliis virtutibus. In com 10. huius secundi di¬
798 1380 1296 1418 cit oppositum. Soluitur. hic loquitur de per
800 1412 1301 1450 fecta imaginatiua, quae est in determinata
799 1442 1307 1483 parte corporis, & quae est non solum respe¬
806 1473 1303 1508 ctu praesentis obiecti, verum etiam respectu
798 1506 1307 1549 absentis. sed ibi loquitur de imaginatiua
805 1539 1303 1570 imperfecta, quae solum in imperfectis ani¬
803 1570 1306 1602 malibus, & solum circa praesentia obiecta
805 1602 1298 1642 actum habet, quae disseminata est per totum
796 1631 999 1674 animalis corpus.
828 1661 1318 1701 Sexagesimaseptima contradict. est ibidem.
795 1692 1318 1730 Dicit imaginatiuam differre ab intellectu
802 1726 1302 1758 & consilio, quia imaginamur dum volumus.
798 1755 1306 1790 Sed fuit oppositum, quod hoc est nihil, quia a
798 1787 1302 1820 pari intelligimus cum volumus. Soluitur.
805 1820 1307 1851 bene intelligimus dum ivolumus, sed non
801 1848 1308 1881 intelligimus verum cum volumus, sicut est
803 1878 1098 1923 de sensu & imaginatiua.
