1416 2066
175 163 1226 227 Atque, est quidam intellectus talis, quod omnia fiat: quidam, quod
187 221 1221 267 omnia faciat, ueluti habitus quidam, perinde ac lumen: namlumen
191 276 1182 326 quoque quodam modo facit actu colores, eos qui sunt potentia colores.
227 339 1216 380 Oportet igitur vt in ea sit intellectus, qui est intellectus, secun¬
184 387 1213 435 dum quod efficitur omne: & intellectus, qui est intellectus, secun¬
192 421 1218 467 dum quod facit ipsum intelligere omne. & intellectus, secundum
190 464 1221 517 quod intelligit omne, est quasi habitus, qui est quasilux. lux enim quo
190 516 1224 561 quo modo etiam facit colores, qui sunt in potentia: colores in actu.
226 555 1224 602 D.Et, cum necesse est inueniri in parte animae, quae dicitur intellectus, istas tres
191 596 1218 636 differentias, necesse est vt in eo sit pars, quae dicitur intellectus, secundum quod effici
191 636 1226 675 tur omne, modo similitudinis, & receptionis: & quod in ea sit etiam secunda
188 676 1221 725 pars, quae dicitur intellectus, secundum quod facit istum intellectum, qui est
185 715 1215 763 in potentia. intelligere omnia in actu. Causa enim propter quam facit intellectum
188 764 1224 803 qui est in potentia, intelligere omnia in actu, nihil aliud est nisi quod sit in actu.
176 796 1219 835 hoc enim, quia est in actu, est causa vt intelligat in actu omnia: & quod in ea
195 836 1230 883 etiam sit tertia pars, quae dicitur intellectus secundum quod facit omne intellecundum in potentia esse
194 874 1229 914 intellecundum in actu. Et dixit. Oportet igitur &c. & intendit per istum intellectum
186 913 1231 956 materialem haec igitur est sua descriptio praedicta. D.d. & intellectus secundum
193 953 1228 1003 quod facit ipsum intelligere omne. & intendit per istum, illud quod fit, quod est
192 991 1220 1031 in habitu. Et hoc pronomen, ipsum, potest referri ad intellectum materia¬
189 1031 1222 1075 lem, sicut diximus: & potest referri ad hominem intelligentem. & oportet ad¬
194 1068 1221 1114 dere in sermone secundum quod facit ipsum intelligere omne ex se, & quando
194 1110 1225 1154 voluerit, haec enim est definitio huius habitus scilicet vt habens habitum intel¬
191 1148 1221 1195 ligat per ipsum illud, quod est sibi proprium ex se: & quando voluerit, absque
188 1187 1234 1227 eo quod indigenat in hoc aliquo extrinseco. D.d. & intellectus, secundum
194 1230 1233 1275 quod intelligit, &c. & intendit per istum intelligentiam agentem. & per hoc, quod
193 1267 1222 1307 dixit intelligit omne, quasi aliquis habitus, intendit quod facit omnem rem in¬
193 1306 1225 1354 tellectam in actu, postquam erat in potentia, quasi habitus & forma. D.d. qui
194 1350 1227 1388 est quasi lux, &c. modo dat modum, ex quo oportuit ponere in anima intelli¬
188 1389 1221 1439 gentiam agentem. non enim possumus dicere quod proportio intellectus agentis
193 1436 1220 1467 in anima ad intellectum generatum est, sicut proportio artificil ad artificiatum
187 1461 1221 1507 omnibus modis. ars enim imponit formam in tota materia absque eo quod in
189 1502 1216 1547 materia sit aliquid existens de intentione formae, antequam artificium fece
192 1540 1215 1587 rit eam. & non est ita in intellectu, quoniam, si ita esset in intellectu tunc homo
191 1581 1217 1624 non indigeret in comprehendendo intelligibilia sensu, neque imaginatione:
187 1619 1213 1665 immo intellecta peruenirent in intellectum materialem ab intellectu agente
194 1667 1203 1706 absque eo quod intellectus inaterialis idigeret aspicere formas sensibiles. TNeq
189 1699 1224 1740 etiam possumus dicere quod intentiones imaginatae sint solae mouentes intellectum
192 1748 1217 1787 materialem, & extrahentes eum de potentia in actum. Quoniam, si ita esset, tunc
192 1786 1218 1819 nulla differentia esset inter vniversale, & indiuiduum: & tunc intellectus esset
197 1816 1223 1859 de genere virtutis imaginatiuae. Vnde necesse est cum hoc, quod posuimus
193 1857 1223 1915 quod proportio intentionum imaginatarum ad intellectum materiale
