1416 2066
252 187 1253 258 Accidit autem utrinque absurdum quiddam, et alienum aratione:
210 244 1257 299 et enim dicere ignem uel aerem esse animal, a ratione discrepat: nec di¬
202 292 892 347 cere animalia, cum anima insit, absurdum est.
250 331 1252 379 Et contingit vtrique sermoni improbabile, & irrationabile. dice
204 379 1246 427 re enim quod ignis, & aer sunt animalia, est simile sermoni stulto. & etiam non
208 423 1217 467 dicere ea esse animalia, & dicere ea habere animas est improbabile.
249 481 1252 523 Cum declarauerit quod contingit dicentibus quod in elementis est anima vt
210 519 1248 570 elementa sint animata, dicit. Et contingit vtrique sermoni, &c. idest hoc, quod
207 560 1252 606 ponunt, quod elementa sunt animata: aut hoc, quod ponunt, quod elementa
204 606 1244 644 habent animam, & non sunt animata. dicere enim quod ignis, & aer sunt ani¬
210 637 1250 683 mata, simile est sermoni stultorum. & dicere etiam quod habent auimam, &
207 682 1246 723 non sunt animata, est valde improbabile: quia nulla differentia erit inter
206 716 748 761 animam esse in animato, aut non esse.
250 764 1249 810 Opinari autem videntur animam esse in his: quoniam totum
216 819 1249 854 partibus simile speciei, quare naecessarium ipsis dicere & animam
204 861 1249 908 similis speciei partibus esse, si propter intercipi aliquid continen¬
207 893 1256 940 tis in animalibus, animata animalia fiunt. si autem aer quidem di¬
212 936 1252 985 scerptus similis speciei, anima autem dissimilis partis, hoc quidem
211 986 1245 1031 aliquid ipsius existet, videlicet, aliud autem non existet. necesse est igi¬
206 1029 1245 1077 tur ipsam similis partis esse: aut non inesse in qualibet parte om¬
213 1068 1245 1107 nis. Manifestum igitur ex dictis, quod neque cognoscere inest animae
211 1107 1243 1162 pper id quod est ex elementis, neque moueri ipsam bene neque vere dicitur
263 1155 1244 1202 Existimasse autem uidentur Animam his inesse, quoniam totum,
214 1197 1247 1244 atque partes eiusdem sunt speciei, quare fateri compelluntur animam ac
203 1252 1248 1308 partes eiusdem esse speciet, si eo quod in animalibus intercipiatur,
212 1285 1247 1356 aliquid ambientis animata aenimalia fiat. quod si Aer quidem descer
209 1348 1245 1398 ptus eiusdem est speciei, anima autem dissimilarum partium, pars quae
196 1388 1248 1442 Idam eius inerit scilicet quaedam non inerit. Necesse ergo est ipsam aut simi¬
210 1436 1254 1483 larium esse partium, aut non inesse in qualibet totius parte. Perspicuu,
214 1483 1255 1547 ligitur ex dictis est, cognoscere, non ideo inesse Animae, quod constet ex
212 1535 881 1580 elementis: nec eam moueri, recte ac uere dici.
252 1580 1247 1627 Et videntur existimare quod anima existat in istis, quia forma vniuer¬
209 1621 1249 1674 si eorum est, sicut forma partium. Oportet igitur eos dicere quod forma
210 1668 1241 1712 animae etiam est sicut forma partium eius: cum animal non sit ha¬
210 1712 1242 1755 bens animam, nisi cum in eo concluditur aliquid de aere continen¬
211 1753 1240 1796 ti. Si igitur aer, cum separatur, est similis formae, & anima, cum se¬
211 1796 1247 1854 paratur, non est consimilium partium: manifestum est quod aliquid
210 1845 1245 1883 eius erit ens, & aliquid non ens. Necesse est igitur ut sit consimi¬
198 1879 1250 1924 lium partium, aut non existet in qualibet parte totius. Quoniam
