1416 2066
200 164 1242 225 tiqui dicebant quod intelligere idem est cum sentire, ut Empe. cum
213 217 1249 259 dixit. Cum consilium in hominibus recipit secundum praesens. & dixit in
205 260 1251 306 alio loco. Propter hoc transmutatur intellectus in eo semper. Et
210 300 1239 354 hoc idem intendebat Home. cum dixit quod ita est de intellectu, scilicet quod
210 340 785 388 intelligere corporale est sicut sentire.
246 382 1239 427 Quia antiqui conueniunt in definiendo animam per has duas differen¬
215 420 1236 460 tias proprie, scilicet per motum localem, & per cognitionem, & comprehensio¬
214 467 1234 512 nem, quae videtur esse intelligere & sentire. D.d. existimando quod intellige¬
214 507 1237 547 re, &c. idest & existimabant quod intelligere est genus sensus, qui est aut cor
209 539 1241 590 pus, aut corporalis. anima. eni in his duobus iudicat res, & cognoscit eas. Et,
212 588 1238 626 quia Antiqui dicebant quod intelligere & sentire sunt eiusdem virtutis, opor¬
212 615 1223 667 tet nos perscrutari de hoc, D.d. vt Empe. &c. i. vt dixit Empe. quod intellect
213 654 1231 700 in hominibus iudicat rem praesentem sensibilem. & in alio loco dixit quod
212 691 1232 740 sensus est idem cum intellectu, & propter hoc intellectus semper trans¬
212 739 1236 779 inutatur in eis, sicut transmutatur sensus. Et intendit per transmutationem
212 774 1238 818 errorem qui accidit vtrique virtuti, aut obliuionem, & alia accidentia, in
210 819 1244 859 quibus existimatur habere communicationem. & hoc intendebat Homen
207 856 857 892 rus, cum dixit quod sensus similis est intellectui.
260 893 1244 939 Omnes enim hi intelligere corporeum opinantur, sicut sentire:
211 932 1241 978 & sentire & sapere simile simili: sicut secundum principia rationi¬
206 976 1244 1019 bus determinauimus. & tamen oportuit simulipsos de deceptione
208 1019 1238 1059 dicere. magis proprium enim est animalibus, & plurimum tem¬
214 1067 1243 1115 pus in hoc perficit anima. vnde necesse aut vt quidam dicunt omnia quae
209 1102 1247 1147 videntur esse uenra: aut dissimilis tactum, deceptionem esse. hoc enim
206 1148 1237 1187 contrarium ei, quod simile simili cognoscere. videtur autem & deceptio
209 1185 794 1235 & scientia contrariorum eadem esse.
257 1227 1245 1278 Hi nanque omnes intelligere quemadmodum etiam sentire, corporeum
207 1281 1244 1339 esse autumant: ut initio harum disputationum exposuimus: atqui de de
206 1332 1240 1380 ceptione etiam oportebat eos dicere: magis enim propria est animalium, &
208 1372 1238 1435 plus temporis in his versatur Anima. Quare necesse est, uel ut quidam
213 1421 1243 1483 dicunt omnia esse uera quae appareant, uel rei dissimilis tactionem esse
208 1468 1244 1515 deceptionem. hoc enim contrarium est illi sententiae, simili cognoscere si¬
210 1530 1238 1579 mile. uidetur autem & deceptio & scientia contrarioru esse eadem.
257 1564 1245 1611 Omnes igitur isti existimant quod intelligere est corporale, sicut
212 1611 1245 1651 sentire. & sentire & intelligere sunt a simili ad simile, vt prius de¬
211 1651 1247 1697 terminauimus. Quamuis debebant dicere cum hoc in errore etiam.
214 1693 1248 1738 hoc enim magis proprium est animalibus, & mora animae in eo est
214 1737 1239 1785 longo tempore. Et ideo necesse est vt sit, sicut quidam dicunt, quod
217 1787 1236 1827 omnia, quae transeunt per mentem, sunt vera, aut error sit tangere
215 1821 1242 1875 dissimile. hoc enim est contrarium. & simile cognoscitur per suum si
210 1860 1024 1907 mile. & existimatur quod error in contrariis sit idem.
