1416 2066
235 155 1262 211 ab aliquo extrinseco a sua natura. Et est etiam valde difficile vt in¬
232 200 1267 244 tellectus sit admixtus cum corpore admixtione, qua non possit re
235 246 1257 290 cedere ab eo: si melius est int ellectui vt non sit communiunctus cum corpo¬
236 292 1243 339 re, sicut est consuetudo dicendi, & secundum quod plures opinantr.
274 339 1266 386 Et etiam manifestum est quod intelligere apud motum magis est diffici¬
234 380 1257 428 le, quam apud quietem. motus igitur est ab anima, quasi violentus: ergo non est
241 424 1261 466 in substantia eius, neque anima constituitur per ipsum, sed est extra naturam eius.
244 460 1264 499 Et, cum notificauit hoc, incaepit dare impossibile contingens eis in hoc, quod
242 501 1265 547 dicunt intellectum esse corpus, & d. Et est etiam valde difficile, &c. i. & valde est
240 540 1264 579 improbabile, & difficile ad intelligendum, secundum quod homines consueuerunt dice
238 587 1264 627 re, quod si intellectus sit corpus, aut admixtum cum corpore, tali admixtione
240 621 1254 667 quod non potest euadere ab eo omnino: cum omnes, aut plures opinentur quod
240 654 1259 698 melius est vt intellectus non sit coniunctus cum corpore, nedum sit corpus.
237 696 1121 739 natura enim intellectus videtur esse valde opposita naturae corporis.
282 736 1263 779 Immanifesta autem & circulariter ferri coelum causa: neque enim
243 780 1252 826 animae substantia cam est circulariter ferri: sed secundum accidens sic mo¬
237 819 1255 861 uetur: neque corpus cam: sed anima magis illi. At vero quia neque me¬
232 861 1260 907 lius dicitur oportebit perper hoc deum facere circuliter ferri animam, quia di¬
238 905 1192 955 gnius sit ipsam moueri quae manere: moueri autem sic, quaed aliter.
285 940 1258 1002 incerta est etiam causa, cur coelum circunseratur: neque, enim animae sub
241 996 1261 1050 stantia causa est quaobre circunferatur, sed per accidens ita mouetur:
243 1044 1265 1091 neque, corpus est causa: sed illi potius anima. Neque vero quod melius
241 1092 1246 1147 dicatur: atqui oportebat Deum propterea facere animam circumferri,
238 1140 1261 1203 quod melius sit ei moueri, quam stare: & ita moueri, quam aliter.
280 1188 1265 1236 Et ex eis, quae latent, etiam est causa, prper quam coelum mouetur,
238 1228 1258 1270 circulariter. Substantia enim animae non est cam motus eius circu¬
233 1275 1263 1314 lariter, sed mouetur isto motu accidentaliter. Neque corpus etiam
237 1318 1251 1369 est cam in hoc: immo anima est dignior in hoc. Et etiam neque dixit
239 1364 1253 1409 quare hoc fuit melius: licet apparet quod Deus non posuit animam
241 1403 1262 1451 moueri circulariter, nisi quia moueri est ei melius, quae quiescere. &
245 1450 1251 1492 quod mouetur hoc modo est melius quam quod moueatur alio modo.
281 1483 1250 1532 D.Et latet secundum hanc opinionem dare causam, prper quam coelum mouetur
240 1525 1253 1570 secundum enim positionem eorum substantia animae non dat istum motum, cum
238 1564 1260 1603 substantia animae apud eos non sit nisi corpus elementorum: & iste mo¬
242 1613 1260 1654 tus scilicet circularis est ei acciddentaliter scilicet quia ereator incuruauit ipsum a re¬
245 1644 1257 1683 ctitudine in circulationem. D.d. Neque corpus etiam, &c. i. &, cum ani¬
240 1684 1260 1739 ma non est causa istius motus essentialiter, quae est dignior vt sit causa: &
241 1730 1253 1764 corpus, in eo quod est corpus, remotius est vt sit causa. D.d. Et etiam ne¬
241 1761 1255 1809 que dixit, &c. i. & etiam Plato non dedit in hoc sermonem, quare animam
235 1804 1254 1843 moueri circulariter est melius, quam non moueri, aut quam non moue¬
242 1838 1262 1882 ri circulariter: neque potest dare. Necesse enim vt Deus non posuerit ani¬
