1416 2066
166 220 1203 259 & comprehendat alietatem earum per vnicam virtutem, sed secundum
170 260 1219 300 diuersam dispositionem, dedit causam, propter quam indiget anima in
169 297 1212 339 comprehendendo has duas intentiones diuersa dispositione, & dixit. Ca¬
169 335 1206 379 ro enim non est extra materiam. i. causa, propter quam forma non com¬
169 377 1211 426 prehenditur ab intellectu nisi cum materia, quod facit ipsum intellectum com
170 420 1212 463 prehendere eam diuersa dispositone, est quod formae non Sunt extra mate¬
173 450 1216 506 riam. forma enim carnis non denudatur a materia, sed semper intelligitur
165 493 1211 539 cum materia: sicut simitas cum naso, cum simitas sit aliquid hoc in aliquo
165 531 1184 578 hoc. & sic est de formis sensibilibus scilicet quod sunt aliquid hoc in aliquo hoc.
205 588 1211 635 Sensitiuo quidem igitur calidum & frigidum iudicat: & quo¬
169 631 1211 683 rum ratio quaedam caro. alio autem aut separato, aut sicut circun
173 675 1190 723 slexa se habet ad se ipsam, quum extensa sit, carnis esse discernit.
216 718 1217 763 Calidum igitur & frigidum sensitiua parte iudicat, & quorum
167 774 1217 827 ratio quaedam est caro. alio autem, uel separabili: uel ut ssexa se habet
169 812 920 865 ad se ipsam cum extensa fuerit, carni esse iudicat.
213 860 1215 913 ipsa igitur per sentiens experimentatur calidum & frigidum.
164 908 1208 955 & res, quae sunt in carne, assimilantur eis, quae sunt illius. Et expe
166 949 1206 995 rimentatur per aliud, aut secundum dispositionem lineae sphaera¬
167 994 738 1034 lis quaem diudurat quid est esse carnis.
209 1051 1217 1098 Dicit. Ipsa igitur, &c. i. & cum necesse est experimentare res diuersas
168 1096 1222 1144 per virtutes diuersas, & per sentiens autem, & per sibi similia experimentatur
167 1139 1215 1186 anima calidum & frigidum, & sibi similia, necesse est secundum exemplum
168 1172 1218 1219 vt res existens in carne, per quam caro est quod est, & non illud, per quod
170 1221 1212 1262 est calida aut frigida, sit similis virtuti comprehendenti eam & vt experi¬
172 1252 1217 1298 mentetur per aliam virtutem. Et dixit, assimilantur eis, quae sunt illius,
171 1292 1212 1340 quia necesse est vt proportio, quae est intentionis ad intentionem scilicet indi¬
172 1332 1209 1381 uidualis ad vniuersalem, sit sicut proportio virtutis comprehendentis al¬
175 1370 1218 1411 teram earum ad uirtutem comprehendentem alteram. Et, cum necesse est
172 1412 1212 1459 vt duae intentiones sint diuersae, necesse est vt virtutes sint diuersae. Intelli¬
174 1452 1210 1486 gens igitur non est imaginatiua: cum iam declaratum est quod comprehen¬
177 1480 1211 1539 sio virtutis imaginatiuae & sensibilis idem est. D.d. Et experimentatur per
166 1527 1215 1571 aliud, aut secundum dispositionem lineae, &c. i. & necesse est vt forma experimen
170 1566 1212 1611 tetur per aliquam virtutem. & hoc erit ex hac virtute, aut per dispositio¬
171 1614 1219 1652 nem similem lineae rectae, cum intellexerit primam formam existentem
170 1646 1216 1689 in hac re singulari: aut secundum dispositionem similem lineae sphaerali, quando
170 1684 1215 1725 fuerit reuersa, quaerendo intelligere etiam quiditatem illius formae, dein¬
175 1724 1210 1764 de quiditatem illius quiditatis, quousque perueniat ad simplicem quidi¬
173 1764 1213 1803 tatem in illa re. v. g. quod primo intelligit quiditatem carnis, deinde quaerit
171 1803 1221 1843 intelligere quiditatem istius quiditatis, deinde quiditatem istius quiditatis: &
172 1843 1221 1883 hoc erit, dum inueniet quiditatem in quiditate, & non cessabit quousque perueniat
162 1883 1214 1932 ad formam simplicem. Et hoc intendebat, cum dixit, quai diu durat. i. quod istud intelli¬
168 1926 1205 1971 getur intellectum erit similiter i carne, dum erit possibile i carne quod quiditas eius habetat quiditatem,
