1416 2066
168 181 1212 226 est medium in rel veritate in hoc sensu scilicet illud, quod est impossibile vrsi¬
183 227 1212 277 ne eo sentiat iste sensus. & est caro, cuius proportio ad ipsum est sicut pro
176 263 1218 313 portio aquae & aeris ad alios tres. Et d. Et vniuersaliter videtur, &c. i. &
179 307 1215 354 vniuersaliter opinandum est quod caro & lingua sunt tactui, & gustui, sicut
178 340 1214 390 aer & aqua visui, & auditui, & olfactui. D.d. & sic est dispositio eorum apud
176 380 1209 420 sensum, &c. i. & dispositio carnis & linguae apud tangens, & gustans sit si¬
177 420 1211 459 cut dispositio aquae & aeris apud tres sensus. D.d. sed ipsum sentiens, cum
180 459 1211 499 tetigerit, &c.i. T& in omnibus cum super sentiens ipsum fuerit positum
181 498 1208 551 sensibile, non sentiet omnino, aut, si sentiet, male: vt accidit, cum super vi¬
179 536 1209 580 sum fuerit positum aliquod corpus album. D.d. aliam demonstrationem
183 575 1207 619 a praedicta quod caro est quasi, medium, non quasi instrumentum, & d. Di¬
179 619 1213 667 camus igitur quod manifestum est, &c. i. & manifestum est quod sensus tactus
176 659 1203 701 est intra carnem: & quod caro non est quasi primum instrumentum es. quo
180 692 1204 737 niam, si ita esset, contingeret in eo quod contingit in aliis scilicet quod cum sensibi
179 731 1217 770 le esset positum super carnem, non sentiretur a virtute tangibili: quema
180 771 1205 812 admodum color, cum fuerit positus super visum, non sentietur. modo au¬
176 819 1205 863 tem, quia videmus quod virtus tangibilis non sentitur, nisi quando tangibile
184 848 1203 891 fuerit positum super carnem, necesse est vt caro sit medium non instru¬
183 888 1208 930 mentum. Et hoc, quod dixit, manifestum est per se, quoniam hoc, quod tres sensus
180 928 1203 971 indigent medio, aut est, quia accidit suis sensibilibus, quod sunt remota ab
184 969 1203 1012 cis, aut quia impossibile est vt recipiant sua sensibilia, nisi sint prius in
180 1007 1206 1052 inedio: vt plura videntur contraria, scilicet quod non transferuntur ad ex¬
180 1045 1210 1090 trema, nisi prius transferantur ad medium. &, si hoc esset propter hoc,
186 1084 1214 1141 quod sensibilia sunt remota, contingeret vt sentirent, quando essent posita¬
183 1124 1210 1175 super eos. tunc enim non indigent medio. sed non sentiunt: ergo non
180 1164 1203 1203 indigent medio, nisi propter ipsum sentire. Et, quia hoc accidens non
191 1203 1215 1242 potest attribui vni eorum essentialiter, cum commune sit eis, remanet
188 1241 1214 1297 igitur vt hoc sit eis commune per naturam communem tribus sensibus:
182 1280 1213 1326 sed nulla natura communis est causa in hoc accidente, nisi hoc, quod sunt
182 1320 1219 1363 sensus: ergo indigentia medil ad sensus est eis in hoc, quod sensus, non
168 1368 1212 1412 secundum quod quidam sensus: ergo omnis sensus necessario indiget me¬
181 1396 1210 1442 dio in ipso sentire. non quod medium est in itis tribus sensibus tantum:
177 1442 1206 1483 quia sensibilia eorum sunt remota, vt putat A exan. quoniam, si ita esset,
174 1479 1212 1528 contingeret quod, cum essent posita super eas, sentirent. Et hoc, quod
176 1516 1198 1555 dixit Alex. contradicendo huic opinioni, scilicet quod, si caro esset qua
177 1554 1214 1601 si medium, contingeret vt sub carne esset aliquod inembrum, per quod
172 1593 1212 1642 fieret iste sensus: & illud necessario esset vnum, si iste sensus esset vnum:
179 1632 1207 1672 aut plura, si plura: nihil est. Iam enim apparuit post Arist. in tempo¬
178 1671 1219 1714 re eius, scilicet Alex. quod in animalibus sunt quaedam corpora, quae di¬
177 1714 1210 1765 cuntur nerui, & habent introitum in sensum, & motum. quod igitur ap¬
176 1748 1215 1801 paruit Arist. ratione, manifestum est post, sensu. Et nihil est hoc, quod
177 1789 1205 1836 dicui. t posteriores Peripatetici, scilicet quod nerui non habent introi¬
181 1828 1222 1874 tum in sensum tactus. est enim sermo Arist. in propinqua potentia: &
175 1868 460 1907 est etiam sensibilis.
