1416 2066
249 180 1290 223 color latens, qui est non sensibilis propter debilitatem. Et in auditu silensi
247 218 1280 259 tium secundum priuationem: & maximus sonus secundum intensionem: & sonus latens
251 259 1280 301 secundum debilitatem. Et ingustu insipidum secundum priuationem: & horribile secundum ma
246 294 1276 339 litiam, & debile secundum diminutionem omnia enim ista dicituntur non sensibilia: quoniam
246 338 1281 380 vnumquodque istorum est priuatio alicuius dispositionis naturaliter sensi
245 375 1275 415 bilis illius sensus. D.d. Et non visibile quidem dicitur, &c. i. & non visibi¬
250 415 1273 459 le dicitur vniversaliter sicut dicitur in aliis sensibus multis modis: aut quia non est inna
246 455 1273 498 tum videri omnino, vt dicimus quod sonus est inuisibilis, & in colore non au
257 491 1275 533 litus: aut quia est innatus videri, sed non videtur, quia habet colorem, sed
253 532 1272 573 alio modo ab eo, secundum quem innatum est habere, scilicet aut propter intensionem,
241 572 1282 623 aut propter debilitatem hoc dicitur non visibile: sicut dicitur in eo, qui est
245 611 1277 658 debilis pedis, quod non habet pedem. D.d. Et potabile est commune tactui
245 651 1278 691 & gustui, idest quod secundum humiditatem, quae est in eo, est tangibile, &
251 687 725 731 secundum saporem est gustabile.
297 724 1273 772 Quoniam autem humidum quod gustabile, necesse est sen¬
246 771 1274 819 sitiuum ipsius neque humidum esse actu: neque impossibile fieri
250 813 1271 863 humidum. patitur enim gustus aliquid a gustabili secundum quod
245 863 1274 907 gustabile est. necessarium est ergo humectatum fore quod possibi
246 897 1274 939 le humectari, saluatum, non humidum autem, gustatiuum sensi¬
248 939 1271 990 tiuum. Signum autem, neque siccam existentem linguam sentire,
242 994 1279 1027 neque multum humidam. hic enim tactus fit primi humidi. sicut
246 1023 1273 1067 quum aliquis qui ante gustauit fortem humorem, gustet alterum
250 1068 1278 1108 & vt laborantibus amara omnia videntur, propter id quod lin¬
244 1108 891 1163 gua plena huiusmodi humiditate sentit.
289 1162 1280 1203 Cum autem gustabile sit humidum, necesse est sensorium eius nec
245 1211 1282 1265 actu humidum, nec eiusmodi esse ut humectari nequeat: patitur enim
245 1267 1282 1313 gustus a gustabili quatenus gustabile. Necesse ergo est id quod hume¬
243 1306 1284 1364 ctari potest, humectari ita ut seruetur, nec esse humidum ipsum scilicet gusta
242 1354 1291 1409 tiuum sensorium. indicium huius est, quod lingua neque, cum praearida,
249 1410 1281 1458 est, sentit: neque, cum admodum humida: hic enim tactus fit primi hu¬
242 1459 1271 1506 midi: ut cum quispiam degustato uehementi sapore, degustat alium:
245 1500 1278 1554 & quemadmodum aegrotantibus amara omnia uidentur, propterea
245 1548 959 1603 quod lingua referta eiusmodi humiditate sentit.
294 1603 1279 1652 Et, quia gustabile est humidum, fuit necesse vt suus sensus non
245 1652 1276 1700 esset humidus in perfectione. neque impossibile vt humefiat. gustus
248 1693 1273 1748 enim patitur quoquo modo a gustabili, secundum quod est gustabi¬
247 1733 1277 1777 le. Vnde necesse est vt humefiat illud, quod possibile est vt hume¬
251 1775 1284 1819 fiat, & est saluatum. sed non est humidum sensus gustus. Et signum
252 1820 1279 1866 eius est, quod lingua non sentit, cum fuerit valde sicca, aut valde hu¬
245 1859 1275 1914 mida. tactus enim ipse erit per primum humorem, sicut qui prius
