1416 2066
306 155 1318 210 Et quia omnis color est mouens diaphanum in actu. & hoc est
258 205 1306 250 natura eius. Et ideo non est visibilis absque luce, sed necessarium est
269 249 1307 291 vt vnusquisque colorum non sit visibilis nisi in luce. Et ideo dicen¬
266 291 1301 347 dum est de luce quid est. Et hoc erit in dicendo quid est diaphanum.
308 364 1304 405 Et substantia coloris, & eius essentia, secundum quod est visibilis, est illud, quod
266 404 1306 443 mouet diaphanum in actu. D.d. & hoc est natura eius, &c. i. & ista deseri
266 443 1307 492 ptio demonstrat naturam & substantiam eius, secundum quod est visibilis. Et si¬
267 484 1309 533 gnum, quod color est mouens diaphanum in actu non diaphanum in poten
269 532 1306 572 tia, est, quia non est visibilis absque luce, per quam diaphanum in potentia
265 561 1304 598 fiat diaphanum in actu, & hoc autem demonstrat quod ipse opinatur quod co¬
265 599 1306 640 lores existunt in obscuro in actu. Et si lux fiat necessaria in videndo co¬
269 641 1302 690 lorem, non est nisi secundum quod facit diaphanum in potentia diaphanum in actu,
269 679 1305 718 aut opinatur quod lux est necessaria in videre, secundum quod colores existunt in ob¬
266 718 1299 763 scuro in potentia: & secundum quod diaphanum potentia indiget etiam
269 758 1308 804 in recipiendo colorem, vt sit diaphanum in actu. Et Auempace dubitauit
262 796 1304 838 in hac descriptione ?s diaphani, & d. quod non est necesse vt diaphanum
265 838 1302 883 inquantum mouetur a colore, sit diaphanum in actu: quoniam diaphanei
267 876 1303 916 tas eius in actu est illuminatio eius: & eius illuminatio est aliquis color.
268 916 1303 960 Color enim nihil est, nisi admixtio corporis lucidi cum corpore diapha¬
267 956 1302 1006 no: vt declaratum est in lib. de Sensu & sensato. Et omne recipiens aliquid
267 996 1303 1035 non recipit ipsum nisi in modo, secundum quem caret illo. Et hoc coegit
266 1035 1313 1075 eum ad exponendum hunc sermonem alio modo ab eo, quod dixerunt
269 1076 1300 1116 expositores, & dixit, & dicere quod color mouet diaphanum in actu. i. mo¬
271 1116 1301 1163 uet diaphanum de potentia ad actum, non quod mouet diaphanum, secundum
264 1163 1307 1204 quod est diaphanum. Lux autem necessaria est in videre: quia colores in ob¬
263 1191 1304 1242 scuro sunt in potentia: & ipsa facit eos in actu, vt moueant diaphanum,
263 1232 1296 1274 secundum quod diaphanum caret luce, aut illo, quod fit a luce, scilicet co
263 1272 1305 1314 lore. & ista expositio est valde. difficilis, secundum quod sonant eius verba.
305 1314 1301 1355 Alexan. enim dat rationem, quod diaphanum in actu mouetur a colo
264 1356 1294 1395 re ex hoc, quod apparet. Aer enim videtur multotiens coloratus colore, quem
258 1392 1292 1433 videmus mediante aere: vt parietes, & terra colorantur per colorem plan
261 1430 1298 1476 tarum apud transitum nubium super eas. Si igitur aer non coloraretur,
266 1469 1294 1523 per colorem illarum plantarum, non colorarentur parietes, & terra. Et
268 1516 1296 1549 manifestum est quod color, licet fiat a corpore lucido, tamen differt ab eo
266 1548 1289 1601 definitione, & essentia. color enim vt dicitur est vltimum diaphaniter,
265 1589 1296 1627 minati. Iux autem est complementum diaphani non terminati. Vnde
265 1634 1303 1667 manifestum est quod non de necessitate illud, quod mouetur a colore debet
261 1667 1301 1711 esse non lucidum: sed de necessitate debet esse non coloratum. Nihil eni
257 1714 1293 1762 recipit. se, aut est causa alicuius, in recipiendo ipsum & ista est propositio
262 1755 1299 1788 manifesta per se. & Arist. ea multotiens vtitur, indifferenter: siue moue
264 1788 1302 1828 re necesse, & recipiere fuerint spiritualia, sicut aer recipit colorem: aut
262 1829 1301 1876 manterialia, sicut corpus admixrum ex lucido, & diaphano obscuro recipit
257 1867 1293 1913 colorem. Et, cum fuerit possibile quod diaphanum in actu moueatur a colore
