<?xml version="1.0" encoding="UTF-8" standalone="yes"?>
<PcGts xmlns="http://schema.primaresearch.org/PAGE/gts/pagecontent/2013-07-15" xmlns:xsi="http://www.w3.org/2001/XMLSchema-instance" xsi:schemaLocation="http://schema.primaresearch.org/PAGE/gts/pagecontent/2013-07-15 http://schema.primaresearch.org/PAGE/gts/pagecontent/2013-07-15/pagecontent.xsd">
    <Metadata>
        <Creator>prov=University of Rostock/Institute of Mathematics/CITlab|PLANET AI GmbH/Gundram Leifert/gundram.leifert@planet-ai.de:name=cod-dsKs3a-m1(htr_id=29297)::::v=2.6.7
prov=University of Rostock/Institute of Mathematics/CITlab|PLANET AI GmbH/Tobias Gruening/tobias.gruening@planet-ai.de:name=de.uros.citlab.module.baseline2polygon.B2PSeamMultiOriented:v=2.6.7
prov=University of Rostock/Institute of Mathematics/CITlab|PLANET AI GmbH/Tobias Gruening/tobias.gruening@planet-ai.de:name=/net_tf/LA73_249_0mod360.pb:de.uros.citlab.segmentation.CITlab_LA_ML:v=2.6.6
Transkribus</Creator>
        <Created>2021-01-03T10:57:01.658-05:00</Created>
        <LastChange>2021-01-11T21:35:00.654+01:00</LastChange>
        <TranskribusMetadata docId="564870" pageId="23108131" pageNr="107" tsid="51142966" status="IN_PROGRESS" userId="25065" imgUrl="https://files.transkribus.eu/Get?id=BDOAVXOBQAKKDLZILULUJMIZ&amp;fileType=view" xmlUrl="https://files.transkribus.eu/Get?id=FHTIUXDPYNSQLKIWGPOOXSXS" imageId="18032265"/>
    </Metadata>
    <Page imageFilename="Averroes_DeAnima_JuntSecunda_11-0107.jpg" imageWidth="1416" imageHeight="2066">
        <ReadingOrder>
            <OrderedGroup id="ro_1610406092519" caption="Regions reading order">
                <RegionRefIndexed index="0" regionRef="TextRegion_1610060904875_245"/>
            </OrderedGroup>
        </ReadingOrder>
        <TextRegion orientation="0.0" id="TextRegion_1610060904875_245" custom="readingOrder {index:0;}">
            <Coords points="167,140 1205,140 1205,1956 167,1956"/>
            <TextLine id="line_1610060904924_248" custom="readingOrder {index:0;}">
                <Coords points="214,236 1046,247 1181,235 1211,178 214,191"/>
                <Baseline points="220,222 271,220 323,220 374,219 426,219 478,219 529,219 581,220 632,220 684,221 736,221 787,221 839,222 890,222 942,222 994,222 1045,221 1097,220 1148,219 1200,218 1205,217"/>
                <TextEquiv>
                    <Unicode>Quin etiam de eius partibus quaerat quispiam, quam quaeque habeat:</Unicode>
                </TextEquiv>
            </TextLine>
            <TextLine id="r3l4" custom="readingOrder {index:1;}">
                <Coords points="161,283 1190,283 1204,243 161,244"/>
                <Baseline points="167,266 218,267 270,267 321,267 373,268 424,268 476,268 527,268 579,268 630,269 682,269 734,269 785,269 837,269 888,269 940,269 991,269 1043,269 1094,269 1146,269 1198,269"/>
                <TextEquiv>
                    <Unicode>in corpore potentiam. si enim tota anima totum corpus continet, conue</Unicode>
                </TextEquiv>
            </TextLine>
            <TextLine id="r3l5" custom="readingOrder {index:2;}">
                <Coords points="167,327 1134,339 1206,321 1206,291 167,292"/>
                <Baseline points="174,318 225,317 276,317 327,317 379,317 430,317 481,317 533,317 584,317 635,317 687,317 738,317 789,317 840,318 892,318 943,318 994,318 1046,318 1097,318 1148,317 1200,317"/>
                <TextEquiv>
                    <Unicode>nit etiam ut pars quaeque partem aliquam corporis contineat. quod simi</Unicode>
                </TextEquiv>
            </TextLine>
            <TextLine id="r3l6" custom="readingOrder {index:3;}">
                <Coords points="165,373 1201,372 1201,341 1009,328 165,330"/>
                <Baseline points="172,365 223,365 274,365 325,365 376,365 427,365 478,366 529,366 580,366 631,366 683,366 734,366 785,366 836,366 887,366 938,366 989,366 1040,365 1091,365 1142,365 1194,365"/>
                <TextEquiv>
                    <Unicode>le est impossibili. Quam nanque partem uel quomodo intellectus contine</Unicode>
                </TextEquiv>
            </TextLine>
            <TextLine id="r3l7" custom="readingOrder {index:4;}">
                <Coords points="167,428 303,427 330,438 361,426 572,426 571,379 559,376 516,392 481,376 461,393 437,378 387,391 166,379"/>
                <Baseline points="173,414 199,414 225,414 251,414 277,414 303,414 329,414 355,414 382,413 408,413 434,413 460,413 486,413 512,413 538,413 565,414"/>
                <TextEquiv>
                    <Unicode>bit, uel fingere difficile est.</Unicode>
                </TextEquiv>
            </TextLine>
            <TextLine id="r3l8" custom="readingOrder {index:5;}">
                <Coords points="207,468 1066,482 1182,468 1198,419 207,429"/>
                <Baseline points="214,461 262,461 311,460 360,460 409,460 458,460 507,460 556,460 605,460 654,460 703,460 751,460 800,460 849,460 898,460 947,460 996,460 1045,460 1094,459 1143,458 1192,457"/>
                <TextEquiv>
                    <Unicode>Et debet homo dubitare de partibus eius, &amp; quaerere quae virtus</Unicode>
                </TextEquiv>
            </TextLine>
            <TextLine id="r3l9" custom="readingOrder {index:6;}">
                <Coords points="169,515 1198,513 1198,474 169,468"/>
                <Baseline points="175,504 225,503 276,503 327,503 378,502 429,502 480,502 530,503 581,503 632,503 683,503 734,503 785,503 836,503 886,503 937,504 988,504 1039,503 1090,503 1141,503 1192,503"/>
                <TextEquiv>
                    <Unicode>dat cuilibet parti corporis esse. Qm, si tota anima copulat totum</Unicode>
                </TextEquiv>
            </TextLine>
            <TextLine id="r3l10" custom="readingOrder {index:7;}">
                <Coords points="171,552 1118,568 1204,556 1204,514 171,523"/>
                <Baseline points="177,545 228,545 279,545 330,545 381,545 432,545 483,546 534,546 585,546 636,546 687,546 738,546 789,546 840,546 891,546 942,546 993,546 1044,546 1095,546 1146,545 1198,545"/>
                <TextEquiv>
                    <Unicode>corpus, oportet vt vnaquaeque partium copulet vnaquamque partem</Unicode>
                </TextEquiv>
            </TextLine>
            <TextLine id="r3l11" custom="readingOrder {index:8;}">
                <Coords points="161,595 1203,595 1203,555 161,564"/>
                <Baseline points="167,587 218,587 269,587 321,587 372,587 424,587 475,587 527,587 578,587 630,587 681,587 732,588 784,588 835,588 887,588 938,588 990,588 1041,588 1093,588 1144,587 1196,587"/>
                <TextEquiv>
                    <Unicode>corporis. Et iste sermo est similis impossibili. difficile est enim &amp; </Unicode>
                </TextEquiv>
            </TextLine>
            <TextLine id="r3l12" custom="readingOrder {index:9;}">
                <Coords points="167,640 1165,642 1120,596 167,604"/>
                <Baseline points="173,629 222,629 271,629 320,629 370,630 419,630 468,630 517,629 567,629 616,629 665,629 714,629 764,629 813,629 862,629 911,629 961,629 1010,629 1059,629 1108,629 1158,630"/>
                <TextEquiv>
                    <Unicode>etiam in fingendo dicere quam partem copulat intellectus, &amp; quo.</Unicode>
                </TextEquiv>
            </TextLine>
            <TextLine id="r3l13" custom="readingOrder {index:10;}">
                <Coords points="164,683 1195,691 1195,663 1082,651 165,672"/>
                <Baseline points="171,681 221,682 272,683 323,684 374,685 425,685 476,686 527,686 578,686 629,686 680,686 730,686 781,685 832,685 883,685 934,685 985,685 1036,684 1087,684 1138,684 1189,684"/>
                <TextEquiv>
                    <Unicode>Cum declarauit quod contingit dicentibus animam esse diuisibilem om¬</Unicode>
                </TextEquiv>
            </TextLine>
            <TextLine id="r3l14" custom="readingOrder {index:11;}">
                <Coords points="169,731 1205,738 1205,700 1161,693 169,701"/>
                <Baseline points="175,723 226,723 277,724 328,724 379,724 430,724 481,724 533,724 584,724 635,724 686,724 737,724 788,724 839,724 891,724 942,724 993,724 1044,724 1095,724 1146,724 1198,724"/>
                <TextEquiv>
                    <Unicode>nibus modis, vt sit vna, secundum quod est anima, &amp; diuisibilis, secundum quod habet</Unicode>
                </TextEquiv>
            </TextLine>
            <TextLine id="r3l15" custom="readingOrder {index:12;}">
                <Coords points="168,771 1200,769 1165,729 168,739"/>
                <Baseline points="175,762 225,763 276,763 327,763 378,763 429,763 480,764 531,764 582,764 633,764 684,764 734,764 785,764 836,764 887,764 938,763 989,763 1040,763 1091,763 1142,762 1193,762"/>
                <TextEquiv>
                    <Unicode>actiones diuersas, dedit dubitationem super hoc, &amp; d. Et debet homo du¬</Unicode>
                </TextEquiv>
            </TextLine>
            <TextLine id="r3l16" custom="readingOrder {index:13;}">
                <Coords points="169,810 1196,811 1196,779 1144,771 169,771"/>
                <Baseline points="175,802 225,802 276,802 327,802 377,802 428,802 479,802 529,802 580,802 631,802 682,802 732,802 783,802 834,802 884,802 935,802 986,802 1036,802 1087,802 1138,802 1189,802"/>
                <TextEquiv>
                    <Unicode>bitare de partibus eius, cum fuerit opinatus eam habere partes secundum</Unicode>
                </TextEquiv>
            </TextLine>
            <TextLine id="r3l17" custom="readingOrder {index:14;}">
                <Coords points="169,852 1201,851 1181,811 169,810"/>
                <Baseline points="176,839 229,840 283,840 336,841 390,841 444,841 497,841 551,841 605,841 658,841 712,841 765,841 819,841 873,841 926,841 980,841 1034,841 1087,841 1141,841 1195,842"/>
                <TextEquiv>
                    <Unicode>hunc modum, scilicet vt sit diuisibilis vno modo, &amp; vnica alio modo. &amp; </Unicode>
                </TextEquiv>
            </TextLine>
            <TextLine id="r3l18" custom="readingOrder {index:15;}">
                <Coords points="169,889 1201,891 1201,853 169,859"/>
                <Baseline points="176,879 226,879 277,880 328,880 379,880 430,880 481,880 532,880 583,880 634,879 685,879 735,879 786,879 837,879 888,879 939,879 990,880 1041,880 1092,880 1143,880 1194,880"/>
                <TextEquiv>
                    <Unicode>quaerere quae virtus dat cuilibet istarum partium corporis continuationem,</Unicode>
                </TextEquiv>
            </TextLine>
            <TextLine id="r3l19" custom="readingOrder {index:16;}">
                <Coords points="170,931 1203,931 1203,900 1151,886 170,889"/>
                <Baseline points="176,917 227,918 278,919 329,919 380,919 431,919 482,919 533,919 584,919 635,919 686,919 737,919 788,919 839,919 890,919 941,919 992,919 1043,919 1094,919 1145,919 1196,920"/>
                <TextEquiv>
                    <Unicode>Necesse est enim si tota anima copulat totum corpus, secundum quod est in </Unicode>
                </TextEquiv>
            </TextLine>
            <TextLine id="r3l20" custom="readingOrder {index:17;}">
                <Coords points="170,970 1080,980 1195,967 1207,933 170,934"/>
                <Baseline points="176,957 227,958 278,958 329,958 380,958 432,958 483,958 534,958 585,958 636,958 688,958 739,958 790,958 841,958 892,958 944,958 995,958 1046,957 1097,957 1148,957 1200,957"/>
                <TextEquiv>
                    <Unicode>eo secundum totum, vt vnaquaeque partium eius sit in vnaquaque parte cor¬</Unicode>
                </TextEquiv>
            </TextLine>
            <TextLine id="r3l21" custom="readingOrder {index:18;}">
                <Coords points="171,1013 1198,1011 1205,966 171,972"/>
                <Baseline points="177,997 228,997 279,997 330,997 381,998 432,998 483,998 534,998 585,998 636,998 688,998 739,998 790,998 841,998 892,998 943,998 994,998 1045,998 1096,998 1147,998 1199,998"/>
                <TextEquiv>
                    <Unicode>poris, ita quod copulet ipsum, secundum quod est in eo. D.d. Et iste sermo est</Unicode>
                </TextEquiv>
            </TextLine>
            <TextLine id="r3l22" custom="readingOrder {index:19;}">
                <Coords points="170,1050 1055,1057 1176,1050 1197,1005 170,1014"/>
                <Baseline points="177,1036 227,1037 278,1037 328,1037 379,1037 430,1037 480,1037 531,1037 582,1037 632,1037 683,1037 734,1037 784,1036 835,1036 886,1036 936,1036 987,1036 1038,1036 1088,1036 1139,1036 1190,1037"/>
                <TextEquiv>
                    <Unicode>similis impossibili, &amp;c. idest, &amp; ponere quod quaelibet pars eius copulet vnan¬</Unicode>
                </TextEquiv>
            </TextLine>
            <TextLine id="r3l23" custom="readingOrder {index:20;}">
                <Coords points="173,1091 1196,1083 1196,1052 1143,1044 173,1051"/>
                <Baseline points="179,1075 229,1075 280,1076 330,1076 381,1076 431,1076 482,1076 532,1076 583,1076 633,1076 684,1076 734,1075 785,1075 835,1075 886,1075 936,1075 987,1075 1037,1075 1088,1075 1138,1075 1189,1076"/>
                <TextEquiv>
                    <Unicode>quamque partem corporis, &amp; existit in ea, ferem videtur impossibile: intellectum</Unicode>
                </TextEquiv>
            </TextLine>
            <TextLine id="r3l24" custom="readingOrder {index:21;}">
                <Coords points="177,1122 935,1132 1196,1122 1196,1086 177,1092"/>
                <Baseline points="183,1114 233,1115 283,1115 333,1115 384,1115 434,1115 484,1115 535,1115 585,1115 635,1115 686,1114 736,1114 786,1114 836,1114 887,1114 937,1114 987,1114 1038,1114 1088,1114 1138,1114 1189,1115"/>
                <TextEquiv>
                    <Unicode>enim videtur impossibile attribui alicui membro corporis. Et debes sci¬</Unicode>
                </TextEquiv>
            </TextLine>
            <TextLine id="r3l25" custom="readingOrder {index:22;}">
                <Coords points="170,1161 1199,1162 1199,1132 1015,1124 170,1133"/>
                <Baseline points="176,1153 226,1153 277,1153 328,1153 379,1153 430,1153 480,1154 531,1154 582,1154 633,1153 684,1153 734,1153 785,1153 836,1153 887,1153 938,1153 988,1153 1039,1154 1090,1154 1141,1154 1192,1154"/>
                <TextEquiv>
                    <Unicode>re quod ista dubitatio non sequitur hoc, nisi quia non determinatur vtrum</Unicode>
                </TextEquiv>
            </TextLine>
            <TextLine id="r3l26" custom="readingOrder {index:23;}">
                <Coords points="168,1202 1198,1203 1176,1160 168,1163"/>
                <Baseline points="175,1193 225,1193 276,1193 327,1193 378,1193 429,1193 479,1193 530,1193 581,1193 632,1193 683,1193 733,1193 784,1193 835,1193 886,1193 937,1193 987,1193 1038,1193 1089,1192 1140,1192 1191,1192"/>
                <TextEquiv>
                    <Unicode>sit vnica secundum subiectum, &amp; plura secundum virtutes: ita quod diuisio</Unicode>
                </TextEquiv>
            </TextLine>
            <TextLine id="r3l27" custom="readingOrder {index:24;}">
                <Coords points="167,1242 1040,1250 1202,1242 1202,1205 167,1213"/>
                <Baseline points="173,1232 224,1231 275,1231 326,1231 377,1231 428,1231 479,1231 531,1231 582,1231 633,1231 684,1232 735,1232 786,1232 837,1232 889,1232 940,1232 991,1232 1042,1232 1093,1232 1144,1231 1196,1231"/>
                <TextEquiv>
                    <Unicode>animae in suas partes sit sicut pomi in odorem, colorem, &amp; saporem, aut</Unicode>
                </TextEquiv>
            </TextLine>
            <TextLine id="r3l28" custom="readingOrder {index:25;}">
                <Coords points="168,1278 1207,1282 1207,1244 1168,1238 168,1245"/>
                <Baseline points="175,1270 226,1270 277,1271 328,1271 380,1271 431,1271 482,1271 533,1271 585,1271 636,1271 687,1271 738,1271 790,1272 841,1271 892,1271 943,1271 995,1271 1046,1271 1097,1271 1148,1271 1200,1271"/>
                <TextEquiv>
                    <Unicode>est vna propter vnam naturam communem, &amp; plura, quia ista natura ha</Unicode>
                </TextEquiv>
            </TextLine>
            <TextLine id="r3l29" custom="readingOrder {index:26;}">
                <Coords points="173,1320 1203,1323 1203,1283 1133,1279 173,1278"/>
                <Baseline points="180,1311 230,1310 281,1310 332,1310 383,1310 434,1310 485,1310 535,1310 586,1310 637,1310 688,1311 739,1311 790,1311 841,1311 891,1311 942,1311 993,1311 1044,1311 1095,1310 1146,1310 1197,1309"/>
                <TextEquiv>
                    <Unicode>bet diuersas virtutes: ita quod diuisio animae in suas partes sit, sicut diuisio ge</Unicode>
                </TextEquiv>
            </TextLine>
            <TextLine id="r3l30" custom="readingOrder {index:27;}">
                <Coords points="170,1362 1025,1370 1198,1361 1198,1322 170,1324"/>
                <Baseline points="177,1349 227,1349 278,1349 329,1349 380,1349 430,1350 481,1350 532,1350 583,1350 633,1350 684,1350 735,1350 786,1350 836,1350 887,1349 938,1349 989,1349 1039,1349 1090,1349 1141,1350 1192,1350"/>
                <TextEquiv>
                    <Unicode>neris in species. Quoniam secundum hunc modum contingit dubitatio</Unicode>
                </TextEquiv>
            </TextLine>
            <TextLine id="r3l31" custom="readingOrder {index:28;}">
                <Coords points="178,1393 1197,1401 1178,1356 178,1362"/>
                <Baseline points="184,1387 234,1387 284,1388 335,1389 385,1389 435,1389 486,1389 536,1390 586,1390 637,1389 687,1389 737,1389 788,1389 838,1389 888,1389 939,1389 989,1389 1039,1389 1090,1389 1140,1389 1191,1390"/>
                <TextEquiv>
                    <Unicode>praedicta: sed, cum posuerimus eam vnicam secundum subiectum tantum,</Unicode>
                </TextEquiv>
            </TextLine>
            <TextLine id="r3l32" custom="readingOrder {index:29;}">
                <Coords points="168,1434 1207,1434 1207,1403 168,1407"/>
                <Baseline points="175,1426 226,1427 277,1427 328,1428 380,1428 431,1428 482,1428 533,1428 585,1428 636,1428 687,1428 738,1427 790,1427 841,1427 892,1427 943,1427 995,1427 1046,1427 1097,1427 1148,1428 1200,1428"/>
                <TextEquiv>
                    <Unicode>non contingit hoc. subiectum enim partium eius erit vnum tantum: &amp; </Unicode>
                </TextEquiv>
            </TextLine>
            <TextLine id="r3l33" custom="readingOrder {index:30;}">
                <Coords points="169,1483 836,1475 836,1450 775,1436 169,1444"/>
                <Baseline points="175,1465 207,1466 240,1466 273,1467 305,1467 338,1467 371,1467 403,1467 436,1467 469,1467 502,1467 534,1467 567,1467 600,1467 632,1467 665,1467 698,1467 730,1467 763,1467 796,1468 829,1468"/>
                <TextEquiv>
                    <Unicode>quaedam earum erunt subiectum quarundam.</Unicode>
                </TextEquiv>
            </TextLine>
            <TextLine id="r3l34" custom="readingOrder {index:31;}">
                <Coords points="214,1530 1193,1540 1186,1491 214,1493"/>
                <Baseline points="221,1523 269,1525 317,1526 365,1526 414,1527 462,1527 510,1528 559,1528 607,1528 655,1527 704,1527 752,1527 800,1527 848,1526 897,1526 945,1526 993,1526 1042,1526 1090,1527 1138,1527 1187,1528"/>
                <TextEquiv>
                    <Unicode>Videntur autem &amp; plantae decisae viuere: &amp; animalium quaedam</Unicode>
                </TextEquiv>
            </TextLine>
            <TextLine id="r3l35" custom="readingOrder {index:32;}">
                <Coords points="167,1579 1203,1577 1203,1547 1129,1540 167,1532"/>
                <Baseline points="173,1570 224,1570 275,1570 326,1570 377,1570 428,1569 479,1569 531,1569 582,1569 633,1569 684,1569 735,1569 786,1569 837,1569 889,1569 940,1569 991,1569 1042,1570 1093,1570 1144,1570 1196,1570"/>
                <TextEquiv>
                    <Unicode>incisorum, tanquam eandem habentia animam specie, &amp; si non nume</Unicode>
                </TextEquiv>
            </TextLine>
            <TextLine id="r3l36" custom="readingOrder {index:33;}">
                <Coords points="166,1628 1202,1619 1202,1583 166,1588"/>
                <Baseline points="173,1611 224,1611 275,1612 326,1612 377,1612 428,1612 479,1612 530,1612 581,1612 632,1612 684,1612 735,1611 786,1611 837,1611 888,1611 939,1611 990,1610 1041,1610 1092,1610 1143,1610 1195,1609"/>
                <TextEquiv>
                    <Unicode>ro: vnaquaeque quidem enim partium sensum habet &amp; mouetur se</Unicode>
                </TextEquiv>
            </TextLine>
            <TextLine id="r3l37" custom="readingOrder {index:34;}">
                <Coords points="172,1666 730,1666 718,1628 172,1628"/>
                <Baseline points="178,1656 205,1656 232,1655 259,1655 287,1654 314,1654 341,1654 369,1654 396,1654 423,1654 451,1654 478,1654 505,1654 532,1654 560,1654 587,1654 614,1654 642,1654 669,1654 696,1654 724,1654"/>
                <TextEquiv>
                    <Unicode>cundum locum in quoddam tempus.</Unicode>
                </TextEquiv>
            </TextLine>
            <TextLine id="r3l38" custom="readingOrder {index:35;}">
                <Coords points="215,1708 1200,1706 1208,1675 214,1674"/>
                <Baseline points="221,1698 270,1698 319,1698 368,1699 417,1699 466,1699 515,1699 564,1699 613,1699 662,1699 711,1699 760,1699 809,1699 858,1699 907,1699 956,1699 1005,1699 1054,1698 1103,1698 1152,1698 1201,1698"/>
                <TextEquiv>
                    <Unicode>videntur etiam plantae, si secentur, uiuere, &amp; animalium nonnulla</Unicode>
                </TextEquiv>
            </TextLine>
            <TextLine id="r3l39" custom="readingOrder {index:36;}">
                <Coords points="165,1762 1196,1755 1196,1725 1129,1707 165,1723"/>
                <Baseline points="172,1748 222,1747 273,1747 324,1747 375,1747 426,1747 477,1747 528,1747 579,1747 630,1748 681,1748 731,1747 782,1747 833,1747 884,1747 935,1747 986,1747 1037,1747 1088,1746 1139,1746 1190,1746"/>
                <TextEquiv>
                    <Unicode>infectorum, utpote quae eandem specie animam habeant, tametsi non nu</Unicode>
                </TextEquiv>
            </TextLine>
            <TextLine id="r3l40" custom="readingOrder {index:37;}">
                <Coords points="162,1811 1201,1802 1192,1773 967,1756 162,1772"/>
                <Baseline points="168,1796 219,1796 270,1795 321,1795 373,1795 424,1795 475,1795 527,1795 578,1795 629,1796 681,1796 732,1796 783,1796 834,1796 886,1796 937,1796 988,1796 1040,1796 1091,1795 1142,1795 1194,1794"/>
                <TextEquiv>
                    <Unicode>mero: Vtraque enim partium sensum habet, &amp; aliquandiu loco mouetur.</Unicode>
                </TextEquiv>
            </TextLine>
            <TextLine id="line_1610060913941_257" custom="readingOrder {index:38;}">
                <Coords points="208,1875 728,1852 800,1884 1205,1875 1205,1827 208,1828"/>
                <Baseline points="214,1861 240,1861 266,1862 292,1862 318,1862 345,1862 371,1863 397,1863 423,1863 450,1863 476,1863 502,1863 528,1863 554,1863 581,1863 607,1862 633,1862 659,1861 686,1860 799,1865 825,1864 852,1863 878,1863 905,1862 932,1862 958,1862 985,1862 1011,1863 1038,1863 1065,1863 1091,1863 1118,1863 1144,1863 1171,1862 1198,1862"/>
                <TextEquiv>
                    <Unicode>Et nos videmus plantas viuer, , cum diuiduntur: &amp; simi¬</Unicode>
                </TextEquiv>
            </TextLine>
            <TextLine id="r3l43" custom="readingOrder {index:39;}">
                <Coords points="165,1917 1194,1914 1194,1883 1109,1873 165,1868"/>
                <Baseline points="171,1905 221,1905 272,1905 323,1906 374,1906 425,1906 476,1906 526,1906 577,1906 628,1906 679,1906 730,1906 781,1906 832,1906 882,1906 933,1906 984,1905 1035,1905 1086,1905 1137,1905 1188,1905"/>
                <TextEquiv>
                    <Unicode>liter quaedam animalia annulosa, quasi anima sit in eis vna secun¬</Unicode>
                </TextEquiv>
            </TextLine>
            <TextEquiv>
                <Unicode>Quin etiam de eius partibus quaerat quispiam, quam quaeque habeat:
in corpore potentiam. si enim tota anima totum corpus continet, conue
nit etiam ut pars quaeque partem aliquam corporis contineat. quod simi
le est impossibili. Quam nanque partem uel quomodo intellectus contine
bit, uel fingere difficile est.
Et debet homo dubitare de partibus eius, &amp; quaerere quae virtus
dat cuilibet parti corporis esse. Qm, si tota anima copulat totum
corpus, oportet vt vnaquaeque partium copulet vnaquamque partem
corporis. Et iste sermo est similis impossibili. difficile est enim &amp; 
etiam in fingendo dicere quam partem copulat intellectus, &amp; quo.
Cum declarauit quod contingit dicentibus animam esse diuisibilem om¬
nibus modis, vt sit vna, secundum quod est anima, &amp; diuisibilis, secundum quod habet
actiones diuersas, dedit dubitationem super hoc, &amp; d. Et debet homo du¬
bitare de partibus eius, cum fuerit opinatus eam habere partes secundum
hunc modum, scilicet vt sit diuisibilis vno modo, &amp; vnica alio modo. &amp; 
quaerere quae virtus dat cuilibet istarum partium corporis continuationem,
Necesse est enim si tota anima copulat totum corpus, secundum quod est in 
eo secundum totum, vt vnaquaeque partium eius sit in vnaquaque parte cor¬
poris, ita quod copulet ipsum, secundum quod est in eo. D.d. Et iste sermo est
similis impossibili, &amp;c. idest, &amp; ponere quod quaelibet pars eius copulet vnan¬
quamque partem corporis, &amp; existit in ea, ferem videtur impossibile: intellectum
enim videtur impossibile attribui alicui membro corporis. Et debes sci¬
re quod ista dubitatio non sequitur hoc, nisi quia non determinatur vtrum
sit vnica secundum subiectum, &amp; plura secundum virtutes: ita quod diuisio
animae in suas partes sit sicut pomi in odorem, colorem, &amp; saporem, aut
est vna propter vnam naturam communem, &amp; plura, quia ista natura ha
bet diuersas virtutes: ita quod diuisio animae in suas partes sit, sicut diuisio ge
neris in species. Quoniam secundum hunc modum contingit dubitatio
praedicta: sed, cum posuerimus eam vnicam secundum subiectum tantum,
non contingit hoc. subiectum enim partium eius erit vnum tantum: &amp; 
quaedam earum erunt subiectum quarundam.
Videntur autem &amp; plantae decisae viuere: &amp; animalium quaedam
incisorum, tanquam eandem habentia animam specie, &amp; si non nume
ro: vnaquaeque quidem enim partium sensum habet &amp; mouetur se
cundum locum in quoddam tempus.
videntur etiam plantae, si secentur, uiuere, &amp; animalium nonnulla
infectorum, utpote quae eandem specie animam habeant, tametsi non nu
mero: Vtraque enim partium sensum habet, &amp; aliquandiu loco mouetur.
Et nos videmus plantas viuer, , cum diuiduntur: &amp; simi¬
liter quaedam animalia annulosa, quasi anima sit in eis vna secun¬</Unicode>
            </TextEquiv>
        </TextRegion>
    </Page>
</PcGts>
