1416 2066
166 183 1211 243 figuris tum in animatis: ut in quadrato triangulus, in sensitiuo nutriti¬
176 237 1218 291 uum. Quare sigillatim quaeredum, quae cuiusque sit anima, uerbi gratia quae
175 283 1216 333 plantae quaeue hominis uel bestiae. cur autem deinceps sic se habeant, con
179 333 1214 381 siderandum est. nam sine nutritiuo, sensitiuum non est: a sensitiuo autem
176 369 1213 428 separatur nutritiuum in plantis: rursus sine tactiuo nullus aliorum est
178 419 1211 481 sensuum: tactus uero sine aliis est: pleraque enim animalia neque, uisum
183 467 922 524 neque, auditum nec odoris plane sensum fortita sunt.
226 517 1210 563 Et dispositio in anima, similis est dispositioni in figuris. inuenitur,
179 564 1210 611 eni semper in potentia in figuris, & in rebus animatis praecedens in
191 610 1214 644 consequente. v. g. triangulus in quadrato, & nutritiuum sensibili.
184 644 1207 687 Oportet igitur quaerere in quolibet quod est secundum suam definitionem: v. g.
184 692 1207 738 anima plantae quid est, & anima bruti quid est. Et oportet quaerere qua de
186 727 1208 772 causa sunt talis dispositionis ex consequentibus cum sensibile non sit si¬
186 772 1216 811 ne nutritiuo: sed sensibile separatur in plantis. Et etiam nullus aliorum
185 812 1218 859 sensuum sit extra tactum: sed tactus est extra. alios sensus. multa enim
185 859 1222 900 viua non habent visum, neque auditum, neque odoratum, neque
178 897 425 938 alium sensum.
165 1468 1207 1515 Cum declarauit quod definitio animae est similis definitioni figurae, ineoe
185 1509 1203 1560 pit declarare modum consimilitudinis & demonstrare cuius naturae na¬
182 1553 1203 1595 turarum definitionum sit, & d. Et dispositio in anima similis est, &c. i. &
177 1591 1210 1636 dispositio in rebus, quae continentur in definitione animae est, sicut dif¬
188 1628 1200 1675 positio in rebus, quae continentur in definitione figurae. quemadmodum
179 1661 1205 1706 enim inuenitur in figuris prius & posterius: & prius existit in potentia in
179 1705 1200 1751 posteriori: ita est de virtutibus animae. verbi gratia in figuris quidem tri
177 1743 1207 1786 angulus est prior quadrato, & triangulus existit in potentia in quadrato.
188 1780 1209 1819 & ideo, si quadratum est, triangulus est, & non e conuerso. & simi¬
176 1820 1212 1857 liter in virtutibus animae. nutritiuum enim prius est sensibili et existit
177 1856 1192 1899 in eo in potentia, & si sensibile est, nutritiuum est, & non econuerso.,
