1416 2066
276 155 1321 202 tibilis sit, & nullam habeat differentiamus peam si est motiua & mo¬
291 200 680 252 bilis, differre eam oportet.
339 252 1313 298 Et magis remotus a ratione est sermo, qui dicit animam esse nu
292 294 1314 337 merum mouentem se. contingunt enim hoc dicenti multa impos¬
292 335 1304 379 bilia. & primo ea, quae contingunt dicenti animam moueri: & po
289 380 1312 419 stea quae contingunt ex dicere eam esse numerum. Nescimus enim
288 420 1313 474 quomodo intelligimus vnitatem motam, & a quo mouetur, &
297 460 1058 523 quomodo mouetur: igitur oportet vt diuersetur.
328 524 1304 563 Cum compleuit contradictionem ad vtentes motu tantum in defini¬
290 565 1305 610 tione animae, incoepit contradicere eis, qui cum motu vtuntur numero, &
290 601 1306 643 dixit. Et magis remotus, &c. i. & iste sermo in anima est minoris sufficien
295 641 1305 684 tiae omnium sermonum scilicet sermo dicentis animam esse numerum se mo¬
297 684 1304 721 uentem. contingunt enim ei multa impossibilia. & primo illa, quae con¬
297 722 1310 763 tingunt dicenti animam esse aliquod mouens se: & postea ea, quae contin
288 757 1313 808 guut. quia ponunt eam esse numerum mouentem se. D.d. Nescimus, &c.
293 797 1314 842 idest nescimus enim quomodo intelligitur vnitas semper mota. omne enim mo¬
295 833 1318 877 tum habet situm: & vnitas non habet situm. Et similiter impossibile est etiam
289 875 1314 919 intelligere quno mouetur, quousque diuidatur in aliquod motum, & in ali¬
289 913 1310 956 quod mouens, secundum quod diuiditur illud, quod mouet se. vnitas enim in se non
292 954 1305 1001 diuiditur. Et simtiliter etiam impossibile est intelligere quomodo mouetur, quoniam illud,
292 995 1304 1040 quod non diuiditur, non mouetur. vt declaratum est. D.d. igitur opor¬
287 1029 1308 1075 tet vt diuersetur idest si est aliquis modus, secundum quem mouetur, & alius, secundum
291 1068 1313 1113 quem mouet, oportet vt isti modi diuersentur: & sic erit diuisibilis secundum in
291 1108 1046 1146 tentionem. vnitas autem non diuiditur aliquo modo.
334 1163 1307 1215 Amplius autem, quoniam dicunt lineam motam facere planum,
288 1203 1314 1259 punctum autem lineam: & vnitatum motus, lineae erunt: punctus
285 1259 1309 1292 enim est vnitas positionem habens: numerus autem animae iam ali¬
292 1291 1310 1340 cubi est, & positionem habet. Amplius autem a numero si auferat
294 1332 1309 1378 quis numerum aut vnitatem, relinquitur alius numerus: plantae autem
285 1377 1293 1415 & animalium multa, diuisa viuunt & videntur eandem animam hbere specie.
335 1415 1311 1459 Item quia dicunt motam liueam planum facere: punctum vero li¬
290 1476 1307 1522 neam: & vnitatum etiam motus erunt lineae. punctum enim vnitas
285 1508 1302 1562 est positionem habens. numerus vero animae alicubi tandem est, & po
292 1556 1302 1603 sitionem habet. Item si a numero quispiam numerum vel vnitatem au¬
287 1596 1313 1661 ferat, relinquitur alius numerus: at uero plantae & pleraque animalium,
287 1652 1225 1715 si secentur, viuunt, & eandem specie habere animam videntur.
325 1701 1305 1756 Et etiam, cum dicunt quod, cum linea mouetur, faciet superficiem,
288 1741 1307 1795 & punctus lineam. punctus enim est vnitas habens situm, sicut nu
286 1795 1307 1835 merat animam in situ, & habet situm. Et etiam, si de numero di¬
284 1835 1304 1880 minuitur numerus, aut vnitas, remanebit alter numerus. & plan¬
