1416 2066
205 187 1236 235 inferius, tunc hoc, quod accidit plantis scilicet quod inferius in eo est inferius mun
200 235 1240 275 di, non accidit nisi casualctur, non quia habent eaudem naturam: ita quod ad in
201 273 1241 331 ferius in plantis mouetur pars grauis, & ad superius leuis. quoniam, si ita.
203 311 1235 355 esset, tunc neque superius, neque inferius haberet animal: neque natura su¬.
203 352 1232 401 perioris, & inferioris in plantis, & animalibus esset eadem. Et. d. quod poten
204 389 1225 436 tia capitis in animalibus est potentia radicis in plantis. quia hoc est princi
205 428 1233 480 pium eius, per quod animal est anima, scilicet sensus. hoc autem est principium
205 467 1223 508 eius, per quod plantae sunt plantae scilicet cibi qui per radices attrahuntur. & ide
204 508 1064 546 si caput ex animali, & radix ex plantis abscinditur, depereunt.
244 563 1224 611 Adhuc autem quid est continens in contraria quae feruntur
201 604 1240 652 lignem & terramedistrahentur enim nisi aliquid sit prohibens. si
206 651 1071 698 uero erit, hoc est anima, & causa alimenti & augmenti.
250 714 1236 771 Ad haec quid est quod continet dum ad contrarias partes feruntur
208 756 1237 815 ignem & terramus distrahentur enim nisi aliquid fuerit quod sit prohi
205 812 1233 867 biturum: quod si erit, id ipsum est anima, & causa cur res augescant
197 852 395 906 & alantur.
243 900 1242 947 Et postea quid est illud, quod retinet ignem, & terram, cum mo¬
203 944 1229 987 ueatur ad partes contrarias. sunt enim veloces ad separationem,
209 970 1241 1035 nisi aliquid prohibeat. Et, si illic fuerit aliquod prohibens, illud
201 1029 1238 1082 prohibens debet esse causa, vel anima, & causa in augmento, &
203 1071 414 1115 nutrimento.
240 1131 1236 1171 Et si concesserimus quod natura superioris, & inferioris in plantis est na¬
196 1172 1232 1210 tura superioris, & inferioris in mundo, & quod pars ignea mouetur in plan¬
211 1213 1234 1250 tis ad superius, & terrestris ad inferius: & nos videmus quod eadem pars mo¬
204 1250 1235 1291 uetur ad superius, & ad inferius insimul: videmus enim quod quaelibet pars
212 1288 1231 1341 potentiae sensibilis, & quodlibet membrum mouetur ad vtranque partem
207 1333 1232 1375 insimul: si igitur posuerimus quod illa pars sit vnica, scilicet quae mouetur ad vtramque
210 1365 1234 1417 partem: tunc principium, per quod mouetur istis duobus motibus insi¬
207 1411 1239 1451 mul, est vnicum principium. Istud igitur principium habet potentiam vt
209 1450 1242 1496 moueatur ad vtranque partem insimul: quod non est in elementis: quoniam
213 1492 1236 1536 vna pars eorum non habet nisi vnicum motum, siue fuerit simplex, siue
212 1531 1239 1564 composita. Quoniam, si fuerit composita ex eis, mouebitur secundum esntum
214 1563 1237 1603 dominans. Et, si partes, quae mouentur in illa eadem parte in sensu, aut na
215 1602 1234 1642 tura, ad superius, sint aliae a partibus, quae mouentur in illa parte ad infe¬
208 1650 1236 1692 rius, tunc illae partes necessario sunt distinctae ab inuicem, aut quia sunt sini
214 1679 1238 1730 plices, aut quia illud, quod dominatur in eis, quae mouentur ad infe¬
212 1719 1231 1767 rius de corporibus simplicibus, est aliud ab illo, quod dominatur in eis, quae
205 1761 1234 1803 mouentur ad superius. Et, si ita sit, quid est illud, quod retinet ignem, &
207 1803 1238 1843 terram, aut partem igneam, & terrestrem: cum non possumus dicere quod haec
213 1836 1231 1883 duo sint admixta. quondam, si essent admixta, mouerentur ad eaudem partem,
209 1876 1241 1922 scilicet dominantis. Et, si ita esset, cito separarentur, nisi aliquid prohibe¬
