1416 2066
221 213 727 251 impedit ipsum intelligere formas
229 249 379 291 materiales.
262 285 730 338 Propositio autem, dicens quod rocipiens
228 324 727 377 nihil debet habere in actu ex eo, quid
221 360 721 402 recipit, non dicitur simperiur, sed cum conditio
222 405 725 450 ne, scilicet quod non est necesse vt recipiens non
228 441 726 490 sit aliquid in actu omnino, sed vt non sit
230 481 719 522 in actu aliquid ex eo, quid illud reci
222 518 731 569 pit, sicut pdiximus. Immo debes
226 557 729 613 scire quod respectus intellectus agentis
222 596 724 642 ad istum intellecndum est respectus lucis
227 634 721 689 ad diaphanum: & respectus forma¬
224 677 715 724 rum materialium ad ipsum est respecti
212 716 725 769 coloris ad diaphanum. Quemadmo¬
225 756 729 808 dum enim lux est perfectio diaphani, sic
227 796 723 847 intellectus agens est perfestio intellus
230 836 728 879 materialis. Et, quemadmodum in dia
222 873 718 925 phanum non mouetur a colore, ne
225 911 727 956 que recipit eum, nisi quando lucet, ita iste
227 955 717 996 intellectus non recipit intellecta, q&u
222 992 728 1034 sunt hic, nisi secundum quod perficitur per illum
229 1031 720 1074 intellecndum, & illuminatur per ipsum,
222 1071 727 1114 Et, quemadmodum lux facit colorem in
226 1116 718 1163 potentia esse in actu, ita quod possit mo
233 1154 728 1195 uere diaphanum, ita intellectus agens
225 1187 713 1240 facit intentiones in potentia intelle
223 1228 727 1282 ctas in actu, ita quod recipit eas intellus
227 1269 725 1315 materialis. secundum hoc igitur est intelli¬
230 1304 725 1357 gendum de intellectu materiali, &
227 1356 340 1397 agente.
271 1388 729 1427 Et, cum intellus materialis fuerit
227 1426 726 1466 copulatus, secundum quod perficitur per intel
223 1463 725 1515 lectum agentem, tunc nos sumus co¬
227 1501 729 1555 pulati cum intellectu agente. & ista
225 1540 726 1586 dispositio dicitur adeptio, & intellect
222 1580 725 1626 adeptus, vt post videbitur. Et iste
224 1625 723 1673 modus, secundum quem posuimus essentiam
227 1660 717 1699 intellectus materialis, dissoluit om¬
227 1700 718 1739 nes quodones contingentes huis, quod po¬
225 1742 719 1778 nimus, quod intellectus est vnus & mul
222 1786 730 1821 ta. quoniam, si res intellecta apud me, &
229 1817 725 1859 apud te fuerit vna omnibus modis,
231 1859 725 1904 continget quod, cum ego scirem aliquod
755 205 1255 258 tellectu agente, nihil vtique obest eis
754 246 1259 298 neque ipsum impedit, quin possit in¬
763 285 1255 331 telligere formas materiales. Illa vero
762 325 1260 376 ppositio, quae dicit quod in ipso, recipiente
755 365 1255 410 nihil det actu reperiri eius, quod re¬
762 410 1265 458 cipit, non debet intelligi sic simpesitur &
755 444 1258 486 absolute, sed cum conditione: videlicet,
754 486 1259 531 quod non est necessarium vt ipsum reci
764 525 1255 570 piens nihil sit actu absolute omnino, sed
765 565 1257 610 uod non sit actu aliquid eius, quod recipit,
761 600 1264 643 vt superius diximus, Sed scire debes
759 638 1257 691 quod eadem est ratio ipsius intellectus agen¬
757 677 1260 722 tis ad hunc intelsecundum, quae est ipsius lumi
756 717 1255 759 nis ad ipsum diaphanum. Nam quemad
761 763 1257 802 modum lumen est perfectio, & actus ip¬
754 797 1255 851 sius diaphanim, ita intellectusagens est actus
762 836 1256 882 psius intellectus materialis. Et quemad
755 873 1259 928 modum ipsum diaphanum non mouet
755 914 1257 962 a colore, neque recipit ipsum, nisi ad¬
756 951 1257 994 fuerit ibi lumen, ita intellectus s non reci¬
756 992 1251 1039 pit haec intelligibilia, nisi perficiatur ab
756 1030 1261 1073 illo intellectu, ab eoque illuminetur.
757 1072 1259 1114 Et quemadmodum lumen reddit colo¬
754 1110 1261 1154 rem, qui potentia existit, colorem actu, ita
755 1156 1253 1197 vt possit mouere diaphanum, ita quo
761 1186 1261 1243 que intellects agens reddit ipsos concer¬
765 1229 1263 1279 ptus & intentiones, quae sunt in po¬
759 1271 1263 1322 tentia actu intelligibiles, ita vt intellectu
760 1316 1255 1346 materialis recipiat ea. & hoc modo
756 1349 1263 1399 dent intelligi hoc negocium scilicet ipsius in
759 1385 1259 1439 tellectus materialis, & agentis. Et, cum in
759 1428 1259 1467 tellectus materialis fuerit communiunctus
761 1465 1261 1514 nobis, & copulatus pro ratione, qua per¬
758 1506 1257 1554 ficitur ab ipso intellus apente, tunt nos
756 1533 1256 1586 sumus copulati cum intessu agente. &
758 1582 1257 1627 haec res seu aptitudo, & dispositio
759 1621 1259 1673 nominatur vocatuque habitus, seu ade
762 1660 1254 1710 ptio, aut intellectus adeptus, ut post
754 1704 1255 1749 hoc mostrabitur. Et hac ratione, qua ex
765 1738 1255 1783 osuimus subiam ipsius intellectus ma¬
759 1777 1257 1832 terialis, soluentur omnia dubia, quae insurge
763 1817 1259 1867 bant contra id, quod diximus, ipm
756 1855 1253 1906 intellecundum esse vnum & plures. pro¬
