1416 2066
245 179 1246 235 lam igitur diximus quid est anima vniversaliter, & est substantia secundum hanc,
199 222 1232 266 intentionem scilicet secundum illud, quod hoc corpus est. Quod est, quemmad¬
208 268 1225 323 modum si aliquod instrumentum esse: corpus naturale, vt securis,
202 307 1235 355 tunc acumen securis esset substantia, & est anima secundum hanc inten¬
208 348 1237 398 tionem. & similiter istud, cum abstractum est, non erit securis post
201 393 1231 442 nisi aequiuoce. materia autem erit post securis. anima enim non est
201 436 1239 483 quidem talis corporis, & intentio eius, sed corporis talis naturalis
200 475 673 523 habentis principium motus.
241 531 1230 579 Cum praedixit quod anima est substantia, deinde declarauit quod est for¬
205 571 1239 619 ma, & perfectio, incoepit hic inducere modum, per quem potest accidere
209 610 1241 649 certitudo, quod formae naturales sint substantiae. & hoc est necessarium in hoc
203 650 1239 691 loco. Et d. Iam igitur diximus, &c. idest declaratum est igitur ex hoc, quid
210 688 1229 739 dixit, quid est anima vniuersaliter. & secundum quod dixit in hac definitio¬
202 727 1225 772 ne, anima est substantia secundum intentionem, per quam dicimus in rer
201 772 1227 817 per quam hoc corpus naturale est substantia, non alio modo. Deinde di
199 805 1234 851 xit exemplum de corporibus artificialibus, & fecit differentiam in hoc in
206 845 1233 891 ter corpora naturalia, & artificialia. Essentiae enim rerum artificialium sunt
208 884 1226 923 tactus. & ideo existimauerunt quidam quod ita est de essentiis corporum na¬
201 930 1236 971 turalium. Et d. quemadmodum, si aliquod instrumentum, &c. idest &
201 963 1234 1003 formae, & essentiae corporum naturalium sunt substantiae. quoniam, quem
201 1010 1234 1051 admodum si aliquod, instrumentum esset corpus naturale, vt securis, i.
198 1045 1228 1091 si imaginati fuerimus ipsum esse ens naturale, tunc acumen securis esset
200 1082 1233 1123 substantia eius. Deinde dedit rationem super hoc, & d. & similiter istud
204 1121 1234 1163 cum abstractum est, &c. i. & necesse est in securi, si esset ens naturale, vt eius
203 1159 1237 1203 acumen esset substantia. Securis enim non dicitur nisi illud, quod congre¬
200 1204 1230 1246 gatum est ex materia, scilicet ferro, & forma, quae est acumen. &, isi acumen au¬
206 1236 1236 1277 feratur, & esset securis corpus naturale, tunc securis non esset: quia mate¬
211 1276 1239 1315 ia, & forma non esset, nisi diceretur securis aequiuoce. &, illud, pro cuius
207 1315 1227 1355 ablatione aufertur haec substantia, est substantia: est enim pars eius. pars
203 1356 1228 1404 autem substantiae est substantia. Deinde dicit: materia autem erit post
205 1392 1235 1435 securis. i. materia autem, quia securis est corpus artificiale, licet acumen sit
212 1435 1227 1477 ablatum ab eo, tamen post dicetur securis per suam figuram. figura enim,
207 1479 1228 1524 quae propria est ei, eadem est in ea cum acuitate, & fine. Et hoc, quod d.
211 1510 1239 1555 manifestabitur ex hoc, quod dico. Manifestum est enim per se quod hoc no¬
213 1549 1231 1589 men securis, siue fuerit naturale, siue artificiale, dicitur de illo congrega¬
207 1593 1234 1635 to ex illo, quod est quasi forma in eo, & ex eo, quod est quasi materia. Et
213 1628 1229 1669 etiam manifestum est per se quod securis dicitur de aliquo indiuiduorum
202 1668 1240 1713 substantiae. Et sic necesse est vt hoc nomen, quod dicitur de eo, secundum quod est
208 1708 1239 1754 indiuiduum substantiae, sit dictum de eo secundum materiam, & formam insimul.
211 1745 1236 1786 vnde necesse est vt vtrunque sit substantia. partes enim substantiae sunt sub
202 1788 1233 1827 stantia. Et sic necesse est, cum suerit forma ablata, vt hoc nomen auferatur
207 1828 1232 1867 ab ea, scilicet nomen, quod demonstrat ipsum, secundum quod est indiuiduum. Aut
207 1864 1226 1907 dicamus quod hoc nomen non dicitur de eo nisi secundum materiam tantum,
