1416 2066
197 172 1259 215 corpus enim non perficitur per corpus, cum corpus non sit innatum, vt sit
210 211 1247 260 in subiecto. Et hoc intendebat, cum dixit, corpus autem non est, sed est
210 268 1241 307 perfectio corporis. quoniam autem est corpus, secundum quod est perfectio non est pos
214 295 1241 339 sibile, sed existit in corpore. D.d. Et propter hoc est in corpore, &c. idest
208 336 1247 378 & ex hoc modo, quem dedimus in substantia animae, possibile est dare cau
217 373 1238 414 sam, propter quam anima existit in corpore, & corpus recipiens eam est tale
209 415 1237 460 non ex illo modo, quem dederunt Antiqui in substantia animae, cum di¬
217 452 1241 490 xerunt quod est corpus, & quod intrat aliud corpus, & non determinauerunt quae
211 492 1248 532 natura est, natura illius corporis, & quare habuit proprium, vt esset anima
215 529 1248 571 tum absque aliis corporibus, & ex quo modo fuit consimilitudo inter haec
216 570 1245 611 duo corpora, scilicet quod vnum recipit alterum, cum non quodcunque recipit quod¬
210 607 1254 651 cunque. Necesse est enim istis hominibus dare causam, propter quam hoc
214 652 1251 690 corpus recipit illud corpus, quod est anima. & necesse est eis dicere, quare
215 685 1240 731 hoc corpus, quod est anima, existit proprie in hoc corpore, & non in aliis,
236 725 1244 763 Et hoc intendebat, cum d. absque determinatione illius corporis, quod corpus
198 763 1237 803 sit, scilicet receptum, & cuiusmod, scilicet recipiens. Et d. hoc, quia definitiones
216 803 1245 843 demonstratiuae innatae sunt dare causas omnium, quae videntur in defi¬
211 844 933 882 nito. &, si definitio non erit talis, non erit definitio.
468 915 993 947 SVMMA SECVNDA.
333 956 1124 1006 De Animae potentiis, eorum ordine, ac quo pacto definiri debeant.
370 1012 1239 1066 Otentiarum autem animae, quae dictae sunt, aliis quidem
382 1066 1236 1106 insunt omnes, aliis vero quaedam harum, quibusdam
374 1108 1248 1147 vero vna sola. potentias vero dicimus, vegetatiuum, sen
355 1160 1247 1195 sitiuum, appetitiuum, motiuum secundum locum, intellectiuum.
207 1189 1246 1236 In est autem plantis vegetatiuum solum: alteris autem hoc, &
204 1232 1243 1274 sensitiuum: si autem sensitiuum & appetitiuum: appetitus qui¬
205 1276 1238 1316 dem enim desiderium, & ira, & voluntas sunt: Animalia autem
207 1316 1240 1358 omnia habent vnum sensuum, tactum. cui autem sensus inest, huic
205 1360 1243 1404 & laetitia & tristitia, & dulce, & triste: quibus autem haec, & concupi¬
203 1400 846 1446 scentia: delectabilis enim appetitus haec.
261 1460 1245 1507 potentiae porto animae quas commemorauimus, in aliis insunt om¬
213 1508 1245 1569 nes: in alus nonnullae earum: in aliquibus una duntaxat. potentias autem
210 1556 1248 1603 diximus, nutritiuum, sensitiuum, appetitiuum, motiuum motu loci, dia
204 1612 1240 1660 noeticum. ac plantis quidem adest tantum modo nutritiuum: aliis autem,
210 1667 1244 1715 tum hoc, tum etiam sensitiuum: quod si sensitiuum, & appetitiuum
208 1700 1245 1754 etiam: appetitus enim cupiditas est, & ira & uoluntas: cuncta autem
206 1764 1244 1811 animalia unum habent ex sensibus, tactum. cui autem sensus inest huic
207 1812 1244 1864 & uoluptas & dolor, & iucundum & molestum: in quibus autem haec
207 1855 1053 1915 insunt, & cupiditas inest: haec enim est appetitus iucundi.
