1416 2066
228 196 1270 243 autem neque cognoscere existit in anima, quia est ex elem etis: neque
226 230 824 283 inoueri dicitur recte, manifestum est.
266 301 1261 353 Cum numerauit impossibilia contingentia huic opinioni, dedit cauam,
231 344 1263 386 ex qua existimarunt elementa esse animata, & destruxit eam, & d. Et vi¬
224 381 1263 435 dentur existimare, &c. i. & videntur opinari quod anima est in elementis: quia
228 427 1260 472 vnum iudicium habet totum, & pars in recipiendo animam. D.d. Oportet
228 462 1268 507 igitur eos dicere, &c. i. sed, cum posuerint quod idem iudicium habet totum
227 506 1253 546 & pars elementorum in recipiendo animam, oportet eos ponere quod natura a¬
226 539 1260 580 nimae vniversalis, & forma eius est sicut forma partium scilicet quod iudicium vniversalis in sua
233 580 1260 620 natura, & particularis idem est. Et declarauit hoc, cum dedit causam, pro¬
232 620 1260 667 pter quam opinati sunt quod pars elementorum est animata, & quod propter hoc
227 660 1256 699 debet esse torum animatum, & d. cum animal non sit habens animam, &c.
230 698 1257 747 i. & opinati sunt, quod pars elementorum est animata, quia viderunt quod
221 735 1259 773 animal non fit animatum, nisi quando in corpus intrauerit apud anhelitum ali¬
234 773 1260 824 quid aeris continentis: & ideo opinantur quod ista pars aeris, quae est in
223 814 1260 859 corpore animalium, est animata. Et, quia natura partis est talis necesse est
227 854 1257 893 vt natura totius sit talis. Et ordo verborum debet esse talis. & vnditur existi¬
228 893 1255 934 mare quod anima existat in istis. i. in elementis scilicet quod forma totius, &
229 933 1256 981 partis est idem: sed pars est animata: opinantur enim quod animal non fit ani¬
223 972 1261 1021 matum nisi per aerem, qui concluditur in eo: ideo oportet eos dicere quod
225 1010 1252 1047 forma animae vniversalis est sicut forma particularis. i. quod natura animae vniuer¬
221 1052 1256 1090 salis, quae est in elementis, & particularis, quae est in animalibus, est eadem.
255 1089 1256 1131 Et, cum narrauit hoc, incoepit declarare modum, secundum quem contingit eis,
218 1128 1261 1171 & d. Si igitur aer, cum separatur, &c. i. si igitur aer, cum diuiditur, est consimi
226 1168 1255 1209 lis formae scilicet quod natura partis, & totius est eadem: & anima, quae est in ele¬
228 1211 1257 1251 mentis, cum diuiditur per diuisionem elementorum, non est consimilium
227 1251 1263 1296 partium: quoniam illud, quod existit ex ea in parte scilicet in animalibus, est mortale, &
225 1292 1256 1337 quod existit ex ea in toto, est non mortale: manifestum est quod pars, quae
227 1331 1259 1378 existit ex ea in toto, alia est ab ea, quae existit in parte. ergo necesse est, aut
223 1362 1259 1402 vt in anima, quae est in toto, sit similis animae, quae est in parte, si posueri¬
227 1404 1264 1444 mus quod totum, & pars habent idem iudicium in recipiendo animam aut, vt
221 1445 1258 1486 ponamus quod iudicium totius, & partis in recipiendo animam non est idem: &
224 1483 1252 1531 illud, quod sequitur ponere eorum scilicet quod anima, quae est in toto, est no¬
224 1519 1256 1564 bilior ea, quae est in parte. Et hoc posito,: destruitur argumentum eorum
221 1558 1252 1607 per hoc, quod anima existit in toto, quia existit in parte. quoniam, cum natura ani¬
226 1595 1257 1642 mae fuerit diuersa, diuersabitur etiam natura recipientis. vnde necesse est,
228 1634 1263 1676 sicut d. vt non quaelibet pars eius recipiat animam mortalem, sed partes pro
236 1676 1257 1726 riae. iudicium igitur totius, & partis non est idem. Et debes scire quod
229 1713 1256 1763 hoc contingit necessario dicentibus elementa esse non animata: & quod
221 1755 1247 1799 est ex eis in animalibus est animatum, scilicet contingit eis dare causam,
232 1785 1268 1843 propter quam fuit ita, sicut contingit hoc dicentibus elementa animata, sed
231 1835 1266 1878 per animam nobiliorem anima existenti in animalibus. Sed causa data a
226 1870 1268 1915 dicentibus elementa esse non animata non potest esse data a dicentibus ea
