1416 2066
187 179 1241 234 augmentum accidit in plantis. in hoc autem, quod ramificatur per
198 227 1245 268 radices inferius, fit per motum ipsius terrae naturaliter ad istam
199 268 1241 323 partem: & hoc posuit causam. in hoc vero, quod ramificatur supe
202 312 1239 354 rius, fit, quia ignis mouetur similiter ad superius: & hoc posuit cau¬
206 353 1233 395 sam. Hoc etiam, quo vsus fuit in suo sermone de superiori, & infe¬
192 387 1244 443 riori, non recte fuit dictum. superius enim & inferius non sunt idem
206 435 1236 481 omnibus rebus, & in omni. sed, quemadmodum caput est anima¬
196 482 1231 523 libus, ita radices plantis: cum per actiones debemus dicere in in¬
199 524 1065 570 strumentis eorum, quae sunt conuenientia, aut diuersa,
242 580 1231 621 Cum declaraui: quod motus augmenti non est ex principio, quod est elntum.
200 619 1240 659 incoepit declarare quod Empedocles errauit, cum opinabatur quod hoc principium
200 659 1236 698 est ex elementis, & quod augmentum in plantis ad inferius est prper partem gra¬
204 700 1234 739 uem scilicet terram, & aquam: & superius propter. leue scilicet aerem, & ignem. Et. d. Empe¬
188 740 1230 787 docles autem, &c. i. Empedocles autem non bene existimabat, cum opinabatur quod
202 780 1225 818 hoc principium non est anima: & quod hoc, quod accidit de augmento in plantis
203 817 1242 859 est per naturam elementorum. illud igitur, quod augetur inferius, est per na
202 854 1236 898 turanterrae: & hoc posuit causam eius. i. & posuit causam motus istius ad infe¬
198 896 1233 938 rius naturam orauem: & causam in augmento ramorum ad superius naturam leuem,
197 934 1242 978 cilicet igneam. D.incoepit narrare quid contingit huic sermoni de errore, &
210 973 1233 1019 d. Hoc etiam, quo vsus fuit in sermone suo de superiori, &c. i. & iste ser¬
200 1013 1237 1053 mo, quem induxit in dando causam istius motus contrarij, qui inuenitur in
200 1052 1238 1092 augmentabili, non est verus. Hoc enim quod existimabatur quod superius in
206 1091 1231 1144 plantis est superius in mundo, & inferius inferius, non est verum: quoniam ueque
196 1130 1241 1171 in parte conueniunt, neque in natura, neque in potentia. In parte autem: quia
203 1168 1239 1207 licet hoc concedamus in plantis, tamen in pluribus animalibus non possumus il¬
204 1209 1245 1251 lud concedere. superius enim in eis non respicit superius mundi. & veritas
197 1259 1234 1305 non concedit hoc. natura enim inferioris in plantis alia est a natura inferio¬
202 1284 1231 1338 ris in mundo, sed contingit congregatio eorum in parte eadem casu: & ipsa
205 1326 1234 1371 eadem est natura superioris in animalibus. Et signum eius est, quod caput in ani¬
204 1365 1229 1410 malibus est simile radicibus in plantis: cum actio eorum sit eadem. & per actio
204 1404 1220 1456 nes debemus respicere conueientiam, & diuersitatem in partibus augmen
200 1449 1234 1497 tabilibus. Et. d superius enim, &c. i. & primus error Empedoclis est, quod su
207 1483 1227 1532 perius, & inferius non sunt eadem pars in omnibus rebus. & in omni, scili
203 1529 1218 1570 cet mundo, quoniam, licet hoc concedamus in plantis, quid possumus dice
205 1571 1229 1612 re in pluribus animalibus: superius enim in animalibus non respicit superius
205 1601 1227 1651 mundi. D.d. sed quemadmodum caput, &c. idest sed non concedamus quod
209 1638 1229 1682 inferius in plantis sit inferius in mundo secundum uaturam, & potentiam: neque
214 1676 1235 1723 superius in eis superius in mundo, licet sint in eadem parte. Natura enim
213 1723 1232 1762 capitis in animalibus est natura radicis in plantis, cum: habeant easdem a¬
219 1755 1237 1805 ctiones, & secundum actiones est dicendum quod partes animalium, & plantarum
219 1796 1240 1835 & instrumenta eorum sunt conuenientia, aut diuersa in natura. Et, cum
217 1836 1238 1875 natura radicis in plantis est natura capitis in animalibus, tunc superius in
221 1883 1246 1931 plantis est in rei veritate inferius in mundo. Et, si nos. conceisissemus quod esset
