1416 2066
222 171 1263 219 ruptibilia, si haberent sensum, tunc natura ageret ociose: quemadmodum,
225 208 1268 260 si ista mobilia generabilia & corruptibilia non haberent sensum, tunc na
229 252 1272 291 tura ageret ociose. Deinde dicit. sed iste etiam est in eis, quae innata sunt
232 285 1268 338 quiescere. idest sed priuatio sensus debet esse de generabilibus & corrupti
232 324 1265 371 bilibus in eis, quae innata sunt quiescere, & non moueri ad nutrimentum,
239 363 581 419 vcilicet in vegetabilibus.
276 420 1261 467 Non potest autem corpus habere quidem animam & intelle¬
228 466 1266 514 ctum discretiuum, sensum autem non habere: non mansiuum exi¬
228 508 1263 555 stens, generabile autem: at vero neque ingenerabile, quare enim non
228 552 1271 595 habebit: aut enim animae melius, aut corpori. nunc autem neutrum
229 600 1274 635 est. hoc quidem enim non magis intelliget. hoc autem nihil erit
231 635 570 692 magis propter illud,
280 685 1257 739 Eteri autem non potest ut corpus ullum habeat quidem animam &
239 723 1260 792 intellectum iudicandi ui praeditum, sensum uero non habeat, quod non
246 771 1258 819 stabile sit, sed generabiletu quinimo ne ingenerabilem quidemacur enim non
239 819 1259 868 habebitus nam aut animae melius erit, aut corpori: nunc autem neutrum
239 870 1266 938 est. illa enim non magis itelliget: hoc uero non ideo magis erit propter illud,
276 916 1260 963 Et imposbile est vt corpus habens amimam & intellectum, &
232 962 1259 1015 iudicium sit sine sensu, cum non sit remanens, siue fuerit generatum,
236 1002 1259 1048 siue non fuerit generatum etiam. Causa enim, propter quam ha¬
233 1043 1270 1091 bet hoc, est quod non iuuatur per illud corpus, & anima. Modo autem
230 1092 1263 1132 non est aliquod istorum etiam. & illa autem, quia in maiori parte
232 1131 1042 1194 non intelligit: & ista quia in maiori parte non est.
275 1188 1265 1235 D.Et impossibile est vt corpus habeat animum & intellectum sine sen
237 1228 1261 1279 su, cum illud corpus non est remanens, sed generabile & corruptibile,
229 1275 1268 1315 siue fuerit simplex siue compositum. Et hoc intendebat, cum d. vt repu
237 1308 1263 1360 to generatum, aut non generatum. causa enim, propter quam debet esse
236 1355 1266 1399 corpus animatum intelligens sine sensu, si potest esse, est quia illud corpus
235 1387 1266 1427 animatum non adiuuatur per sensum neque in anima, neque in corpore.
237 1427 1257 1475 Sed si posuerimus corpus animatum intelligens esse non generabile, neque
235 1469 1264 1507 corruptibile, manifestum est quod non indiget sensu: cum non haberet
235 1504 1262 1547 sensus in ipso aliquod iuuamentum. iuuamentum enim, quod est per
231 1543 1255 1593 animam, non habet, quia anima sensibilis impedit in maiori parte, idest
236 1585 1252 1630 intellectum. & hoc intendebat, cum dixit, & illa autem, quia in maiori
241 1628 1254 1673 parte non intelligit. i. virtus autem sensibilis, quia in parte maiori non in
234 1667 1255 1713 telligit animali intelligenti. Iuuamentum autem virtutis sensibilis, quae
234 1701 1253 1749 est per corpus, non habet etiam, quia sensus in maiori parte non est causa
236 1738 1252 1790 longitudinis vitae & durationis. Et hoc intendebat, cum d. & ista, quia
235 1777 1254 1819 in maiori parte non est. idest & sensus in maiori parte est causa, quare res
232 1820 1265 1865 non sit, idest vt corrumpantur. & ideo sensibilia sunt minoris nitae,
236 1857 544 1914 quam multae plantae.
