1416 2066
254 164 1280 207 tum differat in intentione, non est necessarium ad praesciendum in hac per
249 203 1271 243 serutatione: sed forte ex hac perferutatione declarabitur quomodo. Et
255 244 1272 283 dixit. De parte autem animae, &c. idest pars autem animae, qua compre¬
255 284 1278 324 hendimus comprehensione, quae dicitur coguoscere & intelligere, cum
249 323 1283 364 manifestum est esse diuersa ab aliis virtutitibus, & ignorarae primo vtrum
252 360 1271 410 differat ab aliis virtutibus animae subiecto, & intentione, ut Plato, & alii
254 400 1273 442 dicebant quod subiectum istius virtutis in corpore aliud est a subiecto
250 438 1271 483 aliarum: aut non differt ab aliis in subiecto, sed tantum in intentione,
247 480 1279 522 non nocet in hac perscrutatione, quam intendimus, modo perscutandum
253 515 1285 555 est de differentia, qua ista virtus differt ab aliis. Deinde dixit & quomo¬
253 556 1285 595 do est formare per intellectum. idest & prius perserutandum est, quomo
254 595 1272 635 do est formare per intellectum, vtrum sit actio, aut receptio. scire enim
250 644 1270 675 actiones animae prius est apud nos quam scire eius substantiam. Et uide¬
256 675 1278 716 tur quod intendebat hic per cognitionem, cognitionem speculatiuam: &
249 710 1272 761 per intellectum cognitionem operatiuam: cum intellectus sit communis
254 749 714 795 omnibus, cognitio autem non.
295 804 1287 857 Si igitur est intelligere sicut sentire, aut pati aliquid vtique erit
252 859 1005 900 ab intelligibili, aut aliquid huiusmodi alterum.
301 892 1273 939 Si igitur intelligere est auemadmodum sentire, aut pati quoddam
255 932 1014 1006 fuerit ab intelligibili, aut aliquid eius generis aliud,
292 987 1284 1035 Dicamus igitur quod, si formare per intellectum est sicut senti
253 1031 1165 1076 re, aut patietur aliquo modo ab intellecto, aut aliud simile.
296 1092 1285 1135 Cum narrauit quod principium peserutationis de substantia huius vir¬
258 1132 1278 1171 tutis est perscritari de genere huius actionis, quae est formare per intelle¬
261 1171 1273 1211 ctum, & scire genus quod praecedit differentiam, incoepit primo dubi¬
257 1211 1280 1259 tare in hoc, vtrum formare per intellectum sit de virtutibus passiuis, sicut est
253 1251 1283 1293 sensus, aut de actiuis. Et, si est de passiuis: vtrum est passiuum propter hoc,
252 1289 1283 1331 quod est materiale quoquo modo, & mixtum cum corpore, idest virtus
254 1329 1279 1371 in corpore, sicut sensus est passiuus, aut nullo modo est passiuum, quia non
259 1372 1276 1419 est materiale, neque mixtum corpore omnino, sed de intentione passio¬
255 1405 1276 1450 nis tantum habet receptionem. Et dicit. Dicamus igitur quod, si forma¬
256 1451 1270 1495 re, &c. idest dicamus igitur quod, si posuerimus quod formare per intelle¬
258 1484 1272 1522 ctum est sicut sentire, scilicet ex virtutibus passiuis, adeo quod prima uir¬
259 1525 1278 1563 tus intellectiua recipiat intellecta, & comprehendat ea: quemadmodum
253 1563 1277 1603 virtus sentiens recipit sensibilia, & comprehendit ea: necesse est alterum
256 1601 1278 1643 duorum, aut ut accidat ei aliqua transmutatio, & passio ab intellecto si¬
260 1637 1280 1684 milis transmutationi, quae accidit sensui a sensato, quia perfectio sensus
255 1680 1275 1722 est virtus in corpore: aut vt non accidat ei transinutatio similis transmu
257 1721 1280 1759 tationi sensuum, & passioni eorum a sensato, quia prima perfectio intel¬
257 1759 1283 1801 lectus non est virtus in corpore, immo non accidit ei omnino. Et hoc
253 1797 1279 1841 intendebat, cum dixit. aliud simile. idest aut non patiatur passione aequa
254 1836 1280 1877 li passioni sensus, scilicet non accidit ei t rasmutatio similis transmuta¬
