1416 2066
243 164 743 202 etae extrinsecus aduenit nobis, vt patet in. 3
240 197 742 239 de gene. animalium. cap. 3. & tunc a Natu¬
244 229 742 267 rabi non consyderatur, nisi inquantum est
239 261 745 301 principium, per quod homo intelligit & ap
242 295 743 327 perit appetito intellectiuo. Vnde recte dicit
242 321 751 354 Com. quod illa animae definitio non vniuoce com
247 352 740 386 petit intellectiuae, & aliis. Vnde, sicut intel
243 381 751 418 ligentia consyderatur a Naturali, inquantum
246 413 747 451 est anima orbis, pro quanto dat sibi motum.
249 443 749 474 & sic, vt scribit Commen. assimilatur for¬
247 477 741 506 trae naturali. pro quanto autem non diui¬
245 505 743 537 ditur ad eius diuisionem, assimilatur ab¬
240 537 751 570 stractae formae. propter hoc tamen non di¬
244 566 750 602 citur intelligentia quiditatiue a Natura li¬
247 599 747 634 consyderari. Eodem modo intellectus, vt est
237 629 745 666 anima hominis videlicet vt per ipsum ho¬
241 659 749 694 mo intelligit. quodammodo assimilatur for¬
244 693 744 723 nmae naturali, & sic intellectus natura dici
242 723 745 761 potest: pro quanto autem non diuiditur ad
238 752 747 787 diuisionem hominis, dicitur assimilari for¬
238 785 746 823 mis abstractis, propter hoc tamen non sequitur
234 814 748 850 intellectum quiditatiue a Naturali consydera
234 846 744 882 ri, sicut neque sequebatur de intelligentia. Sed
240 877 747 915 replicabis quod est ratio diuerfitatis. quia intel
245 907 747 938 ligentia habet aliam operationem natura
245 940 744 976 priorem, in qua non dependet a corpore, vi
245 967 740 1002 delicet intelligere & velle, sed anima intel
242 999 740 1034 lectiua non habet, quia Aristoteles dicit in
238 1029 741 1069 primo de anima. Intelligere, siue sit ima¬
242 1068 749 1101 ginari, siue non fieri possit sine imaginatio¬
239 1093 751 1130 ne, non contingit abique corpore esse. & ita
241 1123 749 1154 cum anima intellectiua non habeat ali¬
242 1157 744 1192 quam operationem sibi propriam, non po
242 1188 747 1227 test a corpore separari, & ita quiditatiue a
244 1211 742 1250 Naturali consyderabitui, intelligentia vero
246 1248 749 1282 solum quo ad quia est. Sed, si hoc argumen
246 1279 740 1314 tum demonstrat, tunc igitur non est diffe¬
248 1310 749 1346 rentia inter intellectum & animam: & ita
244 1340 743 1378 male Aristoteles taxauit Antiquos in hoc,
243 1370 743 1402 & male asseruit ipsum solum a corpore se¬
246 1401 743 1442 parari. Dicamus igitur quod tenendo, si¬
248 1429 746 1471 cxt tenendum est secundum Aristotelem quod
244 1463 739 1498 intellectus sit virtus abstraeta a materia, vt
242 1492 740 1524 fuit opinio etiam Theophrasti, qui fuit au¬
246 1525 746 1559 ditor Aristotelis, & opinio Themistil, & Com
240 1558 749 1587 menta. quod de necessitate habet intellectionem,
251 1585 747 1624 perpetuam, per quam intelligit in se consy¬
244 1620 749 1650 deratus substantias sempiternas: & est sem
245 1652 743 1683 per foelix in se. Vult enim Commenta. quod
245 1677 751 1714 si noster intellectus non potest intelligere
247 1708 749 1746 subst: nrias abstractat, quod nullus intellectus
250 1739 742 1777 posset etiam intelligere: quia in talibus, vt
244 1769 748 1809 dicit. 3. de anima. com. 36. quicquid intelligit
246 1802 740 1834 vilius intelligit nobilius, & non econtra. L
251 1836 737 1867 cetr igitur intelligere in nobis, quod commu¬
244 1868 744 1906 niter exretimur, & de quo Aristoteles egit
775 165 1287 200 in tertio de anima, cum imaginatione fiat:
779 196 1283 231 & sic talis intellectus dicitur anima & na¬
780 228 1273 259 tura, quia assimilatur animae & formae na¬
779 259 1283 291 turali, quia vt sic est motor coniunctus tan
778 292 1276 328 gens hominem, sicut intelligentia orbem, ta
778 326 1279 354 men in se consyderatus, cum non diuida¬
779 351 1277 386 tur ad hominis diuisionem, sed sit subslan
781 383 1276 416 tia abstracta, sic habet intelligere aeternum
780 413 1275 450 supra tempus, & supra omne corpus. Et de
784 442 1282 475 aliter consyderato intellectu & intellectio
777 475 1285 514 ne non pertinet ad Naturalem. cuius argumen
783 508 1279 545 o est quod Aristoteles mouens hanc quae¬
775 538 1274 574 stionem in tertio de anima, non soluit ibi,
776 569 1281 607 sed dixit quod de hoc erit posterius consy¬
782 596 1282 634 derandum, quia videbat hoc spectare ad
776 628 1283 666 scientiam Diuinam, quae est posterior via
773 660 1279 690 doctrinae caeteris scientiis. Vnde &. 9. pri¬
772 693 1274 729 mae philosophiae de tali intuitiua cognitio¬
770 724 1280 762 ne intellectus respectu substantiarum sepa
780 751 1279 786 ratarum dicit quod non est in nobis, sicut cae¬
779 786 1275 818 citas. Et beatus Thomas ab ipsa veritate co¬
778 820 1275 851 actus concessit ibi: & notauit illud de men¬
772 845 1278 882 te Philosophi. videlicet quod intellectus homi¬
775 874 1281 905 nis habet quoddam intelligere, non depen¬
774 908 1282 949 dens ab imaginatione, sicut est intuitiua com
774 937 1283 977 gnitio intelligentiarum. quod quidem in¬
776 973 1275 1009 telligere homini secundum Peripateticos:
774 995 1275 1034 licet non contingat nisi in postremo, in se
777 1030 1277 1066 tamen consyderatus intellectus semper ha¬
772 1059 1278 1093 bet illud. Et hoc etiam notauit Commen.
773 1091 1281 1125 in primo de anima, commen. 12. si bene ani¬
780 1124 1277 1157 maduertis. Dic igitur resolute intellectum
772 1151 1279 1193 consyderari a Naturali quo ad quod est
779 1185 1275 1214 modo praedicto, quiditatiue vero a scientia
778 1215 1287 1246 Diuina. Et ita non est contradictio in dictis
774 1247 1276 1282 Aristotelis alicuius mouenti. Ad rationes
776 1283 1275 1309 respondetur, quod bene ratio procedit de
775 1309 1275 1339 Philosopho Naturali, & non de Diuino,
772 1341 1274 1370 quia scientia Naturalis est scientia specia¬
772 1369 1279 1402 lis, ad quam spectat consyderare quiditates
773 1402 1277 1434 rerum sensibilium in particulari, & sub
773 1432 1281 1468 particulari ratione formali, quia inquantum
770 1457 1279 1498 sensibiles sunt sed scientia Dtuina est scien¬
777 1494 1277 1525 tia communis. ad quam spectat omnia com¬
776 1524 1278 1562 syderare in ratione communi & transcen¬
770 1557 1274 1594 denti, vt dicit Philosophus in procemio
772 1588 1274 1624 Metaphysi. & clarissime in ei. metaphysi.
777 1617 1281 1652 ca. 2. vel. 3. ad finem. Si igitur Natir alis qui
774 1645 1274 1683 ditatiue consyderaret intellectum, igitur
781 1678 1279 1714 omnem intellectum abstractum consyde¬
781 1709 1285 1746 raret quiditatiue, quia non est maior ratio
779 1739 1285 1770 de vno, quam de alio, in eo quod est intelle
776 1769 1274 1802 ctum & abstractum, & ex alia parte con¬
778 1801 1283 1840 syderaret quiditatiue omne sensibile: ista
772 1831 1276 1866 autem sunt extrema, quia vnum est secun¬
779 1859 1290 1899 dum esse & rationem, in materia, aliud vtroquae
