1416 2066
305 148 1162 201 Confutatur opinio, Animam harmoniam esse assereus. Cap. 1.
314 203 1241 251 Lia autem opinio quaedam tradita est de anima, credibilis
319 252 1233 299 quidem multis: & neque vna minor his quae dicta sunt: ratio
321 291 1239 339 nes autem tanquam directiuas praebens, & in communi fa
209 334 1245 378 ctis rationibus. Harmoniam enim quandam ipsam dicunt. Etenim
211 378 1247 426 harmoniam temperamentum, & compositionem contrariorum
210 420 810 468 esse: & corpus componi ex contrarijs.
256 457 1248 523 rraditur etiam alia quaedam de Anima opinio, probabilis illa qui
208 508 1245 555 dem multis, & nulla earum inferior quae circunferuntur: quae tamen
216 556 1243 603 veluti ii qui magistratu abissent, etiam in communibus disputationi
209 597 1245 651 bus rationes retulit. Harmoniam enim quandam eam nonnulli dicunt:
211 651 1247 716 etenim harmoniam temperationem, & compositionem esse contrario¬
213 700 767 766 rum, & corpus constare ex contrarijs.
252 747 1244 795 Et est alia opinio, de qua multi contenti sunt, & non est minor
208 802 1245 843 opinionibus praedictis. Dicunt enim quod est aliqua compositio har
205 833 1250 879 monica. harmonia enim est admixtio, & compositio contrariorum
210 877 848 924 & corpus est compositum ex contrarijs.
252 932 1240 972 Cum compleuit contradictionem eius, quod dictum est in Timaeo, re¬
214 975 1248 1019 uersus est ad contradicendum sermoni dicentis animam esse formam ex
209 1012 1244 1058 congregatione, & harmonia propria elementorum. &, quia ista opinio est
217 1053 1242 1097 valde sufficiens, dixit & est hic alia opinio de anima. D.d. Dicunt enim quod
215 1092 1245 1131 est aliqua compositio harmonica, &c. idest dicunt enim quod anima est ali¬
211 1129 1239 1172 quod harmonicum, & aliqua compositio ex compositionibus elemento
209 1168 1245 1219 rum in re composita admixta ex eis. & dixerunt hoc, quia opinabantur quod
210 1208 1243 1251 harmonia est compositio, & admixtio contrariorum, & quod corpus est com¬
214 1251 1180 1300 positum ex contrarijs. ergo in corpore est harmonia: ergo est anima.
248 1307 1244 1356 Et quidem harmonia, quaedam ratio compositerum est, aut com
214 1363 1247 1402 positio: animam autem neutrum possibile est esse horum. Amplius
212 1402 1245 1451 autem mouere non est harmoniae: animae autem attribuunt omnes hoc.
253 1452 1244 1491 Atqui Harmonia ratio quaedam est commixtorum, vel etiam com¬
211 1484 1243 1547 positio: Anima autem neutrum horum esse potest. Praeterea mouere non
210 1543 1243 1595 est harmoniae: quod tamen omnes sere dixerim animae potissimum tribuunt.
257 1579 1241 1626 Licet harmonia sit proportio inter res admixtas, aut compositio:
208 1628 1249 1667 anima autem non est alterum istorum duorum. Et etiam harmonia non est
205 1666 1238 1715 innata mouere: & in hoc proprie conueniunt omnes animam habere.
213 1716 1239 1775 Cum dixit hanc opinionem, incoepit contradicere ei, & dixit quod harmo
208 1764 1237 1802 nia, quam dicunt esse animam, aut est proportio inter res admixtas ex efe
210 1802 1244 1843 mentis: & hoc erit, si compositio corporis ex elementis est secundum modum com
208 1841 1245 1891 plexionis: aut anima est ipsa compositio, si compositio ex elementis est vi
