1416 2066
757 213 1230 259 Sed contra hoc non pauca infur
720 252 1229 307 ount dubia. Primum, quod haec positio,
715 292 1225 337 & sententia contradicit dictis Arist.
719 340 1225 377 qui dicit quod eadem est ratio ipsius intelli¬
725 369 1218 421 gibilis actu existentis ad intellectum
716 408 1218 452 materialem, quae est ipsius sensibilia
719 447 1211 490 ad ipsum sensitiuum, Tseu sentiens.
725 490 1221 540 Contradicit quoque id ipsi veritati.
718 525 1223 578 Nam, si ipsa conceptio, quae per intellectum
721 566 1223 615 fit, esset aeterna, tunc oporteret vt id
726 605 1222 654 quoque, quod ab intellectu conceptum
725 645 1223 693 est, esset aeternum, & ob hoc oporteret
717 682 1228 724 ipsas formas sensibiles esse actu intel
718 720 1216 775 ligibiles extra animam, atque penitus im
720 764 1219 804 materiales. quod quidem est contra id,
719 805 1221 850 quod de huiuscemodi formis appa¬
723 838 1226 882 ret. Aristoteles praeterea expresse
725 877 1224 922 d. in hoc lib. quod eadem est ratio huius vir
719 924 1223 954 tutis distinctiuae rationalis ad conce¬
729 957 1227 1007 ptus, seu imagines, formarum ima¬
718 994 1218 1047 ginatarum, quae est ipsorum sensorio
722 1033 1223 1074 rum ad sensibilia. & ideo anima nihil itel¬
720 1071 1223 1114 ligit sine ipsa imaginatiua vi. quem
725 1114 1225 1163 admodum ipsi sensus, seu sensoria ni¬
718 1151 1227 1194 hil sentiunt, nisi res sensatae, seu sen¬
724 1188 1226 1234 sibiles reperiantur coram sensu. Si igitur
718 1228 1217 1280 illae imagines sseu intentiones? quas
720 1273 1213 1320 intellectus ipse adipiscitur ab ipsis?
722 1309 1223 1359 virtutibus imaginatiuis essent aeternae,
719 1349 1217 1386 tunc intentiones illae, seu imagines
719 1385 1223 1439 ipsarum virtutum imaginatiuarum essent
722 1423 1221 1471 aeternae. &, si hae essent aeternae, ipsae
720 1462 1222 1506 quoque sensationes essent aeternae, quia
720 1500 1223 1550 ita se hibunt sensationes ipsae ad hanc vir
722 1541 1222 1591 rutem, sicut intentiones seu imagines
727 1578 1226 1633 imaginatae ad virtutem rationalem. quod si
722 1619 1225 1659 sensationes esent aeternae, && ipsa quo
718 1660 1221 1707 quen sensibilia essent aeterna: vel ipsae
718 1698 1219 1749 sensationes essent aliae intentiones qui
717 1741 1223 1789 sint imagines rerum extra animam exi¬
718 1774 1223 1818 stentium in psa materia quia impossibile est
726 1809 1223 1860 ponere easdemmet intentiones, vel
722 1854 1228 1907 imagines quandoque esse aeternas & incor¬
227 204 689 258 Et super hoc sunt quaestiones non
188 251 689 306 paucae. Quarum prima est, quod
185 295 686 340 haec positio contradicit huic, quod
190 329 685 382 Aristo. posuit, scilicet quod pro¬
186 370 688 419 portio intellecti in actu ad intelle¬
191 408 687 460 ctum materialem est sicut propor¬
187 448 687 490 tio sensati ad sentiens. Et contradi¬
184 488 693 530 cit veritati in se. Si enim formare
179 533 691 576 per intellectum esset aeternum, o¬
188 563 681 618 porteret vt formatum per intelle¬
182 604 692 655 ctum esset aeternum: quapropter ne
186 644 692 682 cesse esset vt formae sensibiles essent
182 683 687 729 intellectae in actu extra animam,
184 725 693 762 & non materiales omnino. & hoc
182 761 686 802 est contra hoc, quod inuenitur in
192 798 350 845 istis formis,
230 837 693 890 Et etiam Aristot. aperte dicit in
190 877 686 922 hoc libro quod proportio istius vir
191 917 689 968 tutis distinguentis rationalis ad in¬
186 964 691 1009 tentiones formarum imaginatarum
186 997 686 1045 est sicut proportio sensuum ad sen¬
183 1034 697 1088 sata. & ideo anima nihil intelligit
191 1076 693 1114 sine imaginatione: quemadmodum
188 1109 688 1155 sensus nihil sentit sine praesentia sen
188 1154 691 1204 sibilis. Si igitur intentiones, quas
191 1192 691 1234 intellectus comprehendit ex virtu¬
190 1236 690 1274 tibus imaginatiuis, essent aeternae,
190 1276 693 1316 tunc intentiones virtutum imagina
173 1309 690 1345 tiuarum essent aeternae. &, si essent
191 1344 689 1386 aeternae, tunc sensationes essent aeter
190 1383 688 1426 nae: sensationes enim sunt de hac
195 1428 684 1477 virtute, sicut intentiones imagina¬
189 1461 685 1506 biles de virtute rationabili. &, si sen
184 1508 693 1546 sationes essent aeternae, tunc sensata
186 1548 686 1586 essent aeterna: aut sensationes essent
189 1579 687 1618 intentiones aliae ab intentionibus re¬
193 1628 691 1659 rum existentium extra animam in
192 1660 684 1699 materia. impossibile enim est pone¬
