1416 2066
230 149 729 187 leetu. Sed huius oppositum habetur. 12. meta.
235 189 732 220 tex. co. 30. Soluitur in intellectu non est de¬
239 220 737 256 ectatio eiusdem rationis cum illa, quae est
234 248 736 282 in sensu, sed bene alterius rationis potest de
230 279 731 315 lectatio esse. Vide Themistium in. 3. de ani¬
230 310 577 350 ma. cap. 4 7. & intelliges hoc.
266 341 726 376 Decimaoctaua contradi. est in eodem com
235 373 729 409 fuit oppositum nobis. nam ibi dicit Com. quod
230 402 733 441 proprium appetitus sensitiui & desyderil
230 437 729 466 sensibilis est cum praesentia obiecti sensati¬
234 469 727 499 econtra autem est de appetitu intellectua
228 494 730 531 li. Sed huius oppositum inducebatur de ani
232 529 726 568 malibus perfectis, quia talia habent imagi
228 559 733 597 nationem & desyderium respectu absentium
231 590 737 626 sensatorum, sicut patet. 2. de anima. 136. &
232 620 731 652 10. Nec valet si dicatur quod ibi loquitur de
231 651 731 691 imaginatione, non autem de desyderio. nam
232 685 729 716 desyderium consequitur imaginationem,
230 716 733 746 sicut vmbra consequitur corpus. Soluitur.
230 744 733 779 ista differentia intelligitur cum praecisione:,
231 773 737 810 sicut dicitur in simili de vniuersali & singu
231 805 705 842 lari, vt sunt obiecta sensus & intellectus.
261 835 735 875 Decimanona contradi. est in com. 33. di
237 869 734 903 cit Commen. quod cogitatiua non componit
230 901 730 930 intelligibilia singularia. Huius oppositum
233 930 726 968 patet in hoc. 3. com. 20. &. 3.2. Confirmatur
234 965 730 1004 quia cogitatiua apparet intellectus particu
230 993 728 1027 laris, eo quia homo per ipsam particulari¬
234 1023 724 1060 ter discurrit. Soluitur, dictum Com,. hic intel
231 1055 726 1090 ligitur sano modo. & sensus est iste: cogita,
230 1086 732 1120 tiua non componit singularia, idest terminos
228 1119 733 1149 simplices, qui tamen vniuersales sunt, quia
232 1146 734 1186 hoc pertinet ad intellectum, qui est superior
236 1182 730 1211 cogitatiua. singulare hic non sumitur, vt di
233 1212 731 1250 stinguitur contra vniuersale, vt intelligit
234 1245 738 1275 contradicens, sed vt distinguitur contia
232 1271 390 1311 compositum
270 1301 731 1342 Vigesima contradi. est in com. 34. Dicit quod
236 1334 731 1370 bonum & malum, verum & falsum sunt in
232 1365 733 1402 eodem genere. Sed oppositum huius patet.
237 1396 729 1427 6. meta. tex. com. vltimi. vbi habet quod bonum
240 1426 728 1458 & malum sunt in rebus, sed verum & fal
237 1459 733 1490 sum sunt in intellectu. Soluitur, quod bonum
235 1488 733 1522 & malum dipliciter possunt sumi. vno mo
235 1517 730 1554 do vt mouent in genere causae efficientiss
234 1550 736 1586 alio modo vt mouent in genere causae fina
233 1581 739 1616 lis. si primo modo, sic bonum & malum
233 1612 730 1644 sunt in anima sicut verum & falsum: & sic
234 1644 734 1682 sunt in eodem genere, quia vtrunque est co
234 1675 730 1713 gnitio. nam. 12. mera. com. 36. balncum in
235 1708 733 1738 anima mouet vt efficiens, & balneum ex¬
236 1733 726 1768 tra animam mouet vt finis. & ideo, si con
237 1766 736 1802 syderentur vt mouent in ratione finis, sic
239 1797 727 1834 habent esse in rebus. de hoc tamen latius
233 1829 727 1866 dicemus in commento vltimo: sexto me¬
236 1859 402 1907 taphysicorum,
798 148 1271 196 Vigesimaprima contradi. est in com. 36.
767 181 1265 219 Auer. in recitando opinionem Themi. di¬
762 215 1261 251 cit quod ponendo intellectum abstractum,
766 250 1260 289 tunc hoc verum est quod id, quod est magis vi
764 278 1264 314 sibile, magis comprehenditur. Sed oppositum
763 313 1267 346 huius patet. a: meta. com I. Soluitur. dictum
763 341 1259 385 eius hic intelligitur sic, quod, si intellectus ab¬
767 372 1267 410 stractus itelligit res materiales imperfectas,
758 404 1260 437 multo magis aptus est intelligere res abstra
767 435 1265 474 ctas perfectas. hoc tamen non est sibi facile,
760 467 1268 498 sed difficile, & ita dixit. 2. meta. commen. i. quod
762 501 1270 530 exemplum illud Philosophi de visu noetuae
758 529 1263 562 respectu luminis dici non ostendit impossi
767 561 1267 601 bilitatem, sed difficultatem. dicos per locum
765 591 1271 630 a minori quod, si intellectus ista imperfectiora
758 620 1260 658 intelligit, multo magis aptus est intellige¬
762 655 1262 686 re res ipso perfectiores, sicut Deus est & ab
764 684 1268 714 straetae substantiae. hoc tamen non est sibi faci¬
762 715 1267 747 le, sed laboriosum propter ipsum in cogni¬
762 746 1268 778 tione nostra naturali dependere a sensatis.
793 775 1267 810 Vigesimasecunda contradi. est in eo. com.
762 806 1260 845 36. In illa partes, in qua reprehendit Alexam.
766 839 1267 874 videtur habere pro inconuenienti quod aeter¬
765 869 1269 911 num in sua actione indigeat aliquo cortu¬
769 900 1263 935 ptibili, ita quod ex eis fiat vna actio Sed huius
767 933 1269 965 oppositum patet. 3. de anima. com. 19. de in¬
761 964 1267 997 tellectu agente & phantasmate. similiter. 7
762 993 1267 1027 meta. com. 33. &. 2. physico. tex. com. 36. vbi
760 1022 1271 1058 dicitur quod Sol & homo generant hominem.
761 1055 1267 1095 Soluitur. Com. negat aeternum non posse con¬
762 1087 1261 1122 iungi corruptibili, eo modo, quo Alexand,
762 1123 1268 1156 ponebat. quia sicut sibi imponit Auer. ipse
768 1146 1269 1179 Alexan. tenuit intellectum possibilem esse
768 1179 1265 1219 generabilem & corruptibilem, & posuit in¬
762 1212 1272 1252 tellectum agentem abstractum esse, quiapud
767 1242 1265 1274 Alex Deus est: & dixit quod in copulatione in¬
764 1276 1271 1306 tellectus adepti Deus vniebatur formaliter
771 1301 1269 1338 ntellectui possibili. hoc autem non potest in¬
765 1332 1267 1365 telligere Com. nam, si aliquod abstractum
764 1362 1265 1395 informaret corruptibile, aliquo modo a
767 1395 1263 1431 corruptibili dependeret. & ideo caueant,
762 1428 1266 1458 qui ad intentionem eius tenent animanm
766 1458 1268 1489 intellectiuam dare esse formaliter homini¬
764 1487 1265 1522 Illud autem, quod de phantasmate & homie
767 1520 1271 1555 allegabatur, nihil mouet: tum quia phantasma
765 1552 1264 1586 non est materia intellectus agentis, nec vir¬
771 1584 1263 1622 us informatiua hoi. est materia respectu
766 1612 1266 1643 Solis in hominis produetione, sicut intelle¬
766 1645 1266 1674 cius possibilis erat materia secundum Alex. respe¬
764 1677 1266 1706 ctu intellectus agentis in conulatione: tum
765 1708 1260 1739 etiam, quia phantasma Socratis & Platonis
763 1740 1259 1773 non est primum instrumentum intellectus
764 1773 1261 1802 agentis, sed secundarium & extraneum quoquo
761 1797 1263 1833 modo, sicut patet. 3. de anima. 3. 19. &. 10.
762 1828 1260 1859 com. Nam sicut dicit Auic. species est in prinia
765 1857 1269 1898 intentione naturae, non indiuiduum, nisi
