1416 2066
165 164 1203 210 Eodem autem modo & Timaeus physiologixat animam mo¬
175 204 1204 243 uerem corpus. in eo enim quod est moueri ipsam, & corpus mouet, pro
177 252 1195 295 pter id quod complexa est ad ipsum. constitutam enim ex elemen
177 291 1196 338 tis, & dispartitam secundum harmonicos numeros, quatenus connatu¬
176 329 1205 371 ralem fensum harmoniae habeat, & vt omnen feratur secundum com
177 371 1209 412 sonantes motus, aspectum rectum in circulum ressexit, & diuidens
176 412 1207 459 ex vno in duos circulos dupliciter coordinatos, iterum vnum di
169 458 1182 515 uisit in septem circulos: tanquam essent coeli motus, animae motus.
222 507 1197 556 Eodem etiam modo rimaeus dicit animam mouere corpus: quod enim
176 557 1195 619 ipsa moueaturcorpus etiam mouere, proptered quod connexa sit cum
177 619 1188 667 ipso: constantem enim ex elementis, & distinctam harmonicis numo
169 650 1191 706 ris, vt insitum sensum harmoniae habeat, vtque vniuersum feratur con
175 700 1199 757 sonis lationibus, rectitudinem in orbem torsit, & cum diuisisset, vnum
164 748 1210 812 in duos circulos duobus punctis connexos, rursus vnum diuisit in septem.
178 803 992 851 circulos, vt pote cum Coeli lationes, sint Animae motus.
216 862 1206 908 Et similiter est de hoc, quod dixit Timaeus in sermone natura¬
179 906 1203 962 li scilicet quod anima mouet corpus. dixit enim quod non mouet corpus, nisi
179 948 1208 995 ipsa mota, quia admiscetur cum eo. Constitutio enim animae est
172 995 1200 1035 ex elementis. & est diuisibilis secundum diuisionem numerorum compo
177 1032 1206 1074 sitorum, vt habeat sensum conuenientem harmoniae, & moueatur
181 1083 1198 1123 totum motibus conuenientibus. dixit & ideo incuruauit rectitudi¬
173 1115 1205 1163 nem, & posuit eam circulum, & diuisit ex vno duoscirculos sepa¬
177 1163 1205 1211 ratos in duobus locis. deinde diuisit vnum circulum etiam in septen
173 1200 1067 1251 circulos: ita quod posuit motus coeli, sicut motus animae.
