1416 2066
268 227 764 266 quod manifestum est de sermonibus
276 260 769 306 vniuersalibus in anima, manifeste.
270 301 768 339 d. Aristo. quod non est manifestum in
267 341 769 378 omnibus partibus animae. dicere enim
263 381 767 418 formam, & primam perfectionem
265 416 767 458 est dicere aequiuoce de anima ratio
266 456 703 498 nali, & de aliis partibus animae.
306 495 767 544 Abubacher autem, & Auempace
268 533 765 575 videtur intendere in manifesto sui
270 573 766 618 sermonis, quod intellectus materialis est
272 613 767 664 virtus imaginatiua, secundum quod
264 653 767 698 est praeparata ad hoc, quod intentiones,
272 692 763 743 quae sunt in ea, sint intellectae in a¬
271 728 763 771 ctu: & quod non est alia virtus substan¬
267 769 759 811 tia intellectus praeter istam virtu¬
262 806 757 851 tem. Abubacher autem videtur in¬
271 847 763 899 tendere istud, fugiendo impossibi¬
273 885 765 930 lia contingentia Alex. scilicet quod
262 924 758 970 subiectum recipiens formas intelle¬
264 965 763 1010 ctas est corpus factum ab elementis,
268 1005 761 1049 aut virtus in corpore. quoniam, si
269 1041 757 1096 ita fuerit, continget aut ut esse for¬
277 1081 759 1122 marum in anima sit esse earum ex¬
276 1121 768 1162 tra animam, & sic anima erit non
275 1160 773 1201 comprehensiua: aut vt intellectus
268 1200 763 1241 habeat instrumentum corporale, si
257 1246 762 1283 subiectum ad intellecta sit virtus in
266 1277 681 1322 corpore, sicut est de sensibus.
314 1317 754 1372 Et magis inopinabile de opinio
252 1356 768 1408 ne Alexan. est hoc, quod dixit, quod pri
270 1396 767 1442 mae praeparationes ad intellecta, &
252 1434 768 1482 ad alias postremas perfectiones de
252 1474 765 1526 anima sunt res factae a complexio¬
252 1512 761 1557 ne, non virtutes factae a motore ex¬
268 1553 767 1603 trinseco, vt est famosum ex Topi¬
262 1594 769 1645 nione. Arist. & omnium Peripateti¬
263 1635 763 1682 corum. Ista enim opinio in virtuti¬
262 1671 761 1723 bus animae compraehensiuis, si est se
272 1711 759 1755 cundum quod nos intellexerimus
252 1749 762 1794 est falsa. a substantia enim elemen¬
252 1789 760 1836 torum, & a natura eorum non po¬
802 213 1294 272 id vero, quod ipse imaginatur esse
799 268 1291 307 manifestum ex definitionibus ipsius
794 300 1301 339 animae Arist. expresse dicit non esse ma
798 340 1298 386 nifestum in omnibus partibus animae, quoniam,
802 381 1293 422 cum dicimus formam, & primum actum,
804 419 1299 459 id quidem aequiuoce dicitur de rationali¬
791 458 1285 506 anima, & de reliquis animae partibus
831 498 1301 538 Auempace autem, vt ex eius verbo¬
796 532 1300 578 rum apparentia colligi pont, videtur opinari
797 580 1297 618 intellectum materialem esse virtutem ima¬
793 615 1291 669 ginatiuam, quatenus est apta vt conce¬
799 653 1291 703 ptus, qui in ea existunt, sint actu in¬
793 693 1297 738 telligibiles: & quod non datur alia virtus
803 733 1297 787 quae sit subiectum ipsorum intelligibi¬
796 775 1298 811 lium, praeter hanc virtutem. Auempace
791 813 1295 864 autem videtur esse ita imaginatus, vt euitaret
794 853 1292 903 illa impossibilia, quae contra Alexa.
798 890 1293 944 insurgebant, nempe quod subiectum reci¬
799 928 1293 984 piens formas intelligibiles esset cor¬
803 967 1299 1018 pus factum ex elemetis, aut vis & po
796 1007 1294 1047 tentia in corpore, nam, si ita res se ha¬
794 1045 1288 1098 beret, tunc sequeretur vt vel ipsae for
796 1088 1302 1129 mae ita se haberent in anima, sicut se hiabunt
795 1131 1291 1175 extra animam, & sic anima nihil comprehen¬
803 1165 1289 1214 deret: vel ipse intellectus haberet or¬
789 1201 1293 1258 ganum corporesi, si subiectum ipsorum
792 1245 1293 1294 intelligibilium esset potentia in corpo¬
791 1283 1295 1322 re, vt fit in ipsis sensibus. Maius au¬
797 1324 1291 1362 tem inconueniens, quod sequitur ex opi¬
799 1360 1305 1402 nione Alexandri, est id, quod dixit
803 1398 1295 1448 primas aptitudines ad ipsa intelligi
803 1438 1299 1489 bilia, atque ad vltimos actus ipsius a¬
801 1484 1295 1527 nimae esse res ortas ab ipsa temperatu¬
797 1517 1295 1568 ra, & non vires factas ab ipso moto¬
798 1556 1296 1595 re extriu seco, vt ex sententia Aristo.
795 1597 1299 1634 & omnium fectatorum eius manifeste
796 1637 1290 1685 habetur. Haec tamen opinio, quae de vir
796 1677 1285 1727 tutibus animae apprehensiuis habetur.
798 1714 1299 1766 si ita se habeat, vt videtur intelligi, esset
794 1753 1300 1794 vtique falsa. quia ex substantia elemen
797 1801 1299 1847 torum, ac ex eorum natura non po
796 1832 1293 1874 test oriri virtus discernens, seu diui¬
798 1874 1302 1930 dens, atque dignoscens. quoniam, si ex natura
