1416 2066
120 196 1172 242 ius remotiori non potest audiri illa vox: & ideo omnis percussio habet
132 243 1160 287 sphaeram terminatam. sic est de odore, & de colore, scilicet quia mouent aerem
137 277 972 323 ex omnibus partibus secundum istam figuram sphaericam.
181 323 1158 363 Amplius auditur in aere & in aqua, sed minus in aqua. non est
127 371 1159 414 autem soni proprius aer neque aqua: sed oportet firmorum fieri per¬
133 412 1164 451 cussionem ad inuicem & ad aera. hoc autem fit cum permaneat
128 451 1156 498 percussus aer, & non soluatur. unde si velociter & fortiter percu¬
131 491 1173 539 tiatur, sonat: oportet enim praeoccupare motum ferientis fracturam
132 539 1168 587 aeris: sicut si congregationem aut cumulum lapillorum percutiat
135 573 510 619 aliquis latum velociter.
173 612 1169 666 praeterea & in aere auditur & i aqua, sed minus. Neque, uero penes
133 661 1174 722 aerem soni potestas est, nec penes aquam: sed oportet solidorum inter se & cum
136 723 1164 771 aere constictionem ictumque fieri: quod tum contingit, cum percussus aer
137 760 1169 818 perstiterit, nec dissipatus fuerit. itaque, si celeriter & uehementer per¬
137 806 1161 859 cutiatur, sonum edit: oportet enim ut motus ferientis anticipet dissipa¬
128 867 1161 916 tionem aeris, non secus ac si quis arenae cumulum, aut certe arenam per
136 904 831 970 petuo lapsu praecipitantem celeriter diuerberet.
179 956 1161 1004 Et etiam auditur in aere, & in aqua, sed minus. Et aer, non solus
133 998 1161 1040 sufficit in sono: neque aqua. sed indigetur vt percussio sit a corpori¬
136 1041 1162 1085 bus solidis in inuicem, aut ad aerem. & hoc erit, quando fuerit aer¬
139 1081 1162 1131 fixus ad recipiendum percussionem, & non diuidetur. Et ideo, cum
139 1126 1168 1176 aliquid fuerit percussum velociter, & fortiter, saciet sonum, necef¬
136 1166 1164 1211 se est enim vt motus percutientis antecedat diuisionem aeris, vt ho
130 1219 681 1258 mo si percusserit cumulum arenae.
170 1255 1156 1307 Cum declarauit quod percussio fit per aliquid, apud aliquid, & in aliquo,
140 1297 1159 1339 & declarauit ea, per quae fit percussio, & secundum quae, incoepit declarare
134 1337 1158 1379 illud, in quo fit percussio, & dixit. Et etiam auditur in aere, & in aqua, sed mi¬
119 1377 1152 1419 nus. i. sed aqua minus reddit vocem fortiter quam aer. D.d. Et aer non est
132 1417 1150 1459 solus sufficiens in sono, &c. i. & aer non sufficit vt fiat sonus absque aliquo
136 1455 1151 1506 pecusso: neque aqua etiam sufficit in hoc: sed indigetur vt in aere fiat percussio a cor
135 1495 1149 1543 poribus solidis in inuicem, & in ipso aere. D.d. & hoc erit, quando aer fuerit fi¬
132 1531 1154 1579 xus, &c. i. & sonus sit, quando percussio fuerit a solidis corporibus adinuicem, &
135 1572 1158 1611 in ipsum aerem: & fuerit percussio ipsius aeris per velocem motum, ita quod praecedat
131 1611 1151 1660 motum aeris: & fuerit percutiens habens latitudinem, & quantitatem: quoniam resi¬
135 1649 1157 1690 ster tunc ei aer. cum enim percutiens, & percussio fuerint talia, continget vt aer¬
133 1689 1148 1731 videatur quasi fixus, & non diuisus scilicet quando percutiens non fuerit diui¬
130 1729 1157 1779 sum: & motus eius non fuerit tardus. D.d. Et ideo, cum aliquid fuerit per
133 1765 1163 1805 cussum, &c. i. & signum eius, quod sonus non fit, nisi quando motus percu¬
136 1804 1164 1851 tientis fuerit velocior diuisione, est quod, cum aliquid fuerit percussum ex¬
130 1845 1161 1891 eis, quae non sunt innata facere sonum fortiter, & velociter, fiet sonus, vt
132 1884 1160 1923 accidit, quando homo percusserit cumulum arenae fortiter, & velociter
