1416 2066
193 186 1239 227 complexioni, manifestum est ex praedictis. quoniam, cum anima sensi
207 227 1237 268 bilis non est virtus attributa complexioni, quanto magis intellectus. Et
206 267 1236 307 si esset attributa complexioni, tunc, sicut dicit Aristot. esse formae lapi¬
212 303 1232 347 dis in anima, esset idem cum eis esse extra animam, & sic lapis esset com¬
208 343 1242 396 prehendens. & alia multa impossibilia contigentia huic positioni. Et
209 387 1238 435 quidam dubitabit in hoc, quod fuit dictum, scilicet quod intellectus
204 423 1241 466 non habet instrumentum, ex hoc, quod dicitur, quod virtus imagina¬
208 463 1243 508 tiua est in anteriori cerebri, & cogitatiua in medio, & rememoratiua in
210 506 1244 550 posteriori. & hoc non tantum dictum est a Medicis, sed dictum est in Sen
212 541 1234 595 su & sensato, Galenus autem, & alii Medici raciocinantur super hoc, quod
210 581 1229 626 istae virtutes sunt in istis locis per locum concomitantiae. & est locus fa¬
211 620 1237 660 ciens existimare, non verus. Sed declaratum est in libro de sensu, & Sen¬
212 661 1232 699 sato, quod talis est ordo istarum virtutum in cerebro per demonstratio¬
214 707 1237 747 nem dantem esse & causam. Sed istud non contradicit illi, quod dictum
213 739 1237 779 est, hic. T virtus enim cogitatiua apud Aristo. est virtus distinctiua indi
193 788 1237 827 uidualis, scilicet quod non distinguit nisi indiuidualiter, non vniuersaliter.
214 818 1239 858 Declaratum est enim illic quod virtus cogitatiua non est nisi virtus, quae
209 856 1234 899 distinguit intentionem rei sensibilis a suo idolo imaginato. & ista vir¬
210 895 1234 939 tus est illa, cuius: proportio ad has duas intentiones, scilicet ad idolum
214 939 1238 979 rei, & ad intentionem sui idoli, est sicut proportio sensus communis ad
208 976 1236 1019 intentiones quinque sensuum. virtus enim cogitatiua est de genere vir¬
209 1013 1230 1056 tutum existentium in corpore. Et hoc aperte dixit Aristo. in illo libro
206 1052 1233 1099 cum posuit virtutes indiuiduales distinctas in quatuor ordinibus. In
206 1092 1240 1145 primo posuit sensum communem, deinde virtutem imaginatiuam, de¬
209 1132 1239 1179 inde cogitatiuam, & postea rememoratiuam. Et posuit, rememota¬
211 1172 1243 1220 tiuam magis spiritualem, deinde cogitatiuam, deinde imaginatiuam,
209 1213 1237 1250 & postea sensibilem. Licet igitur homo proprie habeat virtutem co¬
205 1252 1235 1305 gitatiuam, tamen hoc non facit hanc virtutem esse rationabilem distin¬
201 1290 1238 1342 ctiuam. illa enim distinguit intentiones vniuersales non indiuiduales. &
214 1326 1240 1371 hoc fuit aperte dictum ab Aristo. in illo libro. virtus igitur distinctiua
214 1379 1239 1412 rationalis, si esset virtus in corpore, contingeret vt esset vna istarum vir
209 1409 1232 1450 tutum quatuor. quapropter haberet instrumentum corporale: aut es¬
208 1446 1237 1491 set alia virtus indiuidualis distincta ab istis quatuor. sed iam declaratum
213 1488 1234 1531 est illic hoc esse impossibile. Et, quia Galenus existimauit quod virtus
207 1528 1235 1563 cogitatiua est rationalis materialis, fecit ipsum errare in hoc locus con¬
210 1565 1234 1610 sequentis. quia enim virtus rationalis appropriatur homini: & cogitati¬
212 1606 1234 1648 ta appropriatur ei: existimatur propter conuersionem affirmatiuae vni¬
213 1643 1242 1684 uersalis quod cogitatiua est rationalis. & vnus eorum, qui errauerunt
211 1684 1237 1724 in hoc, est Albelfarag habyloniensis, in suo commento in lib. de Sensu &
209 1721 1239 1764 sensato. Deinde dicit. Recte igitur dixerunt dicentes animam esse locum
213 1761 1239 1803 formarum idest cum declaratum sit quod non est mixtus alicui corpori, tunc
206 1811 1242 1850 recte dixerunt describentes animam esse locum formarum, cum non acce¬
207 1852 1243 1890 perunt in notificando substantiam eius propinquam, istam consimilitu¬
212 1879 1237 1926 dinem, & conuenientiam, quae est inter ipsam ad spens, & locum ad locatum.
