1416 2066
140 181 1179 228 rium: simile enim non patitur a suo simili. & nutrimentum trans¬
154 221 1182 267 mutatur, & digeritur: & transmutatio in quolibet est ad dispositio
151 267 677 307 nem oppositam, aut ad medium.
195 315 1167 362 Sed ista existimatio, licet inueniatur in elementis per sensum, & indu¬
157 362 1179 403 ctionem, tamen in ipsa quaestione est locus dubitationis ex propositionibus fa
155 402 1173 443 mosis. est enim sermo quidam qui dat quod nutrimentum est similile, & alius, qui dat
153 444 1178 483 nutrimentum esse contrarium. D.d. rationem super vtrunque sermonem, &
160 481 1176 523 d. Quidam enim dicunt, &c. i. quidam enim Antiquorum opinabantur,
156 518 1177 568 quod nutrimentum debet esse simile, quia simile nutrit suum simile, & augmen¬
156 564 1184 610 tat ipsum. contrarium enim transmutat suum contrarium: sed non nutrit ipsum
161 596 1191 642 neque augmentat. Et, cum dixit hanc rationem, dixit etiam tationem, quod nutrimen
157 636 1186 675 tum est contrarium, & d. Et quidam econuerso. i. & dixerunt hoc scilicet quod con
159 676 1185 715 trarium nutritur a suo contratio, non a suo simili, quia opinati sunt quod nu¬
155 715 1188 756 trimentum patitur a nutribili, & simile non patitur a suo simili: ergo nutrimen
155 756 1181 794 tum non est simle. & cum viderunt etiam quod nutrimentum transmutatur in nu
158 795 1169 835 tribile, & patitur: & omnis transmutatio est a contrario ad contrarium
160 834 1185 883 aut ad illud, quod est medium inter contraria: concluserunt ex hoc quod
155 872 593 916 nutrimentum est contrarium.
198 923 1186 974 Adliuc autem patitur aliquid alimentum ab eo quod alitur, sed
152 969 1195 1015 non hoc ab alimento: sicut neque instructor a materia, sed ab illo haec
158 1011 1182 1058 instructor autem mutatur solum in actum ex ocio. vtrum autem
156 1050 1189 1098 sit alimentum quod vltimo aduenit, aut quod primo, habet diffe¬
157 1095 1189 1139 rentiam: si autem vtrumque, sed hoc quidem non coctum, illud au¬
157 1140 1197 1180 tem coctum, vtrobique vtique continget alimentum dicere: inquantum
165 1180 1187 1227 enim non coctum, contrarium contrario alitur: inquantum autem
158 1228 1188 1275 coctum, simile simili. Quare manifestum quod dicunt quodam
157 1263 705 1306 modo vtrique & recte & non recte.
209 1314 1193 1362 praeterea alimentum patitur aliquid ab eo quod alitur: sed non hoc
156 1362 1187 1411 ab alimento: quemadmodum neque, faber a materia, sed ea ab illo: saber
156 1411 1192 1459 autem, ex ocio duntaxat ad negocium mutatur. utrum autem sit ali¬
155 1450 1197 1513 mentu id quod ultimo adhibetur, an id quod primo, differentia est: quod si
161 1500 1193 1562 utrumque, sed alterum crudum, alterum concoctum, utroque, modo possi¬
161 1555 1193 1595 mus alimentum dicere: nam quatenus erudum est, contrarium contra¬
154 1596 1190 1659 rio alitur: quatenus concoctum, simile simili: itaque, constat utrosque quo¬
157 1643 738 1691 dammodo & recte & non recte dicere.
192 1691 1197 1739 Et etiam nutrimentum patitur quoquo modo a nutribili, sed
160 1735 1188 1778 non econuerso. sicut Carpentarius non a materia, sed materia ab
158 1776 1190 1820 illo. Carpentarius autem transmutatur tantum ad actionem ex o¬
154 1819 1194 1867 cio. Inter hoc igitur, quod nutrimentum sit illud, quod copulatur. in
153 1866 1192 1915 postremo, & hoc scilicet vt sit illud, quod prius copulatur, est dif¬
