1416 2066
259 161 1311 221 esse lumen neque, recte Empedocles aut si quis alius periude locutus est.
259 220 1303 259 ac silumenferatur, ac demum extendatur inter terram et coelum am
252 260 1299 315 biens, nos uero lateat. hoc enim est praeter ueritatem quae in ratione posi
257 303 1299 354 sa est, & praeter ea quae apparent. in paruo namque interuallo forte nos
262 355 1303 403 lateret. Latere uero ab ortu ad occasum, magnum admodum po¬
259 403 464 459 stulatum est.
304 452 1287 498 Et existimatur quod lux sit contrarium obscuritati. & obscuritas
256 497 1292 547 est priuatio habitus a diaphano: declaratur igitur ex hoc quod lux est
252 540 1287 587 praesentia istius intentionis. Et non vere dixit Empedocles neque
258 589 1290 633 alius, si aliquis dixit sicut ipse dixit, quod lux transfertur, & va¬
258 620 1298 675 dit in tempore inter terram, & circunferentiam. sed imperceptibi
254 663 1295 707 lia a nobis. Iste enim sermo est extra verum, & extra apparentiam.
261 716 1299 763 possibile est enim hoc non percipi in breui spatio. sed non percipi de
257 748 1077 796 oriente ad occidentem magna est differentia valde.
247 803 1300 858 Cum declarauit quod lux est perfectio corporis diaphani, secundum quod est diapha
259 847 1297 891 num, incoepit declarare modum, per quem certificabitur quod lux non est cor¬
254 887 1294 935 pus, sed est dispositio, & habitus in corpore diaphano, & dixit. Et existima
259 933 1296 980 tur quod lux est contrarium obscuritatis, &c. & videtur quod lux sit opposita ob
257 958 1293 1011 scuritati secundum priuationem, & habitum. D.d. declaratur igitur ex hoc quod lux
258 1004 1291 1058 est praesentia istius intentionis. i. declaratur igitur ex hoc scilicet quod obscuritas est
258 1043 1284 1091 priuatio lucis in diaphano, quod lux non est corpus, sed est praesentia intentio¬
260 1083 1286 1124 nis in diaphano: cuius priuatio dicitur obscuritas apud praesentiam cor¬
260 1120 1290 1168 poris luminosi. Et hoc, quod dixit manifestum est. quoniam subiectum ob¬
258 1159 1295 1202 scuritatis, & lucis est corpus, & est diaphanum: & lux est forma, & habitus
254 1200 1300 1246 istius corporis. &, si esset corpus tum corpus penetraret corpus D.d. & non ve
260 1243 1297 1293 re dixit Empe. &c. i. & nihil dixit Emp. cum dixit quod lux est corpus. & quod pri
259 1279 1295 1323 mo transfertur, & vadit inter terram, & circunferentiam, deinde transfertur
259 1317 1296 1362 ad terram, sed sensus non percipit propter velocitatem motus. D.d. Iste
264 1356 1288 1403 enim sermo est extra verum, &c. & iste sermo scilicet Empe. est extra rationem,
262 1396 1297 1448 possibile enim est hoc non sentiri in breui spatio, sed in maximo spatio. i.
259 1435 1065 1476 ex oriente in occidentem est maxime recedere a ratione.
301 1492 1287 1539 Est autem coloris susceptiuum, quod sine colore: soni autem ab
254 1539 1298 1586 sonum. sine colore autem diaphanum, & inuisibile, autem quod vix
261 1579 1293 1626 videtur, vt videtur quod tenebrosum est: huiusmodi autem dia¬
262 1620 1299 1674 phanum quidem est: sed non cum sit actu diaphanum sed cum po
265 1664 1296 1712 tentia. eadem enim natura quandoque quiden tenebra: quandoque
258 1707 548 1754 autem lumen est.
299 1755 1291 1803 Est autem coloris quidem receptiuum quod colore uacat, soni autem
258 1802 1292 1859 quod sono. uacat autem colore, perlucidum, & inuisibile, & quod uix
260 1844 1298 1907 cernitur: cuiusinodi uidetur esse tenebrosum: tale autem perlucidum est
