1416 2066
184 187 1240 243 Et, si homo concesserit ista, & posuerit quod intellectus est aliqua
197 236 1245 284 pars animae, & similiter etiam virtus sensus, tamen neque cum hoc
200 277 1241 322 locuti sunt vniuersaliter de omni anima, neque de vna anima vni¬
201 316 1238 363 uersaliter. Et similiter accidit in sermone, qui dicitur inueniri in
198 359 1238 403 versibus attributis Archoim. dicit enim quod anima intrat intus a to
207 411 1247 450 to apud anhelitum: quia venti deferunt eam. Hoc igitur non acci¬
205 443 1246 491 dit plantis, neque in quibusdam animalibus: cum non omne ani¬
203 492 622 530 mal sit habens anhelitum.
240 523 1245 570 Dicit. Et, si homo concesserit eis quod omne animal est intelligens, & posuerit quod
199 571 1244 611 virtus intellectus, & sensus sit iidem, tamen cum hoc etiam non erunt locuti de omni
209 611 1243 659 anima. Qui enim locutus est de ea per cognitionem, non loquitur de anima
204 658 1244 691 non cognoscenti: qui autem per motum, non loquitur de anima non mo¬
204 683 1244 733 ta. & cum hoc sermo amborum non est in eadem anima. natura enim animae
204 732 1246 772 motae alia est a natura cognoscentis. Isti igitur non loquuntur de anima
207 765 1246 804 vniversaler & etiam cum hoc quidam eorum loquuntur de vno modo animae, & qui¬
203 804 1245 848 dam de alio modo. D.d. Et similiter accidit, &c. idest & hoc idem accidit Ar¬
209 844 1245 883 choim, secundum quod loquitur de anima particulari, & existimat loqui de anima vniversali, fingens
205 884 1240 932 quod natura animae est illud, quod intrat corpus a toto continenti apud anheli¬
201 922 1235 963 tum. Iste enim non loquitur de omni anima, quia plantae habent animam,
204 963 1234 1004 tamen non habent anhelitum, & similiter plura animalia. anhelans enim est
197 1001 1148 1043 animal ambulans sanguinem habens, vt dictum est in Animalibus.
240 1058 1236 1107 Hoc autem latuit sic opinantes. si vero ex elementis animam fa
201 1101 1248 1147 cere oportet, nihil oportet ex omnibus. sufficiens enim est altera
203 1149 1247 1195 pars contrarietatis, se ipsam diiudicare & oppositam. Recto enim &
206 1185 1237 1235 ipsum & obliqum cognoscimus. Iudex enim vtrorumque canon est. Ob
201 1229 843 1275 bliqum autem neque sui ipsius, neque recti.
247 1284 1239 1329 Caeterum si ex elementis animam facere oportet, non est opus ex om¬
205 1344 1228 1395 nibus: sufficit enim altera pars contrarietatis, ad se ipsam diiudicandam,
202 1379 1242 1434 & oppositam: recto enim tum hoc ipsum, tum obliquum cognoscimus:
198 1440 1146 1482 norma enim utriusque iudex est: obliquum uero, nec sui, nec recti.
242 1508 1236 1554 Et ignorauerunt existimantes hoc scilicet ponentes animam ex elemen¬
198 1553 1243 1594 tis scilicet quod non de necessitate debent ponere eam ex omnibus eis. Suf¬
203 1588 1238 1643 ficit enim vnum contrariorum in iudicando super ipsum, & super suum
204 1635 1245 1688 oppositum, per rectum enim scimus rectum, & curuum. regula enim iudi¬
203 1675 1234 1730 cat vtrumque per suam rectitudinem. per curuum autem non scimus,
197 1720 663 1763 neque ipsum in se, neque rectum.
243 1756 1247 1802 Et, cum ignorauerunt quoniam non indigebant ponere animam ex omnibus con¬
205 1804 1243 1843 trarietatibus existentibus in elementis. Sufficiebat enim eis ponere eam ex
204 1832 1236 1883 altero duorum contrariorum scilicet ex alio, quod est quasi habitus quidam, & for¬
200 1879 1237 1931 ma. tale enim contrarium sufficit in iudicando super se, & super suum op
