1416 2066
222 172 1255 219 non quia nos tangimus ipsum, est per simplicia. v. g. per aerem, aut:
219 220 1251 266 per aquam. Et ita est scilicet quod si per vnum fiant sensibilia plura vno, quae
221 258 1249 305 differunt abinuicem in genere, necesse est habens istum sensum quod
213 300 1245 339 sentiat vtrumque. v. g. quod, si sentiens est ex aere, & aer est soni, & colo¬
213 339 1254 385 ris. Et, si per plura vno sit vnum. v. g. color per aerem & aquam:
209 385 1242 427 sunt enim aequales: manifestum est quod habens vnum tantum sen
214 422 663 475 tit, quod sentit per vtrunque.
226 483 1245 531 Cum declarauit quod, si deficit in nobis aliquis sensus necesse estia vt deficiat
211 526 1249 569 aliquod sentiens: & etiam fuit manifestum ex hoc quod, si deficit in nobis a¬
210 565 1248 610 liquod sentiens, necesse est vt deficiat in nobis aliquis sensus, qui differat
214 605 1252 645 in genere a sensibus istarum virtutum, cum istis virtutibus non deficit sen
218 645 1249 690 tire aliquid ex eis, quae innata sunt inueniri in eis: & quod haec duo conuertumn¬
215 688 1242 731 tur scilicet quorum vtrumlibet fuerit, erit alterum: &, si vnum auferatur, aufe¬
218 731 1249 763 retur & reliquum: incoepit declarare quod impossibile est sextam virtutem
219 760 1238 803 esse: quia impossibile est vt sit sentire extraneum in genere ab istis sensa¬
218 810 1240 850 tionibus. Et hoc declaratur tribus demonstrationibus. Quarum prima
223 838 1247 883 est accepta a mediis. Secunda ab instrumentis, quibus sit sentire. & causa,
219 883 1245 923 data in his duabus demonstrationibus est quasi materialis. Tertia autem
219 926 1249 964 est accepta a sensibilibus ipsis: & est magis firma illis duabus, cum causa
214 959 1244 1002 accepta in ea sit finalis. Et incoepit a demonstratione, quae est accepta a
215 999 1241 1043 medio: sed tacuit quasdam propositiones, & conclusionem. Et ista demon
217 1039 1244 1083 stratio fundatur super propositiones. Quarum vna est, quod Tomne, quod
215 1080 1241 1119 sentiit animal, aut sentit ipsum per contactum, aut mediante corpore ex¬
216 1117 1247 1161 traneo. & omne, quod sentimus per contactum, aut sentimus ipsum me¬
211 1164 1246 1203 diante carne, aut per ipsam carnem, si fuerit instrumentum. Et hoc inten¬
213 1196 1244 1248 debat, cum dixit & omne, quod sentimus, &c. i. & omne, quod sentimus non
219 1242 1245 1283 per contactum, sed mediante corpore extraneo, sentimus ipsum mediante
213 1276 1249 1315 altero istorum duorum elementorum, aut vtroque scilicet aqua aut aere. & hoc
208 1312 1252 1362 intendebat cum d. & omne, quod sentimus per media, &c. i. &, cum ita sit,
208 1354 1234 1395 sicut diximus, manifestum est quod necessario sequitur ex hoc, ut omne ha¬
214 1393 1241 1441 bens sensum per carnem, aut per alterum istorum duorum elementorum,
211 1432 1254 1475 aut per vtrunque non inuenitur ei de sensu, nisi illud, quod potest fieri per
210 1473 1249 1515 haec duo scilicet per carnem, aut per medium extraneum. omne igitur animal
211 1516 1244 1555 non habet de sensibus, nisi qui possunt fieri per haec duo scilicet per carnem, aut
208 1551 1251 1602 per medium extraneum. Et, cum declarauit quod omne animal necesse est vt
211 1587 1247 1635 non sentiat nisi per carnem, aut per media, incoepit declarare quod sequi¬
205 1629 1240 1674 tur ex hoc, quod omne animal habens aliquod medium ex istis mediis, ne¬
208 1669 1235 1712 cesse est vt habeat de sensibilibus sensibilia, quibus seruit illud medium
210 1707 1245 1750 & reddat ea non aliud, & d. Et ita est scilicet quod, si per vnum, &c. i. manifestum est
213 1748 1254 1795 quod, cum posuerimus quod omne animal non sentit nisi per medium, quod est
213 1788 1250 1827 caro, aut aer, aut aqua, si per vnum istorum mediorum caderent sensibi¬
209 1827 1249 1867 lia plura vno in genere, necesse est, vt omne animal sentiens per illud me
197 1876 1250 1922 dium, non habeat de sensibilibus, nisi ea, quae innata sunt reddi ab illo me
