1416 2066
243 156 745 197 isto modo sunt glosanda dicta Auer. & re¬
243 197 743 226 ducenda in bonum intellectum. Et qui non
240 228 749 258 vult illo modo intelligere, vadat via sua. ar
243 258 745 291 bitril enim nostri non est quod quisque loqua
242 287 745 328 tur. Subtilis doctor in quolibetis quaestio¬
243 318 746 350 ne. 13. in arti. 3. in responsione ad secundum.
247 350 749 387 dicit quod sicut esse album est habere formali¬
242 380 748 414 ter albedinem, sic sentire est habere forma
241 410 751 445 liter sensationem. sed hoc non est vniuersa,
238 444 744 478 liter verum. quia stat aliquid formaliter de
242 475 740 507 nominari ab aliqua forma, licet illa forma
238 505 749 538 liter non inhaereat. vt communiter dicitur de his
242 537 738 578 principiis ab extrinseco denominantibus
273 570 749 602 Trigesimatertia contradi. est in com. St.
243 597 745 634 dicitur sensum esse de virtutibus passiuis.
250 630 742 666 videtur autem oppositum probasse Philo¬
239 661 741 698 sophus superius in tex. com 37. vbi decla¬
235 699 739 724 rat animam effectiue concurrere ad om¬
240 722 748 757 nes motus tam veros quam existimatos, vt
241 757 749 787 dicit ibi Commen in commento. Soluitur.
238 785 749 817 Dico quod opinio illa Alberti Magni in. 2. de
238 818 745 850 anima iudicio meo est multum rationi com
242 847 749 882 sona, quod sensus, licet vt est in potentia ad re¬
235 885 752 914 cipiendum speciem sit passiuus, fit autem
238 909 751 946 actiuus, postea quam specie illa informa¬
239 945 745 978 rus fuit respectu sensationis. illi autei, qui
236 978 741 1011 posuerunt motorem separatum concurre¬
242 1002 749 1035 re immediate ad sensationem causandam
234 1037 749 1069 aliqua speciali infiuentia. multum, vt mihi
246 1065 748 1098 videtur, excedunt limites istius artis. Et ficet
241 1097 748 1130 ommen. 2. de anima. commen. 60. moueat
244 1127 749 1162 istam quaestionem, quae omnino dubia est,
249 1159 747 1194 & ab eo cum difficultate apparet solutio,
242 1191 741 1225 tamen talem motorem separatum non po¬
238 1222 741 1258 sit, sicut expositores eius dicunt. impossibi¬
247 1254 739 1289 bile enim est quod sensatio effectiue sit ab in
244 1283 740 1325 telligentia, tanquam a causa efficiente, pro¬
238 1317 747 1352 pinqua aliqua speciali infiuentia concur¬
241 1349 749 1385 rente. Nam secundum Auer. 7. meta. com. 31.
235 1379 751 1417 ad finem, quod mouit Aristo. ad ponendum
246 1407 750 1442 mouens separatum a materia fuit factio
238 1441 746 1474 virtutum intelligentium: quia virtutes in¬
240 1477 745 1507 tellectuales apud ipsum sunt non mixtae
236 1503 749 1538 cum materia. omne enim non mixtum cum materia
235 1532 743 1564 fit a mixto cum materia simpecutu: quemadmo¬
239 1563 743 1594 dum omne mixtum cum materia generatur a
236 1593 747 1632 mixto cum materia. & primo meta. com. 3i.
244 1628 743 1658 materiale non transmutatur nisi a mate¬
240 1653 745 1698 riali. Et confirmatur. Aristo in plerisque lo¬
239 1686 751 1719 cis damnat Antiquos, quia effectum sensi¬
244 1718 752 1754 bilium ponebant causas insensibiles, sicut
244 1755 746 1786 patet primo meta. 19. 2I. 23. 13. &. 3 6. mo¬
240 1777 745 1818 do, si Commen. ponat intelligentiam esse
244 1812 742 1850 immediatam causam senfationis, tunc ipse
248 1843 747 1875 incidit in foueam quam fecit. quia effectus
245 1874 751 1914 sensibilis erit immediate ab insensibili &
776 157 1280 199 & abstracta causa. Amplius. quomodo eua¬
771 198 1287 235 det quin aliquid nouum immediate proue
773 229 1287 258 niat ab antiquo: forte dices quod hoc facit me
770 260 1280 297 diante obiecto, quod concurrit dispositiue
778 288 1276 323 & non effectiue. Contra. quiatunc soluun¬
775 319 1277 354 tur argumenta Aristote. contra Platonem
775 350 1277 384 de ideis, & Auer. contra Auicen. qui pone¬
781 384 1279 418 pat datorem formarum: quia tales eriam
781 421 1277 450 ponebant ista agentia inferiora concurre¬
775 446 1287 475 re dispositiue. Amplius quomodo causa vni¬
773 477 1285 507 uersalis erit effectus particularis causa ini¬
770 506 1282 538 mediata non video. hoc autem sequitur cui
771 540 1282 571 denter, si intelligentia concurrat solum vt
781 567 1280 601 efficiens, & obiectum vt disponens. Amiplius.
775 598 1277 634 Aristo in secundo de anima. 32. 39. &. &o.
778 630 1281 666 reddit causam, quare non sentiunt sensus
774 660 1283 699 se, & quare non sentimus dum volumus,
779 692 1278 724 reducit hoc ad istam causam, quia sensus
772 725 1278 754 non possunt sentire sine motore extrinse¬
773 756 1279 786 co: tale autem est obiectum, vt omnes di¬
770 786 1278 818 cunt. Amplius, 39. & super commento libri
774 821 1280 850 de somno & vigilia habetur quod prima per¬
770 845 1278 882 fectio sensuum fit ab intelligentia agente,
774 881 1276 914 quae declaratur in libro de animalibus, sed
774 912 1277 946 ista postrema perfectio sit a sensibilibus.
774 942 1279 978 haec & alia adduci possunt, quae gratia bre¬
780 973 1277 1006 uitatis omitto. Dico igitur, siue species sen
774 1004 1282 1035 sibilis idem sit cum sensatione, siue non
774 1037 1282 1066 idem, quaestionem istam ab Auer. motam
771 1067 1281 1109 esse propter speciem, non propter sensatio¬
775 1098 1281 1130 nem. quia miratur ipse, vnde habet obiectum
779 1128 1275 1159 producere spiritualius esse quam sit suum
780 1157 1285 1193 esse. non a medio, vel ab organo potest esse
771 1191 1285 1228 ista maior spiritualitas in specie quam in
774 1221 1276 1258 obiecto: quia medium concurrit vt materia
778 1254 1279 1291 tantum in receptione speciei. effectus autest
784 1285 1282 1314 potius insequitur agens, quam materiam.
773 1316 1281 1347 Et ideo videtur esse ponendus extrinsecus
775 1343 1279 1378 motor. & hoc non potest negari. sed non
773 1382 1281 1411 modo, quo Moderni ponunt. Nam intelli¬
770 1407 1284 1446 gentia ipsa secundum Aristo. concurrit ad
773 1446 1283 1475 omne opus mundi huius: ideo enim mun¬
779 1469 1277 1506 dum hunc oportet superioribus lationibus
780 1508 1279 1540 continuum esse, vt omnis virtus eius gubet
777 1530 1281 1565 netur inde, meteoro. primo. vnde, sicut in
776 1565 1276 1602 generatione animalis virtus informatiua
783 1594 1281 1627 xistens in semine in virtute animati, scili¬
779 1629 1285 1658 cet coelestis corporis & intelligentiae non er
779 1658 1274 1690 rantis. a qua gubernatur, producit animal,
774 1687 1277 1722 sic obiectum sensibile extra quantumque
774 1720 1279 1755 materiale esse habeat in virtute intelligen¬
778 1753 1282 1786 tiae, cuius ipsum est quasi instrumentum,
782 1786 1282 1819 produicit speciem sensibilem habentem
774 1813 1278 1849 spiritualius esse quam habeat ipsa. sensus
776 1845 1280 1882 autem specie informatus virtute obiecti pri¬
771 1877 1282 1907 mi fit actiuus ad sensationis productionem.
