1416 2066
239 172 1287 235 per aliud sentiendo sensum efficiunt, & per intermedia. at tactus in
253 230 1287 285 tangendo ea consistit. quamobrem etiam nomen hoc habet. at qui et
252 278 1289 331 alia sensoria tactu sentiunt, sed per alia: hic aut uidetur solus per se.
261 315 1293 372 Quare nullum eiusmodi elementorum fuerit corpus animalis. Neque, uero
257 371 1286 427 terreum. tactus enim quasi mediocritas est omnium tactilium. atque, senso¬
253 412 1286 474 rium hoc, non solum differentiarum, quae terrae sunt receptiuum est,
254 459 1289 513 uerum etiam calidi & frigidi, ac reliquorum omnium tactilium. quo
255 516 1296 566 fit ut nec ossibus nec pilis nec id genus aliis partibus sentiamus, quia
258 560 1289 603 terrae sunt. & plantae, propterea nullum habent sensum, quia terrae sunt:
253 603 1291 659 at sine tactu, nullus alius esse potest. hoc autem sensorium neque, terrae est,
256 651 746 716 neque, ullius alterius elementorum.
302 706 1296 755 Manifestum est igitur quod impossibile est vt corpus animalis sit
256 740 1290 795 simplex, sicut ignis, aut aer. Impossibile est enim vt habeat vnum alium
249 788 1285 843 sensum praeter tactum. omne enim corpus animatum est tangibile, secundum quod
256 836 1294 875 diximus. Et illa alia sunt instrumenta sensus praeter terram. omnia enim
257 870 1286 923 faciunt sensus, quia sentiunt per aliud, & per medium. tactus enim fit
254 916 1292 963 tangendo: & ideo vocatur hoc nomine. Et hoc est, quod alia instrumen
263 963 1286 1010 ta sensus non sentiant, nisi mediante tactu. sed hoc est per alia me¬
254 1003 1294 1044 dia: illud autem existimatur contentum per se. Et ideo nullum isto¬
257 1037 1291 1082 rum elementorum est corpus animalis. Neque terra. tactus enim est qua
255 1081 1289 1137 si medium aliis sensibilibus. & insteundum recipiens non congregat tam
259 1123 1294 1171 tum mutationes terrestres, sed etiam calidum, & frigidum, & alia tan
258 1168 1290 1218 gibilia. Et ideo non sentimus per ossa, & pilos, & per tales partes.
261 1208 1294 1259 Et ideo vegetabilia non habent aliquem istorum sensuum, quia sunt
258 1248 1292 1292 ex terra. Impossibile est enim vt alius sensus sit sine tactu. & hoc in¬
238 1293 1289 1339 strumentum, quod est sensui, non est ex igne. neque ex aliquo illorum
256 1338 628 1379 aliorum elementorum.
255 1376 1288 1435 D.Impossibile est vt corpus animalis sit simplex. impossibile est enim
259 1423 1287 1467 vt animal habeat aliquem trium sensuum sine tactu. omne enim anima¬
257 1459 1284 1504 tum debet esse tangens. D.d. Et illa alia, &c. i. & corpora simplicia sunt in¬
256 1499 1290 1540 strumenta trium sensuum, praeter terram, quae non est instrumentum ali¬
261 1539 1289 1587 cuius sensus. & hoc fuit, quia omnes isti sensus scilicet tres, agunt sensum, quia
257 1580 1292 1619 indigent simplicibus instrumentis, & medio extrinseco. I. denuidatis a sen
252 1615 1291 1659 sibilibus scilicet vt instrumentum in visu, & medium non habeat colorem, ne
253 1658 1282 1706 que in olfactu odorem, neque in auditu sonum. Et quae denudantur ab istis,
254 1698 1283 1745 aut sunt corpora simplicia, aut in quo dominantur corpora simplicia. sed
250 1730 1286 1773 tactus differt ab istis sensibus, quia comprehendit suum sensibile sine me
257 1774 1285 1819 dio. & ideo nullo elemento medio vtitur in extrinseco. Et, cum declaratum
258 1814 1287 1859 est hoc de sensu tactus, necesse est vt suum instrumentum non sit simplex.
259 1851 1284 1898 Et vniuersaliter vult declarare hoc, quod tactus in hoc differt ab aliis sen¬
