1416 2066
211 180 1262 241 proinde dere fractione rectius censendu est, aerem pati a colore & figu¬
231 236 1265 300 ra, donec sit unus, sin leui autem est unus, quam uisionem egredientem refrin¬
224 275 1267 348 Qi, quaobrem rursus is quoque, uisum mouet, non secus ac si signum quod
230 332 1122 379 in ceram imprimitur, usque ad imam ceram transmitteretur.
271 379 1270 427 Et hoc non erit, nisi quando fuerit sensibile per medium, quia aut
221 421 1256 467 illud patitur a sensibili & mouetur, hoc uero ab illo. Et, sicut illud,
224 468 1261 515 quod mouet in loco, agit quousque transmutetur, & similiter quod
230 506 1260 555 expellit aliud, donec expellatur, & erit motus per medium, primum
226 547 1260 595 autem mouet, aut expessit absque eo quod expellitur, aliud autem expellitur,
224 590 1258 649 tameun & non expellsit, medium autem habet vtrunque, & media sunt multa,
229 631 1262 675 & sic est de transmutatione, sed quiescens in eodem loco. Et, sicut qui ipri
232 676 1271 732 mit in ceram, imprimit quaediu mouet, & ad locum ad quem peruenit inpres¬
231 718 1263 762 sio. lapis enim non imprimitur omnio. sed aqua inprimitur in remoto spatio &
231 761 1273 810 aer mouetur multum, & agit & patitur si remanet, & est idem. Et
224 803 1263 857 propter hanc causam melius est vt aer patiatur per conuersionem,
225 854 1270 899 a corpore, & a colore, quod possibile fuerit aut visus per transmuta
234 888 1260 931 tionem, & conmuersionem, & est idem in rebus lenibus. Et ideo hoc mo¬
229 932 1265 979 uet visum etiam, sicut sigillum existens in cera redditur ad vltima eius.
271 979 1262 1019 D.& hoc sentire, quod est ex remoto, fit, quando sensibile mouerit sen¬
224 1023 1267 1072 tiens per medium. quoniam quando illud, quod est medium, patitur, &
230 1060 1261 1107 mouetur a sensibili: & hoc, quod est sensus, patitur a medio. Deinde dicit,
225 1100 1259 1139 Et sicut illud, quod mouet in loco, &c. i. &, quemadmodum corpus mo¬
234 1141 1271 1180 uens in loco indiget in hoc, quod moueat, vt agat, quousque moueatur &
229 1179 1263 1219 transmutetur: & similiter illud, quod expellit aliud, indiget vt expellatur,
229 1219 1271 1259 & tunc expelletur: & sic motio in talibus rebus componitur ex tribus ad
231 1263 1270 1299 minus scilicet primo motore, & medio, & postremo moto. primus autem mo¬
230 1303 1274 1347 tor expellit & mouet, & non mouetur: postremum autem motum expellitur,
224 1333 1268 1379 & mouetur, & non mouet: medium autem facit vtrunque scilicet mouet & mo¬
232 1373 1263 1419 uetur: medium autem potest esse vnum, & potet esse plus vno. D.d. & sic est de
231 1412 1269 1458 transmutatione, &c. i. & secundum dispositionem, quam natrauimus de motu in lo¬
228 1452 1266 1506 co scilicet quod componitur ex tribus rebus, ita est de hac transmutatione, quae fit a
229 1493 1268 1538 sensibilibus sensuum per media. Sensibilia enim mouent & non mouentur,
229 1531 1269 1571 & media inter ea mouent sensus & mouentur a sensibilibus, & Sensus mouentur &
230 1570 1260 1610 non mouent. Sed est dicitura inter ea, quod ista transmutatio, quae est in istis rebus me¬
229 1610 1261 1651 dia est, & medium permanens in eodem loco, & non transfertur ab eo: illic autem medium
232 1654 1272 1691 transfertur, & similiter postremum motum. Et cum declarauit ea, in quibus communicat ista
229 1686 1263 1738 transmutatio cum transmutatione in loco, & in quibus distinguitur ab ea,
233 1725 1267 1770 dedit exemplum in hoc, & d. Et sicut qui imprimit in ceram, &c. i. & iste mo¬
229 1762 1261 1810 tus, qui est medil in suis partibus a sensibili, valde est similis impressioni
229 1805 1267 1851 sigilli in ceram: & quemadmodum cera mouetur cum suis partibus a sigillo: & ille
223 1852 1269 1897 motus peruenit in ceram ad quodcunque poent peruenire virtus imprimentis: &
221 1888 1259 1931 tera permanet in omnibus suis partibus, ita est dispo in motu medil cum sensi¬
