1416 2066
195 213 699 258 test fieri virtus distinguens, aut com
193 247 696 298 prehensiua. quoniam, si esset possibi¬
200 291 699 338 le vt a natura eorum, & sine extrinse¬
194 326 704 370 tco motore fierent tales virtutes, tunc
196 365 699 414 esset possibile vt postrema perfectio
198 405 702 450 quae est intellecta, esset aliquod fa¬
203 445 705 491 ctum a substantia eorum elementorum,
209 491 704 535 vt color, & sapor fiunt. Et ista opi¬
208 522 707 575 nio est similis Topinioni negantium
205 564 704 618 causas agentos, & non concedentium
203 605 707 642 nisi causas materiales tantum: & Sunt
202 642 701 683 illi, qui dicunt casum. Sed Alexant
208 685 695 732 est maioris nobilitatis, quam vt ere
202 725 698 772 dat hoc. sed quaestiones, quae oppo¬
202 759 703 802 nebantur ei de intellectu materiali,
204 796 550 850 coecerunt ipsum ad hoc,
237 837 705 889 Reuertamur igitur ad dictum no¬
200 874 695 929 strum, & dicamus quod forte istae quae
200 917 697 962 stiones sunt, quae induxerunt Auem
203 964 702 1005 pace ad hoc dicendum in intellectu
195 992 697 1045 materiali. Sed quod accidit ei impossi¬
199 1030 699 1074 bile, manifestum est. Intentiones. inim
198 1069 703 1126 imaginatae sunt mouentes intellum,
198 1109 695 1151 non motae. Declaratur. enim quod sunt il¬
201 1148 707 1194 lud, cuius proportio ad virtutem di¬
198 1188 709 1234 stinctiuam rationabilem, est sicut
196 1227 703 1278 proportio sensati ad sentiens, non si¬
203 1275 707 1314 cut sentientis ad habitum, qui est sen
198 1304 706 1354 sus. Et, si esset recipiens intellecta,
199 1344 706 1386 tunc res reciperet se, & mouens esset
198 1385 709 1421 motum. Et iam declaratum est quod
202 1420 707 1466 intellectus materialis impossibile est
200 1459 702 1507 vt habeat formam in actu: cum sub
201 1501 699 1546 stantia, & natura eius est vt recipiat
195 1540 576 1594 formas: secundum quod sunt formae,
233 1613 701 1669 Et, cum haec omnia, quae possunt
207 1657 707 1698 lici in natura intellectus materialis,
202 1695 700 1749 videntur impossibilia, praeter hoc
198 1736 696 1778 quod dicit Arist. cui etiam contin¬
198 1775 692 1826 gunt quaestiones non paucae. Qua
198 1814 706 1866 rum vna est, quod intellecta speculati¬
738 212 1242 254 elementorum, & absque motore extrin
731 253 1236 304 seco possent fieri huiuscemodi virtu¬
733 292 1235 343 tes, posset, quoque vltimus actus, qui
735 327 1241 380 est ipsa intellectio esse quid or¬
734 368 1235 413 tum ex substantia illog elementorum,
737 406 1239 458 quemadmodum color & sapor oriun¬
736 445 1243 500 tur ex ipsis. Haec autem opinio est vtique
736 485 1241 527 similis illorum opinioni, qui negabant
739 532 1233 576 causas agentes, & tantun causas materiales com¬
734 564 1246 613 cedebant: & sunt illi, qui casum, & for
738 605 1239 642 tunam concedebant, Sed, cum Alexander
738 644 1239 695 sit longe praestantioris dignitatis ac
732 678 1233 722 nobilitatis, non est is, qui huiuscemo¬
734 724 1243 762 di opiniones credat. sed fuit coactus
731 759 1237 807 id dicere perper illas rationes, atque dubia, quae
737 797 1234 843 contra ipsum insurgebant eirca ipsum
733 837 1234 877 intellectum materialem. Reuorta¬
732 883 1236 922 mur autem nunc vnd digressi sumus, &
727 921 1237 968 dicamus quod fortasse haec argumenta
726 956 1235 1007 induxerunt ipsum Auempace, vt dice
730 993 1239 1035 ret illa de ipso intellectu materiali. Sed
730 1030 1227 1075 manifestum est illud inconueniens,
738 1069 1235 1119 uid contra ipcum insurgit. Nempe quia
735 1115 1237 1162 conceptus ipsi imaginarij mouent
734 1156 1233 1195 vtique intellectum, & non mouentur,
736 1188 1233 1240 Declaratumque iam est quod ita se habent
734 1227 1238 1270 ipsi ad virtutem discretiuam rationalem, si
733 1276 1231 1311 cut se habet res sensibilis ad ipsum sen¬
736 1309 1236 1348 tiens, non sicut sentiens ad ipsum habi
732 1347 1233 1394 tum, qui est sensus ipse. Si enim ipse reci
734 1384 1234 1434 peret intelligibilia, tunc res reciperet
732 1422 1235 1466 se ipsam, & ipm mouens esset mobile
733 1461 1232 1506 ipsum. Sed iam probatum fuit intellum
733 1501 1239 1543 materialem non posse habere formam
734 1542 1229 1586 in actu, cum eius substantiae, ac na turae
739 1580 1234 1634 sit recipere formas, quatenus sunt
735 1620 1231 1667 formae. Et, cum omnia quae de na¬
731 1658 1231 1706 tura intellectus materialis dici pos¬
729 1698 1235 1738 sunt, videantur esse impossibilia prae
732 1733 1235 1779 ter id, quod ab Aristotele dictum
733 1772 1237 1825 fuit: contra quod non pauca etiam in¬
734 1813 1239 1859 surgunt argumenta, seu dubia. Quoae
739 1853 1237 1902 primum est, quia sequeretur quod ipsa in¬
