1416 2066
229 229 736 274 intellecti, secundum quod est intel
233 271 731 324 lectum habet etiam quiditatem, sci¬
236 309 724 363 licet. intellectam istius quiditatis
238 350 726 392 tunc iste intellectus etiam erit inna¬
238 389 735 442 tus reuerti, & extrabare illam qui¬
233 428 363 474 ditatem.
272 620 730 672 Et, si non fuerit concessum uobis quod
235 661 737 707 ista quiditas est simplex, & quod ens ex
238 706 726 754 ea est idem cum intellectu, continget in
239 740 727 794 ea quod contingit in primo, & est quod etiam
227 781 730 830 habeat quiditatem factam, Et necesse
229 820 730 858 est tunc, aut vt hoc procedat in infini
234 859 735 898 tum, aut vt intellectus secetur ibi. Sed
235 896 736 951 impossibile est hoc, procedere in infinitum:
235 937 725 986 quia faceret quiditates, & imellectus in¬
226 981 730 1029 finitos diuersos inspe esse scilicet ecundum quod quiod
231 1015 727 1059 dam eorum sunt magis liberati a ma qui
234 1052 726 1107 quidam: necesse est igtur vt intellectus secetur
230 1091 734 1145 Et, cum secabitur, tunc, aut perueniet ad
231 1132 735 1178 quiditatem, quae non habet quiditatem,
235 1173 731 1219 aut ad aliquid habens quiditatem, sed in¬
232 1212 730 1251 tellectus non habet naturam extrahendi
226 1250 733 1290 illam: aut ad aliquid non habens quidi
230 1289 737 1338 tatem, neque est quiditas. Sed impossibile est
229 1330 735 1371 inuenire quiditatem, quam intellectus non
228 1374 732 1411 est innatus extrahere a quiditate:
230 1411 736 1450 quoniam iste intellectus tunc non dicere
238 1444 731 1494 tur intellectus, nisi aequiuoce: cum sit
230 1485 728 1530 positum quod intellectus innatus est ab
230 1524 731 1576 strabere quiditatem, in eo quod est qui
235 1561 725 1602 ditas: & impossibile est etiam vt in¬
233 1601 731 1642 tellectus perueniat ad aliquid non
238 1645 731 1683 habens quiditatem, & non sit quiditas:
242 1677 729 1727 quia quid non est quiditas, neque habet
234 1717 731 1766 quiditatem, hoc est priuatio simplici¬
234 1765 734 1809 ter. Remanet igitur tertia diuisio: &
239 1797 731 1847 est quod intellectus peruenit ad quidi¬
234 1837 735 1885 tatem non habentem quiditatem.
226 1876 729 1914 & quod est tale est forma abstracta.
759 229 1263 286 ius intelligibilis, quatenus est intelli¬
770 272 1265 322 gibile habet vtique quiditatem, i. intelligi
763 313 1267 364 pile illius quiditatis, tunc is quoque in¬
765 349 1259 402 tellectus erit aptus conuerti, & abstra¬
761 389 1265 434 here illam quiditatem. At, si aduersarius
766 434 1267 474 non concedet nobis illam quiditatem esse
758 468 1266 519 simplicem, & quod id, quid de ipsa reperitur,
759 509 1265 560 sit idem cum ipso intelligibili, tunc idem com
756 546 1271 594 tinget huic quid contingebat priori, nem
764 588 1260 637 pe vt habetat etiam quiditatem nouiter genitam
765 624 1269 666 & factam. Et sequetur tunc ex hoc, vel rem
763 661 1265 706 in infinitum processuram, vel quod intellus
761 705 1263 745 ibi sistatur. sed procedere rem in in¬
761 741 1261 786 finitum est impossibile, propterea quia
758 788 1262 830 efficeret quiditates, atque un intellus in
762 821 1261 870 finitos diuersos genere essendi, eo quia
764 861 1257 912 alii, vel alia eorum aliis sint magis ex¬
767 896 1259 953 ptes materiae: relinquitur igitur vt opor¬
762 934 1267 983 teat intellectum tunc sisti. Et, si sistatu,
762 987 1258 1021 tunc uel perueniet ad quiditatem, quae
767 1013 1269 1066 non habet quiditatem, vel ad quidita
765 1059 1273 1099 tem habentem quoque, quiditatem, attamen
761 1093 1267 1140 ipse intellectus non habeat naturam de
761 1132 1263 1183 nudandi atque abstrahendi illam quidita¬
763 1173 1271 1221 tem: aut ad aliquid non habens quidita¬
762 1213 1258 1264 tem, neque est & ipsum quiditas aliqua
766 1251 1262 1298 Sed impossibile est reperiri aliquam quidi
762 1293 1272 1338 tatem, quam intellectus non sit aptus
767 1332 1263 1372 abstrahere ab habente eam. nam tunc is
759 1367 1253 1411 intellectus non vocaretur intellectus
765 1406 1267 1458 nisi aequiuoce: cum iam sit sancitum ip¬
762 1444 1269 1483 sum intellectum esse aptum abstrahere
762 1492 1264 1536 quiditatem, quatenus est quiditas: im
763 1534 1261 1575 possibile quoque est vt ipse intellectus per¬
764 1563 1263 1602 ueniat ad aliquid, quod non habeat
765 1602 1267 1653 quiditatem, neque sit quoque quiditas:
758 1639 1268 1690 quia id, quod non est quiditas, neque
767 1680 1263 1729 naent quiditatem, est quidem mera priua¬
765 1718 1265 1771 tio. Relinquitur igtur tertia pars di¬
762 1756 1264 1806 uisionis, quae est videlicet quod intellectu
762 1803 1270 1845 perueniat ad quiditatem non habentem
759 1837 1260 1882 quiditatem. id vero, quod ita se habet, est
767 1873 1265 1914 vtique forma separata. Hanc autem ratio¬
