<?xml version="1.0" encoding="UTF-8" standalone="yes"?>
<PcGts xmlns="http://schema.primaresearch.org/PAGE/gts/pagecontent/2013-07-15" xmlns:xsi="http://www.w3.org/2001/XMLSchema-instance" xsi:schemaLocation="http://schema.primaresearch.org/PAGE/gts/pagecontent/2013-07-15 http://schema.primaresearch.org/PAGE/gts/pagecontent/2013-07-15/pagecontent.xsd">
    <Metadata>
        <Creator>prov=University of Rostock/Institute of Mathematics/CITlab|PLANET AI GmbH/Gundram Leifert/gundram.leifert@planet-ai.de:name=cod-dsKs3a-m1(htr_id=29297)::::v=2.6.7
prov=University of Rostock/Institute of Mathematics/CITlab|PLANET AI GmbH/Tobias Gruening/tobias.gruening@planet-ai.de:name=de.uros.citlab.module.baseline2polygon.B2PSeamMultiOriented:v=2.6.7
prov=University of Rostock/Institute of Mathematics/CITlab|PLANET AI GmbH/Tobias Gruening/tobias.gruening@planet-ai.de:name=/net_tf/LA73_249_0mod360.pb:de.uros.citlab.segmentation.CITlab_LA_ML:v=2.6.6
Transkribus</Creator>
        <Created>2021-01-03T10:57:15.788-05:00</Created>
        <LastChange>2021-01-11T23:12:35.104+01:00</LastChange>
        <TranskribusMetadata docId="564870" pageId="23108472" pageNr="394" tsid="51213236" status="IN_PROGRESS" userId="25065" imgUrl="https://files.transkribus.eu/Get?id=JSZVDPTGIZERDNRPVIUFAOGL&amp;fileType=view" xmlUrl="https://files.transkribus.eu/Get?id=VGKMUEEFFSWMPKSPDUGRIWDO" imageId="18032598"/>
    </Metadata>
    <Page imageFilename="Averroes_DeAnima_JuntSecunda_11-0394.jpg" imageWidth="1416" imageHeight="2066">
        <ReadingOrder>
            <OrderedGroup id="ro_1610406128074" caption="Regions reading order">
                <RegionRefIndexed index="0" regionRef="TextRegion_1610288745875_2204"/>
            </OrderedGroup>
        </ReadingOrder>
        <TextRegion orientation="0.0" id="TextRegion_1610288745875_2204" custom="readingOrder {index:0;}">
            <Coords points="228,129 1272,129 1272,1926 228,1926"/>
            <TextLine id="line_1610288745917_2207" custom="readingOrder {index:0;}">
                <Coords points="222,211 1257,212 1265,172 222,174"/>
                <Baseline points="228,198 252,199 305,199 358,200 411,200 464,200 517,200 570,201 623,201 676,201 729,201 781,201 834,201 887,202 940,202 993,202 1046,202 1099,202 1152,203 1205,203 1258,203"/>
                <TextEquiv>
                    <Unicode>D.d. Et existimatus quod motus, &amp;c. i. &amp; existimatur quod motus animalis secum</Unicode>
                </TextEquiv>
            </TextLine>
            <TextLine id="r4l4" custom="readingOrder {index:1;}">
                <Coords points="237,251 1268,250 1268,212 237,211"/>
                <Baseline points="244,239 294,240 345,240 396,240 447,241 498,241 549,241 599,241 650,241 701,241 752,241 803,241 854,241 905,241 955,241 1006,241 1057,241 1108,241 1159,240 1210,240 1261,240"/>
                <TextEquiv>
                    <Unicode>dum augmentum, &amp; diminutionem existit in omnibus animalibus: &amp; </Unicode>
                </TextEquiv>
            </TextLine>
            <TextLine id="r4l5" custom="readingOrder {index:2;}">
                <Coords points="235,291 1244,292 1263,249 235,260"/>
                <Baseline points="241,280 291,280 342,279 393,279 444,279 495,279 545,279 596,279 647,279 698,279 749,279 799,279 850,279 901,279 952,279 1003,279 1053,279 1104,279 1155,279 1206,279 1257,278"/>
                <TextEquiv>
                    <Unicode>quod est tale, attribuitur virtuti, quae mouet ad generandum, &amp; ad nutriemn</Unicode>
                </TextEquiv>
            </TextLine>
            <TextLine id="r4l6" custom="readingOrder {index:3;}">
                <Coords points="240,325 1264,328 1264,300 1200,288 240,293"/>
                <Baseline points="246,320 296,319 347,319 397,319 448,319 499,319 549,319 600,319 650,319 701,319 752,319 802,319 853,320 903,320 954,320 1005,320 1055,320 1106,319 1156,319 1207,319 1258,319"/>
                <TextEquiv>
                    <Unicode>dum. Et intendebat per hoc notificare quod iste motus est alius a motu loca¬</Unicode>
                </TextEquiv>
            </TextLine>
            <TextLine id="r4l7" custom="readingOrder {index:4;}">
                <Coords points="234,368 1260,363 1247,332 1181,327 234,324"/>
                <Baseline points="240,360 290,359 341,359 392,359 442,359 493,358 544,358 594,358 645,358 696,358 747,358 797,358 848,358 899,358 949,358 1000,358 1051,357 1101,357 1152,357 1203,357 1254,356"/>
                <TextEquiv>
                    <Unicode>li existenti a motu locali: licet vterque sit in loco: &amp;, quod motor in eis est diuer¬</Unicode>
                </TextEquiv>
            </TextLine>
            <TextLine id="r4l8" custom="readingOrder {index:5;}">
                <Coords points="240,411 1262,402 1232,365 240,367"/>
                <Baseline points="246,398 296,398 347,397 397,397 448,397 498,397 549,397 599,397 650,397 700,397 751,397 801,398 852,398 902,397 953,397 1003,397 1054,397 1104,397 1155,396 1205,396 1256,395"/>
                <TextEquiv>
                    <Unicode>sus. D.d. Et post consyderabimus, i. &amp; postquam locuti fuerimus de hac vir¬</Unicode>
                </TextEquiv>
            </TextLine>
            <TextLine id="r4l9" custom="readingOrder {index:6;}">
                <Coords points="235,445 1174,459 1264,448 1264,404 235,412"/>
                <Baseline points="241,437 291,437 342,438 393,438 444,438 495,438 546,437 596,437 647,437 698,437 749,436 800,436 851,436 902,435 952,435 1003,435 1054,435 1105,435 1156,435 1207,436 1258,436"/>
                <TextEquiv>
                    <Unicode>tute, consyderabimus de anhelitu, &amp; somno &amp; vigilia: cum vtrunque sit ab</Unicode>
                </TextEquiv>
            </TextLine>
            <TextLine id="r4l10" custom="readingOrder {index:7;}">
                <Coords points="237,491 612,482 702,499 859,482 859,458 771,445 237,452"/>
                <Baseline points="243,475 273,475 304,475 334,476 365,476 395,476 426,476 456,476 487,476 517,476 548,476 578,476 609,476 639,476 670,476 700,476 731,476 761,476 792,476 822,475 853,475"/>
                <TextEquiv>
                    <Unicode>anima motus, &amp; habeat multas quaestiones.</Unicode>
                </TextEquiv>
            </TextLine>
            <TextLine id="r4l11" custom="readingOrder {index:8;}">
                <Coords points="280,554 1267,555 1267,515 1216,507 280,508"/>
                <Baseline points="287,541 335,541 384,542 433,542 481,542 530,542 579,542 627,543 676,542 725,542 774,542 822,542 871,542 920,542 968,542 1017,542 1066,542 1114,541 1163,541 1212,541 1261,541"/>
                <TextEquiv>
                    <Unicode>Sed de motu secundum locum quid mouens animal secundum</Unicode>
                </TextEquiv>
            </TextLine>
            <TextLine id="r4l12" custom="readingOrder {index:9;}">
                <Coords points="237,603 1269,587 1251,555 237,556"/>
                <Baseline points="243,584 296,584 350,584 403,584 457,584 511,584 564,584 618,584 672,584 725,584 779,584 832,584 886,584 940,584 993,584 1047,584 1101,583 1154,583 1208,582 1262,582"/>
                <TextEquiv>
                    <Unicode>processiuum motum, considerandum, quod quidem igitur non ve¬</Unicode>
                </TextEquiv>
            </TextLine>
            <TextLine id="r4l13" custom="readingOrder {index:10;}">
                <Coords points="233,644 1134,643 1256,634 1269,596 233,604"/>
                <Baseline points="239,626 290,626 341,627 392,627 443,627 495,627 546,628 597,628 648,628 699,628 751,628 802,627 853,627 904,627 955,627 1007,627 1058,626 1109,626 1160,626 1211,625 1263,625"/>
                <TextEquiv>
                    <Unicode>getatiua potentia manifestum. semper enim propter aliquid mo¬ </Unicode>
                </TextEquiv>
            </TextLine>
            <TextLine id="r4l14" custom="readingOrder {index:11;}">
                <Coords points="240,687 1273,676 1263,636 240,644"/>
                <Baseline points="247,669 300,669 354,669 407,670 461,670 515,670 568,670 622,670 676,670 729,669 783,669 836,669 890,669 944,669 997,669 1051,669 1105,669 1158,669 1212,669 1266,669"/>
                <TextEquiv>
                    <Unicode>tus hic: &amp; aut cum phantasia, aut cum appetitu est. nihil enim non</Unicode>
                </TextEquiv>
            </TextLine>
            <TextLine id="r4l15" custom="readingOrder {index:12;}">
                <Coords points="235,723 1197,731 1265,718 1265,683 235,686"/>
                <Baseline points="241,709 291,710 342,710 393,711 444,711 495,711 546,711 597,712 648,712 699,712 750,711 800,711 851,711 902,711 953,711 1004,711 1055,711 1106,711 1157,711 1208,712 1259,712"/>
                <TextEquiv>
                    <Unicode>appetens, aut fugiens, mouetur, sed aut violentia. Amplius &amp; plan</Unicode>
                </TextEquiv>
            </TextLine>
            <TextLine id="r4l16" custom="readingOrder {index:13;}">
                <Coords points="233,763 1216,770 1267,762 1267,719 233,723"/>
                <Baseline points="239,750 290,751 341,751 392,752 443,752 494,752 545,753 596,753 647,753 698,753 749,753 800,753 851,753 902,753 953,753 1004,753 1055,753 1106,753 1157,753 1208,753 1260,753"/>
                <TextEquiv>
                    <Unicode>tae vtique essent motiuae: &amp; vtique haberent aliquam partem organi</Unicode>
                </TextEquiv>
            </TextLine>
            <TextLine id="r4l17" custom="readingOrder {index:14;}">
                <Coords points="231,803 305,801 329,811 351,801 591,803 591,782 574,772 511,774 494,762 471,772 231,771"/>
                <Baseline points="237,794 263,794 290,794 317,794 343,794 370,795 397,795 423,795 450,795 477,795 503,795 530,796 557,796 584,795"/>
                <TextEquiv>
                    <Unicode>cam ad motum hunc.</Unicode>
                </TextEquiv>
            </TextLine>
            <TextLine id="r4l18" custom="readingOrder {index:15;}">
                <Coords points="272,851 1150,867 1264,842 1264,803 272,818"/>
                <Baseline points="278,841 327,841 376,841 425,841 474,841 523,841 572,841 621,841 670,841 719,841 768,841 817,841 866,841 915,841 964,841 1013,841 1062,841 1111,841 1160,841 1209,841 1258,841"/>
                <TextEquiv>
                    <Unicode>Verum de motuloci quid sit quod moueat animal motu incessus, com¬</Unicode>
                </TextEquiv>
            </TextLine>
            <TextLine id="r4l19" custom="readingOrder {index:16;}">
                <Coords points="238,909 1269,893 1269,866 1190,852 238,853"/>
                <Baseline points="244,890 294,890 345,890 396,890 447,890 498,890 549,890 600,890 651,890 702,890 753,890 803,890 854,890 905,890 956,889 1007,889 1058,889 1109,889 1160,888 1211,888 1262,887"/>
                <TextEquiv>
                    <Unicode>fiderandum est. Constat igitur non esse nutritiuam potentiam: semper </Unicode>
                </TextEquiv>
            </TextLine>
            <TextLine id="r4l20" custom="readingOrder {index:17;}">
                <Coords points="234,952 1247,957 1270,908 234,916"/>
                <Baseline points="240,938 291,938 342,938 393,938 444,938 496,938 547,938 598,938 649,938 700,938 752,938 803,938 854,938 905,938 956,938 1008,938 1059,938 1110,938 1161,937 1212,937 1264,937"/>
                <TextEquiv>
                    <Unicode>enim alicuius gratia motus hic est: atque, uel cum phantasia, uel cum ap</Unicode>
                </TextEquiv>
            </TextLine>
            <TextLine id="r4l21" custom="readingOrder {index:18;}">
                <Coords points="239,1008 1265,995 1265,959 1029,948 239,956"/>
                <Baseline points="245,986 295,986 346,987 397,987 447,987 498,987 549,987 599,987 650,987 701,987 752,987 802,987 853,987 904,986 954,986 1005,986 1056,986 1106,986 1157,986 1208,987 1259,987"/>
                <TextEquiv>
                    <Unicode>petitu nihil enim nisi appetat uel fugiat, mouetur, nisi ui. Praeterea et</Unicode>
                </TextEquiv>
            </TextLine>
            <TextLine id="r4l22" custom="readingOrder {index:19;}">
                <Coords points="235,1059 1262,1042 1243,1011 1136,996 235,1012"/>
                <Baseline points="241,1035 291,1035 342,1035 393,1035 444,1035 494,1035 545,1035 596,1036 647,1036 697,1036 748,1036 799,1036 850,1036 900,1036 951,1036 1002,1035 1053,1035 1103,1035 1154,1035 1205,1034 1256,1034"/>
                <TextEquiv>
                    <Unicode>plantis hic inesset motus, ac partem aliquam organicam ad hunc mo¬</Unicode>
                </TextEquiv>
            </TextLine>
            <TextLine id="r4l23" custom="readingOrder {index:20;}">
                <Coords points="232,1099 329,1089 461,1091 461,1067 434,1052 420,1061 385,1061 363,1044 351,1044 340,1055 310,1044 287,1059 271,1051 264,1059 232,1061"/>
                <Baseline points="238,1086 265,1085 292,1084 319,1083 346,1083 373,1083 400,1083 427,1083 455,1083"/>
                <TextEquiv>
                    <Unicode>tum haberent.</Unicode>
                </TextEquiv>
            </TextLine>
            <TextLine id="r4l24" custom="readingOrder {index:21;}">
                <Coords points="272,1139 1266,1139 1266,1108 1192,1093 272,1099"/>
                <Baseline points="279,1129 328,1129 377,1129 426,1130 475,1130 524,1130 573,1130 622,1130 671,1131 720,1130 769,1130 818,1130 867,1130 916,1130 965,1130 1014,1130 1063,1130 1112,1129 1161,1129 1210,1129 1259,1129"/>
                <TextEquiv>
                    <Unicode>Consyderemus igitur de motu locali, &amp; quid est illud, quod mo¬ </Unicode>
                </TextEquiv>
            </TextLine>
            <TextLine id="r4l25" custom="readingOrder {index:22;}">
                <Coords points="233,1180 1272,1179 1272,1148 1138,1137 233,1148"/>
                <Baseline points="239,1171 290,1172 341,1173 392,1173 444,1173 495,1173 546,1173 598,1173 649,1173 700,1173 752,1173 803,1173 854,1172 905,1172 957,1172 1008,1171 1059,1171 1111,1171 1162,1171 1213,1171 1265,1171"/>
                <TextEquiv>
                    <Unicode>uet animal motu locali. Et manifestum est quod hoc non est a virtute</Unicode>
                </TextEquiv>
            </TextLine>
            <TextLine id="r4l26" custom="readingOrder {index:23;}">
                <Coords points="232,1220 1273,1224 1273,1187 1048,1179 232,1188"/>
                <Baseline points="239,1214 290,1215 341,1215 393,1215 444,1215 496,1215 547,1215 598,1215 650,1215 701,1215 753,1215 804,1215 855,1215 907,1214 958,1214 1010,1214 1061,1214 1112,1214 1164,1214 1215,1214 1267,1214"/>
                <TextEquiv>
                    <Unicode>nutritiua. Ista enim virtus semper attribuitur illis: ista autem aut</Unicode>
                </TextEquiv>
            </TextLine>
            <TextLine id="r4l27" custom="readingOrder {index:24;}">
                <Coords points="237,1261 1267,1260 1249,1224 237,1229"/>
                <Baseline points="244,1257 294,1257 345,1257 396,1257 447,1258 498,1258 548,1258 599,1257 650,1257 701,1257 752,1257 802,1257 853,1256 904,1256 955,1256 1006,1256 1056,1255 1107,1255 1158,1255 1209,1255 1260,1254"/>
                <TextEquiv>
                    <Unicode>est cum imaginatione, aut cum desyderio. nihil enim mouetur ni¬</Unicode>
                </TextEquiv>
            </TextLine>
            <TextLine id="r4l28" custom="readingOrder {index:25;}">
                <Coords points="234,1306 1068,1315 1254,1307 1270,1263 234,1266"/>
                <Baseline points="241,1298 292,1299 343,1299 394,1299 445,1299 496,1299 547,1299 599,1299 650,1300 701,1300 752,1300 803,1300 854,1299 905,1299 957,1299 1008,1299 1059,1298 1110,1298 1161,1297 1212,1297 1264,1296"/>
                <TextEquiv>
                    <Unicode>si aut per desyderium ad aliquid, aut per fugam ab ipso: nisi motus</Unicode>
                </TextEquiv>
            </TextLine>
            <TextLine id="r4l29" custom="readingOrder {index:26;}">
                <Coords points="234,1354 1273,1346 1272,1315 1153,1303 234,1315"/>
                <Baseline points="240,1342 291,1342 342,1342 393,1342 445,1342 496,1342 547,1342 599,1342 650,1342 701,1342 753,1342 804,1341 855,1341 906,1341 958,1341 1009,1341 1060,1341 1112,1340 1163,1340 1214,1340 1266,1340"/>
                <TextEquiv>
                    <Unicode>eius sit violentus. Et, si ista esset etiam dispo plantarum, essent mo</Unicode>
                </TextEquiv>
            </TextLine>
            <TextLine id="r4l30" custom="readingOrder {index:27;}">
                <Coords points="238,1395 1200,1395 1200,1355 238,1356"/>
                <Baseline points="245,1383 292,1383 339,1383 387,1383 434,1383 482,1383 529,1383 576,1383 624,1383 671,1383 719,1383 766,1383 813,1383 861,1383 908,1383 956,1383 1003,1383 1050,1382 1098,1382 1145,1382 1193,1382"/>
                <TextEquiv>
                    <Unicode>tae, &amp; haberent membrum organicum iuuans hunc motum.</Unicode>
                </TextEquiv>
            </TextLine>
            <TextLine id="r4l31" custom="readingOrder {index:28;}">
                <Coords points="251,1437 1263,1444 1263,1410 1104,1404 251,1416"/>
                <Baseline points="257,1436 309,1437 362,1437 414,1438 467,1438 519,1438 572,1438 625,1439 677,1439 730,1439 782,1439 835,1439 887,1439 940,1438 993,1438 1045,1438 1098,1437 1150,1437 1203,1436 1256,1435"/>
                <TextEquiv>
                    <Unicode>Idest, &amp; quia actio virtutis nutritiuae est semper, &amp; attribuitur vegeta¬</Unicode>
                </TextEquiv>
            </TextLine>
            <TextLine id="r4l32" custom="readingOrder {index:29;}">
                <Coords points="232,1482 1264,1482 1257,1444 232,1445"/>
                <Baseline points="239,1475 292,1476 346,1476 399,1477 453,1477 507,1477 560,1478 614,1478 668,1478 721,1478 775,1478 828,1478 882,1478 936,1478 989,1477 1043,1477 1097,1477 1150,1477 1204,1477 1258,1477"/>
                <TextEquiv>
                    <Unicode>bilibus: actio autem istius virtutis non est semper neque est in vegetabili¬</Unicode>
                </TextEquiv>
            </TextLine>
            <TextLine id="r4l33" custom="readingOrder {index:30;}">
                <Coords points="234,1523 1268,1524 1245,1483 234,1482"/>
                <Baseline points="240,1516 291,1516 342,1516 393,1517 444,1517 495,1517 546,1517 597,1517 648,1517 699,1517 751,1517 802,1517 853,1517 904,1517 955,1517 1006,1517 1057,1517 1108,1517 1159,1517 1210,1517 1262,1517"/>
                <TextEquiv>
                    <Unicode>bus: &amp; iste motus, qui est in loco, semper est cum imaginatione, &amp; desyde</Unicode>
                </TextEquiv>
            </TextLine>
            <TextLine id="r4l34" custom="readingOrder {index:31;}">
                <Coords points="234,1562 1080,1571 1267,1562 1267,1529 234,1531"/>
                <Baseline points="241,1555 294,1555 348,1555 401,1555 455,1555 509,1555 562,1555 616,1555 670,1555 723,1555 777,1555 830,1555 884,1555 938,1555 991,1555 1045,1555 1099,1555 1152,1555 1206,1555 1260,1556"/>
                <TextEquiv>
                    <Unicode>rio ad aliquid. nihil enim mouetur voluntariem, nisi aut desyderando ali¬</Unicode>
                </TextEquiv>
            </TextLine>
            <TextLine id="r4l35" custom="readingOrder {index:32;}">
                <Coords points="235,1610 1228,1606 1263,1603 1263,1565 235,1572"/>
                <Baseline points="241,1593 291,1593 342,1594 393,1594 444,1594 495,1594 545,1594 596,1594 647,1594 698,1595 749,1595 799,1595 850,1595 901,1595 952,1595 1003,1595 1053,1595 1104,1595 1155,1595 1206,1596 1257,1596"/>
                <TextEquiv>
                    <Unicode>quid, aut fugiendo ipsum. Si igitur iste motus esset ab anima nutritiua, com</Unicode>
                </TextEquiv>
            </TextLine>
            <TextLine id="r4l36" custom="readingOrder {index:33;}">
                <Coords points="241,1644 1251,1643 1263,1604 241,1611"/>
                <Baseline points="247,1630 297,1631 347,1632 398,1632 448,1633 499,1633 549,1633 600,1633 650,1633 701,1633 751,1633 801,1633 852,1633 902,1633 953,1633 1003,1633 1054,1633 1104,1633 1155,1633 1205,1634 1256,1634"/>
                <TextEquiv>
                    <Unicode>tingeret vt ista anima esset desyderans, &amp; imaginans. Et, si vittus nutriti¬</Unicode>
                </TextEquiv>
            </TextLine>
            <TextLine id="r4l37" custom="readingOrder {index:34;}">
                <Coords points="242,1684 1252,1683 1261,1640 242,1646"/>
                <Baseline points="248,1671 298,1671 348,1671 399,1672 449,1672 499,1672 550,1672 600,1673 650,1673 701,1673 751,1673 801,1673 852,1673 902,1673 952,1673 1003,1673 1053,1673 1103,1673 1154,1673 1204,1673 1255,1673"/>
                <TextEquiv>
                    <Unicode>ua esset mouens in loco, contingeret vt plantae mouerentur in loco. &amp; si</Unicode>
                </TextEquiv>
            </TextLine>
            <TextLine id="r4l38" custom="readingOrder {index:35;}">
                <Coords points="237,1730 1108,1732 1266,1723 1266,1684 237,1685"/>
                <Baseline points="243,1710 293,1711 344,1711 395,1712 446,1712 497,1712 547,1713 598,1713 649,1713 700,1713 751,1713 801,1713 852,1713 903,1712 954,1712 1005,1712 1055,1712 1106,1712 1157,1712 1208,1712 1259,1713"/>
                <TextEquiv>
                    <Unicode>plantae mouerentur in loco, tunc haberent hanc dispositionem, scilicet ima</Unicode>
                </TextEquiv>
            </TextLine>
            <TextLine id="r4l39" custom="readingOrder {index:36;}">
                <Coords points="241,1768 1149,1770 1265,1763 1265,1727 241,1728"/>
                <Baseline points="247,1750 297,1750 348,1751 398,1751 449,1751 500,1751 550,1751 601,1751 651,1751 702,1751 753,1751 803,1751 854,1751 904,1751 955,1751 1006,1751 1056,1751 1107,1751 1157,1751 1208,1752 1259,1752"/>
                <TextEquiv>
                    <Unicode>ginationem, &amp; desyderium, &amp; haberent etiam membrum organicum,</Unicode>
                </TextEquiv>
            </TextLine>
            <TextLine id="r4l40" custom="readingOrder {index:37;}">
                <Coords points="236,1811 293,1795 304,1805 355,1795 388,1804 523,1803 524,1774 500,1764 402,1764 388,1756 380,1764 310,1758 293,1767 236,1767"/>
                <Baseline points="243,1789 270,1790 297,1790 325,1790 352,1790 380,1790 407,1789 434,1789 462,1790 489,1790 517,1792"/>
                <TextEquiv>
                    <Unicode>per quod fit motus.</Unicode>
                </TextEquiv>
            </TextLine>
            <TextLine id="r4l41" custom="readingOrder {index:38;}">
                <Coords points="276,1843 1278,1843 1278,1803 1225,1796 276,1802"/>
                <Baseline points="283,1832 332,1833 381,1833 431,1833 480,1833 530,1833 579,1833 628,1833 678,1833 727,1834 777,1834 826,1834 875,1834 925,1833 974,1833 1024,1833 1073,1833 1122,1833 1172,1833 1221,1832 1271,1832"/>
                <TextEquiv>
                    <Unicode>Similiter autem neque sensitiuum. multa enim animalium sunt</Unicode>
                </TextEquiv>
            </TextLine>
            <TextLine id="r4l42" custom="readingOrder {index:39;}">
                <Coords points="240,1898 1279,1883 1279,1843 240,1853"/>
                <Baseline points="246,1877 297,1877 348,1877 399,1878 451,1878 502,1877 553,1877 605,1877 656,1877 707,1877 759,1877 810,1876 861,1876 912,1876 964,1876 1015,1876 1066,1875 1118,1875 1169,1875 1220,1875 1272,1875"/>
                <TextEquiv>
                    <Unicode>quae sensum quidem habent, manentia autem &amp; immobilia sunt</Unicode>
                </TextEquiv>
            </TextLine>
            <TextEquiv>
                <Unicode>D.d. Et existimatus quod motus, &amp;c. i. &amp; existimatur quod motus animalis secum
dum augmentum, &amp; diminutionem existit in omnibus animalibus: &amp; 
quod est tale, attribuitur virtuti, quae mouet ad generandum, &amp; ad nutriemn
dum. Et intendebat per hoc notificare quod iste motus est alius a motu loca¬
li existenti a motu locali: licet vterque sit in loco: &amp;, quod motor in eis est diuer¬
sus. D.d. Et post consyderabimus, i. &amp; postquam locuti fuerimus de hac vir¬
tute, consyderabimus de anhelitu, &amp; somno &amp; vigilia: cum vtrunque sit ab
anima motus, &amp; habeat multas quaestiones.
Sed de motu secundum locum quid mouens animal secundum
processiuum motum, considerandum, quod quidem igitur non ve¬
getatiua potentia manifestum. semper enim propter aliquid mo¬ 
tus hic: &amp; aut cum phantasia, aut cum appetitu est. nihil enim non
appetens, aut fugiens, mouetur, sed aut violentia. Amplius &amp; plan
tae vtique essent motiuae: &amp; vtique haberent aliquam partem organi
cam ad motum hunc.
Verum de motuloci quid sit quod moueat animal motu incessus, com¬
fiderandum est. Constat igitur non esse nutritiuam potentiam: semper 
enim alicuius gratia motus hic est: atque, uel cum phantasia, uel cum ap
petitu nihil enim nisi appetat uel fugiat, mouetur, nisi ui. Praeterea et
plantis hic inesset motus, ac partem aliquam organicam ad hunc mo¬
tum haberent.
Consyderemus igitur de motu locali, &amp; quid est illud, quod mo¬ 
uet animal motu locali. Et manifestum est quod hoc non est a virtute
nutritiua. Ista enim virtus semper attribuitur illis: ista autem aut
est cum imaginatione, aut cum desyderio. nihil enim mouetur ni¬
si aut per desyderium ad aliquid, aut per fugam ab ipso: nisi motus
eius sit violentus. Et, si ista esset etiam dispo plantarum, essent mo
tae, &amp; haberent membrum organicum iuuans hunc motum.
Idest, &amp; quia actio virtutis nutritiuae est semper, &amp; attribuitur vegeta¬
bilibus: actio autem istius virtutis non est semper neque est in vegetabili¬
bus: &amp; iste motus, qui est in loco, semper est cum imaginatione, &amp; desyde
rio ad aliquid. nihil enim mouetur voluntariem, nisi aut desyderando ali¬
quid, aut fugiendo ipsum. Si igitur iste motus esset ab anima nutritiua, com
tingeret vt ista anima esset desyderans, &amp; imaginans. Et, si vittus nutriti¬
ua esset mouens in loco, contingeret vt plantae mouerentur in loco. &amp; si
plantae mouerentur in loco, tunc haberent hanc dispositionem, scilicet ima
ginationem, &amp; desyderium, &amp; haberent etiam membrum organicum,
per quod fit motus.
Similiter autem neque sensitiuum. multa enim animalium sunt
quae sensum quidem habent, manentia autem &amp; immobilia sunt</Unicode>
            </TextEquiv>
        </TextRegion>
    </Page>
</PcGts>
