1416 2066
205 192 1253 235 nullis, alterum caret nomine: uisio namque dicitur uisus actio, celoris.
210 231 1215 282 uero caret nomine: sic oustatiuigustatio, saporis uero uacat nomine.
250 277 1242 327 Et iste idem sermo est de aliis sensibus, & aliis sensibilibus. Quem
205 329 1241 370 admodum enim actio & passio sunt in patiente non in agente, ita
211 374 1237 419 actio sensuum & sensibilium sunt in sentiente. Sed in quibusdam
214 409 1241 451 habent nomina, vt sonare, & audire. in quibusdam autem alterum
202 451 1237 492 non habet nomen actio enim uisus dicitur visio. actio autem co¬
218 492 850 546 loris non habet nomen in lingua Graeca.
252 532 1239 573 Et iste idem sermo, quem diximus in sono, & auditu scilicet quod actio eorum
209 572 1241 612 est in patiente, est de aliis sensibilibus. D.iterauit propositionem, a qua
207 610 1238 651 incoepit hanc declarationem, & dixit. Quemadmodum enim actio, & pas¬
212 647 1242 690 sio, &c. i. & causa in hoc est. quoniam, sicut passio, & actio sunt in patiente non
213 688 1236 730 in agente, ita actio sensuum & sensibilium sunt in primo sentiente: cum sen
212 729 1244 770 sibilia sint uirtutes agentes, sensus autem agentes & patientes: primum autem,
206 772 1230 811 sentiens est patiens tantum. Et, quia hoc later scilicet sensibilia esse virtutes agen¬
212 807 1238 851 tes, & sensus esse patientes propter nominationem: plura enim sensibilia ca¬
207 844 1238 891 rent nominibus, secundum quod sunt agentia: & nomina plurium eorum passiua sunt
211 883 1248 931 in figura nominum virtutum agentium, dixit. Sed in quibusdam habent
211 925 1233 976 nomina, &c. i. sed in quibusdam sensibus ponebantur nomina actioni ipsi¬
213 963 1240 1002 us sensibilis, & passioni vtriusque sentientis, v. g. sonare, & audire. sonare
208 1007 1235 1050 enim est actio soni: audire autem est passio auditum sentientis. & in qui¬
211 1041 1242 1081 busdam alterum eorum caret nomine, v. g. in visu, passio enim visus ha¬
210 1076 1235 1123 bet nomen, & est videre: licet sit in figura nominis agentis. actio enim sui
210 1119 1237 1163 sensibilis, quod est color, caret nomine in Graecalingua. Et dico quod in Ara
217 1158 1235 1204 bica actiones habituum sensuum prouenientium in eis a sensibilibus in primas
221 1197 1242 1243 virtutes sentientes, non uidentur habere nonia in aliquo idiomate, cum hoc
208 1236 1235 1275 non sciatur a vulgo. non enim comprehenduntur a sensu: nec in primo aspectu.
259 1284 1239 1339 Quoniam autem vnus est quidem actus sensibilis & sensitiui.
217 1328 1240 1371 esse autem alterum est, necesse est simul corrumpi & saluari sic
204 1371 1235 1419 dictum auditum, & sonum: & humorem igitur & gustum, & alia
206 1411 1113 1459 similiter. dicta autem secundum potentiam, non necesse est.
254 1469 1233 1515 Sed cum unus actus sit rei sensibilis ac sensitiuae, esse autem diuer¬
210 1499 1240 1557 sum, necesse est auditu qui hoc modo dicitur, & sonum, simul corrumpi
212 1555 1242 1603 seruarique sic demum & saporem et gustatum, atque itidem caetera. at
208 1603 854 1659 uero quae dicuntur potentia, haud est necesse.
249 1643 1235 1697 Et, quia actio sensibilis & sentientis est eadem, sed differunt in esse,
208 1692 1236 1742 necesse est vt insimul corrumpantur, & insimul saluentur, auditus,
208 1731 1242 1775 qui dicitur secundum hunc modum, & sonus, & similiter sapor & gu
205 1772 1215 1819 stus, & alia. In eis autem, quae dicuntur in potentia non est necesse.
257 1829 1241 1873 Et, quia actio sensibilis eadem est cum actione sentientis, scilicet quod
210 1868 1237 1914 habitus, qui ab eo prouenit in sentiente, est idem cum habitu, quo sensibi
