1416 2066
609 139 922 202 M. A. lanuae
211 204 1259 259 tus sequitur liber. Quibus ad hunc modum distributis, qui lo¬
207 259 1252 307 eo sextus sequi debeat, non eadem est apud omnes opinio, cum de
210 297 1246 340 animatis deincemps agendum sit. Qua de rem dubium est, num de
212 348 1247 388 anima prius, postea de animatis tractandum sit. Deinde si de
210 380 1246 436 animatis ratio obtineat, prius ne de stirpibus quae vegetatiua dum
212 423 1243 463 taxat viuunt uita, an de animalibus quae praeter hanc, etiam sen¬
211 462 1231 508 sitiuam habent. Nam qui de anima agendum prius esse uoluere
215 505 1251 548 ac proinde sextum obtinere locum, fuere Auicenna & Latini, his
207 548 1248 596 moti rationibus. Nam sermo de anima, vniuersalior est, quam de
208 592 1244 634 eadem, vt vegetatiua, & vt sensitiua dicitur: quare de ea prius
214 642 1245 676 agendum esse persuadet ratio, sicuti in libris de anima etiam ob¬
209 675 1245 730 seruauit ordinem hunc Aristoteles, qui prius animam in communi,
214 715 1241 762 mox vegetatiuam, sensitiuam, & rationalem definiuit. Altera ra¬
210 759 1242 804 tio ab animatis veluti a causatis accepta est. Causata enim perfe¬
209 798 1253 851 cta notitia cognosci non possunt nisi per suam causam, eamque
214 843 1244 887 formalem, vt ex Auerroe Post: primo. comm. trigesimoquintous
214 881 1248 930 habetur. Ergo vt animata perfecte cognita sint, eorum causam &
215 932 1247 972 formam quae anima est, prius cognitam esse supponunt. Ex aduer
209 972 1242 1019 so sunt pleraequae Aristotelis auctoritates. Nam in libello de par¬
170 1011 1251 1060 SStibus ad motum vtilibus, inquit, Quae circa progressum anima¬
214 1058 1253 1099 lium, & circa omnem secundum locum mutationem hoc modo
174 1073 206 1102 A
212 1100 1243 1147 se habent, his determinatis, consequens est speculari de anima.
168 1101 207 1144 S
208 1140 1251 1187 Sequitur itaque librum de partibus, animae scientia. Idem in pri¬
169 1186 1241 1234 aS mo de partibus animalium dicit, Sed cum satis de his egerimus,
174 1234 1242 1275 Snostramque explicuerimus sententiam, restat ut de animante natu¬
172 1272 1243 1315 ara disseramus. Quare post libros de partibus, liber de Anima col¬
210 1310 1243 1355 locandus est. non itaque sextus erit. Dubium hac ratione nascitur,
205 1355 1249 1395 quis tandem hic locus sit. Inter graecos & Auerroem conuenit locum
212 1396 1241 1444 libri de Anima octauum esse debere. At quomodo est sexto in octa
209 1436 1243 1483 uum locum proficiscatur ordo, controuersia est. Auerroes Meteo
203 1481 1248 1523 rorum primo cap. primo ordinauit, ut videtur sexto loco librum
209 1523 1234 1566 de Plantis, septimo de Historia Animalium, octauo de partibus,
213 1563 1246 1611 & de Anima. Alii vero sexto, libros de Animalibus, septimo de
208 1606 1239 1651 Plantis, octauo de Anima. Ex horum dissensione uenit explican¬
207 1652 1245 1693 da haec difficultas de ordine librorum, de stirpibus, & de anima¬
212 1692 1248 1746 libus: prius tamen positis vtriusque sectae rationibus, & illius quam
214 1735 1239 1778 Auerroes sequi voluit. Nam simplicium notitia, eam quae com¬
204 1788 1249 1828 positorum est, ordine praecedit. Quare libet de Stirpibus, librum
213 1819 1241 1875 de animalibus praecedere debet. Praeterea, ea proportionet respo
208 1864 1245 1907 det animatum animato, qua animae anima, secundum cognoscen
207 1905 1245 1948 di ordinem: sed praeponitur vegetatiuae animae notitia in libro
1181 1948 1228 1994 de
