1416 2066
196 180 1252 221 tum, & d. In tactu autem, &c. i. tactui autem accidit hoc, ita quod ista intentio
206 219 1243 260 latet in eo scilicet quod est plus quam vnus sensus, ex hoc, quod omnis sensus indiget me¬
208 259 1248 299 dio: & animalia indigent in salute vt sentiant tangibilia: ideo fuit necesse
208 301 1244 351 vt medium esset pars eius. Et fuit impossibile vt hoc medium, quod est
207 339 1246 387 pars eius, esset aqua, aut aer, impossibile est enim sicut d. vt constitutio cor¬
209 380 1250 426 poris esset ex aere aut aqua. animalia enim indigent necessario corpore du¬
210 416 1238 468 ro, ex quo contingit necessario vt medium sensibus tactus esset corpus ad¬
212 454 1248 499 mixtum, super quod abundaret terrestritas, & est caro, & eius simile in ani¬
209 494 1246 540 malibus carentibus carne. & sic est intelligendus iste sermo. Et ipse excita
216 536 1243 578 uit nos super hoc, quod diminuitur in sermone per hoc, quod dixit, Ne¬
208 574 1239 628 cesse est igitur vt corpus medium tangens sit applicatum. i. necesse est igi
212 613 1249 655 tur quod omnis sensus sit per medium: cum 7 sensus non sentiant sua sensi¬
209 652 1242 695 bilia nisi tangendo: & animalia indigent vt sentiant sensibilia occurren¬
208 692 1252 731 tia, vt medium sit applicatum, & pars corporis. D.d. per cuius mediatio¬
195 731 941 779 nem erunt sensus, & sunt plures vno. i. sensus tactus.
250 787 1248 833 Demonstrat autem quod plures sint, qui in lingua tactus. omnia
202 833 1250 876 enim tangibilia sentit secundum eandem partem, & humorem. fi
214 875 1251 919 quidem igitur & alia caro sentiret humorem, videretur unus &
206 916 1246 963 idem esse sensus gustus & tactus: nunc autem sunt duo, propter.
210 957 577 1012 id quod non conuertitur.
256 994 1249 1060 indicat autem eos esse plures is tactus qui in lingua consistit: eadem
213 1052 1247 1098 enim parte cuncta tactilia & saporem sentit: Ergo si reliqua caro sa¬
213 1096 1241 1155 porem sentiret, sensus gustatus & tactus idem & vnum esse videretur:
204 1143 835 1196 nunc vero duo sunt, quia non fit conuersio.
248 1195 1246 1242 Et demonstrat eos esse plures vno tactus linguae. omnia enim
208 1243 1253 1289 tangibilia sentiuntur per idem membrum, & sapor. Si ergo alia
208 1281 1246 1331 caro sentiret saporem, tunc existimaretur quod gustus. & tactus ef¬
208 1324 1210 1370 sent idem sensus. modo autem sunt duo, quia non conuertitur.
250 1379 1240 1425 Et demonstrat quod, quia sensus tactus est plus, quam vnus, & quod hoc la¬
204 1427 1241 1477 tet, quia caro est quasi medium tactus, qui est in lingua, quoniam senti¬
210 1460 1246 1507 mus omnia tangibilia per hoc membrum, & etiam saporem, fuit necesse
218 1501 1251 1547 vt caro, quae est in hoc membro, sit quasi medium, non quasi instrumen¬
211 1540 1242 1587 tum, quoniam, si esset instrumentum saporis, non com prehenderet tan¬
206 1581 1236 1633 gibile: &, si tangibile, non saporem. idem enim sensus idem habet instrumen¬
210 1619 1241 1666 tum. Si igitur alia caro, quae est in corpore, sentiret saporem, sicut caro,
211 1667 1246 1700 quae est in lingua, tunc existimaretur quod gustus, & tactus essent idem sensus.
212 1699 1228 1739 D.d. modo autem sunt duo, quia non conuertitur. i. modo autem non ac
208 1737 1234 1780 tidit hoc, quia non conuertitur scilicet quod omnis caro gustans est tangens: sed
213 1784 734 1828 non omnis caro tangens est gustans.
249 1819 1250 1874 Dubitabit autem aliquis si omne corpus profundum habet:
203 1865 1247 1915 haec autem est tertia magnitudo: quorum autem corporum medium
