1416 2066
273 164 1310 211 omnis sermo aut est desinitio, aut demonstratio. Et demonstrationes l
273 217 1299 259 accipiuntur ex principio, sicut vltimo: & est syllogismus, & con¬
278 252 1308 292 clusio. Et, quamuis in eis non accidat conclusio, tamen non reuertunt
275 291 1293 338 ad sua principia, sed semper crescunt in medio, aut extremo, & pro¬
273 332 1301 380 cedunt recte. circulatio autem reuertitur ad suum principium. Et
275 379 1298 427 etiam omnes definitiones sunt finitae. Et etiam, totus motus idem
275 420 1301 466 est multotiens. Et etiam intelligere dignius est vt attribuatur quie
279 459 914 507 ti, quam motui. & similiter syllogismus.
325 516 1299 563 Dicit. Et, si est necesse intelligere, &c. i. &, si necesse est intell igere vt in
284 564 1301 614 tellectus tangat per totum circulum rem intellectam, & tunc intelliget. &
285 603 1296 651 ista est secunda parstrium diuisionum. quo igitur indigetur vt tangat per
279 641 1296 692 partes: oc osum enim est tangere per partes. Deinde. d. Et etiam quo¬
278 675 1298 730 modo intelliget per indiuisibile, &c. i. quomodocunque posuerimus quod
278 719 1298 762 tangat, siue per partem indiuisibilem, siue per diuisibilem, siue illud diui¬
282 758 1293 803 sibile fuerit torum, aut pars, aut vtrunque scilicet quod tangat partem per partem,
284 796 1295 843 & totum per totum, impossibile est nobis dicere quomodo intelligit per
281 835 1292 876 tactum. Quoniam, si dixerimus quod habet partes indiuisibiles, quomo¬
281 876 1293 915 do tangit per partes indiuisibiles partes diuisibiles rerum. &, si dixerimus
283 921 1299 972 quod habet diuisibiles, quomodo tangit per eas: tangens enim debet esse
283 955 1301 1005 iuperpositum. & omnia ista contingunt eis: quia ponunt quod intellectus
278 992 1299 1037 in eo quod est intellectus, habet partes, & quod non intelligit, nisi tangen
282 1030 1290 1077 do. Deinde dicit. Et necesse est vt iste intellectus sit circularis ipse. i. & ne¬
282 1068 1295 1115 cesse est vt intellectus sit proprium aliquod corpori circulari. manifestum
279 1111 1253 1155 est igitur quod contingit ex hoc quod intellectus est corpus circulare.
285 1148 1290 1186 Et syllogismus sic componitur. Actio intellectus est circulatio: & circu¬
278 1188 1295 1225 latio est corpus circulare: ergo actio intellectus est corpus circulare. & il¬
279 1226 1294 1275 lud, cui attribuitur actio intellectus est intellectus: ergo intellectus est cor¬
280 1268 1297 1313 pus circulare. Et, cum declarauit quod contingit necessario vt intelle¬
277 1308 1298 1347 ctus sit corpus circulare: & eius actio sit circulatio: notificauit quod est ne
284 1344 1289 1383 cesse, si intelligere eius sit circulatio, & circulatio etiam fuit in eo semperi
284 1383 1298 1435 secundum quod est corpus coeleste, vt eius intelligere sit semper, & in infi
289 1421 1290 1467 nitum. Et. d. Et, si intelligere est circulatio, &c. i. &, si intelligere est cir¬
281 1460 1295 1499 culatio, tunc etiam circulatio existens in intellectu erit intelligere, & cir¬
286 1499 1292 1551 culatio erit semper. vnde manifestum est quod intelligere erit semper, &
283 1539 1290 1581 in infinitum. Deinde, incoepit dare impossibile, quod sequitur ex hoc,
277 1579 1298 1627 &. d. Quid igitur intelligit semper: &c. &, cum secundum hanc opinionem,
279 1620 1294 1669 necesse est vt semper intelligat, quid possunt dicere quod semper intelligit.
278 1651 1301 1699 hoc enim necesse est propter hoc, quod ponunt, quod circulatio est semper.
276 1696 1301 1739 & nihilpossunt dicere in hoc: quoniam intelligere per operationem est finitum.
278 1738 1296 1787 omne enim intellectum apud operationem non intellioitur nisi per aliud:
281 1764 1293 1809 & omnia propter vltimum finem, qui intenditur in illa operatione me¬
276 1811 1294 1852 chanica. Et, cum declarauit quod intelligere est finitum in intellectu me¬
267 1852 1297 1888 nico, incoepit declarare quod ita est in speculatiuo, & d. Et intelligere spe¬
