1416 2066
284 179 1094 227 De uirtutis uegetatiuae obiecto, Alimento scilicet. Cap. 1.
271 237 1211 283 Voniam autem est eadem potentia vegetatiua & generati
238 268 1205 339 Bua, de alimento necessarium est determinare primum. sepa¬
263 325 973 380 ratur enim ab aliis potentiis opere hoc.
221 394 1207 447 Cum autem eadem sit animae potentia nutritiua & generatiua,
166 428 1213 492 primum de nutrimento disserere necesse est, hoc enim officio ab aliis di¬
175 476 471 543 stinguitur potentiis.
208 524 1215 571 Et quia potentia nutriendi, & generandi sunt eaedem oportet
174 555 1209 623 prius necessario determinare quid est nutrimentum, & distingue
165 611 512 659 re ab aliis virtutibus.
160 658 1211 708 Cum narrauit quod vult loqui primo de virtute nutritiua, cum sit magis
182 694 1213 736 vniuersalis: & principium eorum, quae apparent in eo, vel principium eo¬
172 732 1205 772 rum, de quibus consyderatur ex hac virtute, est quod anima, & suae actiones
169 771 1212 812 sunt augmentarem, & nutrire, & generare: incoepit modo determinare quod
170 812 1204 851 est illud, de quo oportet consyderare, primo in hac virtute, postquam co¬
169 853 1206 900 gnoscitur esse anima, & d. Et quia potentia nutriendi, & generandi, &c. i.
169 893 1199 932 & quia subiectum potentiae nutritiuae, & augmentabilis, & generatiuae idem
167 929 1202 967 est scilicet nutrimentum: T& iam diximus primo quod via ad cognitionem sub¬
171 966 1207 1010 stantiarum istarum virtutum, non est nisi per cognitionem passiuorum
173 1011 1210 1057 earum primo: vnde necesse est primo incipere, & determinare cibum quid
173 1045 1194 1091 sit, & nutrire quid sit. Et, cum narrauit hoc, incoepit demonstrare quid est cibus
221 1099 1196 1147 Videtur autem esse alimentum contrarium contrario non om¬
171 1147 1192 1195 ne autem omni: sed quaecunque contrariorum, non solum genera
173 1195 1209 1236 tionem habent ex inuicem, sed & augmentum. fiunt enim multa
168 1228 1212 1274 ex inuicem, sed non omnia augentur, vt sanum ex laborante. Vi¬
170 1270 1213 1315 dentur autem neque illa eodem modo ad inuicem esse alimentum:
153 1312 1191 1359 sed aqua quidem igni alimentum est, ignis autem non alit aquam.
172 1356 1212 1402 In simplicibus quidem igitur corporibus hoc esse videtur maxi¬
171 1397 1029 1443 me, aliud quidem alimentum, aliud uero quod alitur.
219 1452 1211 1491 Videtur igitur nutrimentum esse contrarium contrario: non tamen
177 1485 1208 1547 quoduis cuiuis: sed quaecunque contrariorum non solum ex se mutuo o ene
171 1547 1210 1595 rantur, uerumetiam augentur: fiunt enim multa ex se mutuo, sed non
168 1595 1199 1635 dia?s auoentur ut sanum ex egrotate. quinimo ne illa quidem eodem modo u
171 1640 1206 1696 dentur sibi mutus esse alimentum. sed aqua quidem ignis est alimentu:
171 1683 1208 1742 rgnis autem non alit aquam. Ac in simplicibus quidem corporibus
167 1730 1149 1779 haec esse uidentur maxime, unum alimentum, alterum quod alitur.
198 1780 1207 1817 Dicamus igitur quod existimatur quod nutrimentum est contra¬
168 1821 1210 1874 rium contrario: & non omne contrarium omni contrario, sed cmuni
168 1867 1213 1916 traria, quae non tantum fiunt abinuicem, sed etiam augentur. plu
