1416 2066
200 180 1253 219 sermo postremus est sufficiens, non demonstratiuus. Tsed consuetudo Ari
214 218 1239 259 stotelis est inducere sermones sufficientes, aut post demonstratiuos, aut in
219 258 1104 300 locis, in quibus non potest inducere sermones demonstratiuos.
255 323 1243 372 Intelligere autem & considerare marcescunt alio quodam inte
214 372 1239 419 rius corrupto: ipsum autem impassibile est. Intelligere autem aut
212 409 1244 451 amare & odire, non sunt illius passiones, sed huius, habentis illud
215 451 1239 503 secundum quod illud habet: quare & hoc corrupto, neque memoratur, neque
215 492 1241 539 amat: non enim illius erant, sed communis, quod quidem destructum est: In
214 538 1238 592 tellectus autem fortassis diuinum aliquid & impassibile. Quod quidem
218 576 1238 622 igitur non possibile moueri animam, manifestum est ex his: si autem
216 619 1135 674 penitus non mouetur, manifestum quoniam neque a se ipsa.
261 676 1247 740 itaque & intelligere & contemplari languescit, dum aliud quidpiam
219 723 1243 771 intus corrumpitur: at ipsum impatibile est. HRatiocinari autem, & ama¬
212 771 1235 826 re vel odisse, non sunt illius passiones, sed eius quod habet illud, quate¬
215 820 1241 867 nus illud habet. itaque hoc corrupto, nec meminit, nec amat: non enim il¬
214 866 1245 916 lius erant, sed communis illius, quod interut: intellectus autem fortasse
219 922 1236 983 Diuinus quiddam est, & impatibile. Ex his igitur animam moueri non
218 965 1241 1035 posse perspicuum est. Quod si omnino non mouetur, constat eam neque, a se
213 1014 482 1084 ipsa moueri posse.
260 1076 1239 1132 Et intelligere, & consyderare diuersantur, quando aliquid aliud
218 1130 1232 1171 corrumpitur intus: ipsum autem in se nihilpatitur. Distinctio au¬
216 1166 1236 1210 tem, & amor, & odium non sunt esse illius, sed istius secundum quod habet.
220 1210 1246 1250 Ideo etiam, cum hoc corrumpetur, non rememorabimur, neque dcir
216 1251 1247 1299 ligemus alios. num igitur est illius, sed eius, quod est commune, quod amit
208 1299 1236 1347 tebatur. Intellectus autem dignius est vt sit aliquod diuinum, & impas
214 1337 1240 1387 sibile. Quod igitur impossibile est vt anima moueatur. manifestum
213 1387 1236 1435 est. &, si omnino non mouetur manifestum est quod non mouetur, neque ex se.
224 1436 1238 1491 Cum posuit quod intellectus, qui intelligit intelligibilia, neque est genera¬
212 1476 1239 1523 bilis, neque corruptibilis, sed intelligere, quod est actio istius intellectus, vi
216 1523 1241 1570 detur generabile, & corruptibile, incoepit dare modum, ex quo contingit
222 1557 1238 1596 hoc: & est, quod illud, quod intelligit, est intra corpus, & est generabile, & cor¬
209 1596 1246 1642 ruptibile, & dixit. Et intelligere, & consyderare diuersantur, &c. idest & ac
217 1642 1244 1685 cidit quod intelligere quandoque sit in potentia, quandoque in actu: non, quia
217 1676 1239 1731 intellectum est generabile, & corruptibile: sed quia intra corpus corrum¬
228 1715 1247 1756 pitur aliquid aliud, veleius, in quo est intelligere. Deinde dicit, ipsum au¬
213 1755 1238 1794 tem in se nihil patitur. scilicet intellectus imaginans. & post declarabit quod
212 1794 1243 1835 haec est res imaginans, vel imaginata: aut intelligens, vel intellecta: & est
218 1834 1237 1873 illud, quod vocat in Tertio tractatu intellectum passibilem. Et, cum de¬
217 1871 1239 1915 dit modum dissolutionis quaestionis, in qua quaeritur quomodo intellectus
