1416 2066
254 180 1293 218 Et. d. Et illud, per quod nutritur, &c. i. & illud, per quod completur actio nu¬
249 217 1276 268 trimenti, est duplex scilicet primum mouens, quod non mouetur cum mouet: & pri
257 266 1276 306 mum mouens, quod mouet & mouetur, & est illud, quod est de primo mo
260 298 1282 347 tore quasi subiectum. & primus motor de eo quasi forma. Et de hoc, quod
252 337 1278 387 dixit, quaedam declarauit hic, & quaedam in sermonibus vniversalibus. Quod igi
253 375 1285 419 tur declaratum est hic, est quod anima nutritiua est primum mouens in cibo, quod
249 420 1273 457 agit in cibo per calorem, per quem fit digestio. vtrum autem oportet vt mo
255 453 1276 503 ueat, & non moueatur, secundum quod est primum mouens, & quod calor moueat, ita quod
257 500 1283 539 moueatur a primo motore, hoc declaratum est in sermonibus vniversalibus. decla
261 531 1283 571 ratum est enim illic quod omnis primus motor, si fuerit corporalis compo¬
251 572 1282 611 nitur ex motore non moto, & ex motore moto, secundum quod componuntur res ex
262 612 1276 651 materia & forma. Sed est dubitatio in hoc, quod dixit. Motus enim vir¬
253 650 1276 699 tutis nutritiuae est in capitulo alterationis: & illud, quod mouetur ex se,
253 687 1280 737 quod componitur ex motore non moto, & ex motore moto, non in¬
256 732 1277 771 uenitur nisi in motu locali. In motu autem alterationis non inuenitur mo
250 768 1273 811 tum ex se. non enim est necesse quod primum alterans corporeum alteretur, & tunc
259 807 1280 851 alteret, sicut est necesse in primo motore corporeo scilicet vt non moueat in lo
258 848 1275 888 co, nisi moueatur. Quomodo igitur dixit hic quod alterum eorum est mouens & motum,
250 883 1282 931 & alterum mouens tantum: & dedit exemplum de rebus mouentibus in loo: &, si
253 924 1280 964 hic esset locutus de motu locali animalium, tunc exemplum esset verum. Di¬
258 964 1272 1003 camus igitur quoniam propinquum alterans cibum debet esse corpus manife¬
251 1004 1277 1044 stum est. Quoniam vero corpus alterans non sufficit in essendo primum
250 1044 1277 1083 mouens istud motum, declaratum est prius, quando d. quod calor non sufficit in
256 1083 1277 1131 agendo actionem alteratiuam terminatam, nisi sit illic alia virtus, quae non est
253 1123 1282 1163 corpus, sed est in corpore. corpus igitur, quod est primum alterans, componitur,
255 1160 1281 1203 ex alterante, quod non alteratur scilicet aia, & ex alterante alterato scilicet calore natu¬
251 1210 1277 1248 rali. Declaratum est igitur quod illud, per quod fit nutrimentum, ex duplex scilicet al¬
252 1237 1279 1282 terans non alteratumsomne enim alteratum est corpus, & istud est ani¬
250 1282 1275 1322 ma, & est alterans alteratum scilicet calor naturalis. Hoc igitur nomen motus
253 1318 1277 1362 large, & vniuersaliter accipitur in hoc loco. & secundum hanc expositionem non
251 1355 1275 1396 indigetur illo, quod declaratum est in illo sermone scilicet quod primus motor in
254 1395 1284 1435 loco componitur ex motore non moto, & ex motore moto. Et possumus
258 1436 1284 1475 dicere quod calor naturalis non alterat cibum, nisi primo moueatur in loco. de
257 1476 1285 1515 claratum est enim quod motus localis antecedit caeteros motus: & maxime
258 1515 1275 1555 istum motum, qui est terminatus scilicet qui alterat rem in alia hora, & alia non
253 1554 1284 1594 & etiam non alterat tamtum, sed attrahit & expellit cibum. & hoc est motus lo
251 1592 1282 1635 calis. Et secundum hanc expositionem erit demonstratio manifesta. Sed prima
254 1631 1282 1676 expositio videtur magis conueniens: & etiam fuit exemplum largiter ac¬
253 1669 1281 1710 ceptum. manus enim non est primus motor nauis, qui non mouetur, sed ip
257 1710 1276 1755 se gubernator. Et, cum declarauit quod anima nutritiua est forma in corpore, cum
260 1749 1286 1793 propinquum alterans corpus, quod est cibus, necessario debet esse corpus:
257 1788 1284 1827 & quod forma sit alterans non alterata, cum sit non corpus: & quod corpus alte¬
251 1827 1284 1867 rans est alteratum, incoepit declarare quid est hoc corpus, & d Et oportet
249 1868 1283 1907 necessario vt omne nutrimentum, &c. idest & oportet necessario vt omne
