1416 2066
262 188 1264 240 Neque, uero eorum qui semper ueri sunt ullus erit, ut scientia, aut in,
220 240 1255 292 tellectus: nam est etiam falsa phantasia, restat igitur spectandum an¬
216 284 1251 342 opinio sit: fit enim opinio & uera & falsa: sed opinionem quidem, sequi¬
218 347 1240 387 tur fides Ineque enim fieri potest, ut is qui opinatur, ea quae opina¬
224 385 1241 434 tur, non credat atuero bestiarum nulli inest fides: phantasia multis.
223 436 1257 489 praeterea omnen opinionem sequitur fides: fidem persuasio: per suasionem
216 492 1082 532 ratio. at bestiaru nonnullis phantasia inest, ratio non item.
264 540 1253 594 Et etiam non est vnum istorum, quae semper iudicant, sicut senia
215 587 1259 635 & intellectus. est enim imaginatio falsa. Remanet igitur consyderare
227 631 1248 682 vtrum sit existimatio: cum existimatio quandoque est vera, quandoque
223 673 1259 715 falsa. Sed existimationem censequitur fides. impossibile enim est vt
220 715 1257 763 qui existimat, non credat, quod existimat. & nullum brutum, &
217 756 1257 800 reptilium habet fidem. imaginatio autem est in pluribus eorum. Oem
222 800 1243 842 ligitur existimationem consequitur fides. fidem autem consequitur
213 841 1244 883 sufficientia: sufficientiam autem rationabilitas. & reptilium & bru¬
217 892 1151 931 torum quaedam hibunt imaginationem, rationem autem non.
261 939 1254 986 Cum destruxit imaginationem esse sensum, incoepit destruere eam esse
219 979 1251 1023 scientiam, aut intellectum, aut existimationem, & d. Et etiam non est
228 1019 1249 1059 vnum istorum, &c. i. &, si imaginatio esset scientia, aut intellectus, semper
220 1059 1255 1099 veridicaret: sed non est ita: ergo non est scientia, neque intellectus. D.d. Re
222 1101 1252 1148 manet igitur, &c. i. temanet igitur consyderare vtrum sit existimatio, cum
226 1141 1255 1180 vtrunque dicatur, veridicans quandoque, & quandoque falsans. & hoc fa¬
217 1176 1249 1219 cit existimare eas esse eandem virtutem secundum duas affirmatiuas in
222 1216 1257 1259 secunda figura. D.d. Sed existimationem consequitur, &c. i. sed existima
226 1259 1259 1294 tionem semper consequitur fides. Et, si imaginatio esset existimatio, con¬
225 1299 1250 1348 tingeret quod omne imaginans haberet fidem. sed multa imaginantur, ta¬
229 1339 1259 1382 men non habent fidem. nullum enim brutorum habet fidem, licet plura
228 1372 1248 1411 eorum imaginentur. D.d. Omnem igitur existimationem, &c. i. &, quia
226 1403 1265 1464 omne existimans est credens: & omne credens sibi sufficit: & omne, quod l
219 1452 1257 1491 sibi sufficit, habet rationem: necesse est vt omne existimans habeat ratio
220 1499 1250 1539 nem. Et, si imaginatio esset existimatio, tunc omne imaginans haberet ra¬
228 1531 1250 1571 tionem. sed multa brutorum & reptilium videntur habere imaginatio¬
220 1570 1228 1611 nem, sed non rationem omnino: ergo imaginatio non est existimatio.
262 1626 1248 1675 Manifestum ergo quoniam neque opinio cum sensu: neque per sen
217 1674 1254 1723 gum, neque copulatio opinionis & sensus, erit phantasia: &, propter haec
221 1714 1257 1755 & manifestum quod non alia quaedam est opinio: sed illa quae quidem
220 1756 1259 1795 est cuius est & sensus. Dico autem ex albi opinione & sensu copu
219 1795 1253 1842 latio, phantasia est. non enim ex opinione quidem albi est. ex
221 1836 1244 1884 sensu autem boni. Apparere igitur est opinari quod quidem sen¬
219 1883 710 1924 titur non secundum accidens.
