1416 2066
509 187 990 227 SVMMA TER TIA.
407 235 1087 275 Quae animae potentiae quibus animatis necessatio insint.
274 283 1237 331 Nutritiuam animam omne uiuens necessario habere: sensum uero tuctus ipsum
372 329 1147 371 animal: atque etiam gustum, cum sit tactus quidam. Cap. 1.
378 404 1279 464 Egetabilem quidem igitur animam necesse est habere om
406 459 1271 508 ne quodcunque viuum & animam habet, a generatione
405 498 1269 547 vsque ad corruptionem. necesse est enim quod generatur, aug¬
402 534 1278 579 mentum habere &statum & decrementum. hoc autem
242 579 1268 627 sine alimento impossibile. necesse igitur inesse vegetabilem po¬
240 620 1037 666 tentiam in omnibus generatis & corruptibilibus.
286 667 1268 721 Necesse igitur est quidquid uiuit & animam habet, nutritiuam
241 716 1272 770 habere animam ab ortu usque ad interitum suum: quod enim genitum est
228 773 1275 818 habere auctionem & statum & diminutionem necesse e: quae sine nu
242 827 1268 867 trimento haberi nequeunt. ergo necesse est nutritiuam potentiam om
234 876 864 931 nibus uis inesse quae oriuntur & intereunt:
287 924 1265 973 Necesse est igitur vt anima nutritiua sit in omni, & vt anima
243 972 1260 1020 existat in eis de generatione vsque ad corruptionem. Necesse est enim
246 1013 1274 1059 vt omne generatum habeat principium, & finem, & descensum, quae
240 1058 1271 1107 non possunt esse sine nutrimento. ergo de necessitate, virtus nutri
246 1098 1250 1147 tiua est in omnibus rebus augmentabilibus & diminuibilibus.
278 1156 1269 1199 Cum compleui: sermonem de omnibus virtutibus animae vniuersali¬
248 1196 1267 1240 bus, vult demonstrare quae est ex eis in animalibus propter necessitatem,
240 1241 1267 1283 & quae propter melius, & d. Necesse est igitur vt anima nutritiua sit in omni
247 1276 1271 1315 viuo de prima generatione vsque ad corruptionem. Necesse est enim vt
242 1315 1263 1355 omne habens animam, habeat crementum & diminutionem: cum impos¬
243 1355 1265 1394 sibile est vt subito veniat ad suam perfectionem postremam, sed descen¬
241 1394 1268 1436 dendo paulatim, & intrando in senectutem. Et, quia causa crementi nihil
245 1432 1272 1475 aliud est quam nutrimentum, & causa diminutionis nihil aliud est qua defectus
247 1472 1267 1510 cibi, & eius paucitas: necesse est vt anima nutritiua sit in omni, quod cre¬
247 1509 1271 1555 scit, & senescit. & quia omne viuum est tale, necesse est vt omne viuum sit nutribile.
287 1571 1273 1619 Sensum autem non necesse in omnibus viuentibus. neque enim
246 1612 1276 1659 quoruncunque corpus simplex, contingit habere tactum. neque sine
241 1656 1267 1698 hoc possibile est esse nullum animal. neque quaecunque non suscepti¬
243 1693 1277 1747 ua specierum sine materia. animal autem necesse sensum habere, si
244 1741 1272 1787 ninlfrustra facit natura. propter enim aliquid omnia quae sunt natu¬
245 1783 1271 1827 12. subsistunt, aut concidentia sunt eorum quae sunt propter ali¬
241 1826 1266 1868 quid. Si igitur omne processiuum corpus non habet sensum, cor¬
240 1865 1270 1915 rumpetur vtique, & ad finem non vtique veniet, qui est naturae
