1416 2066
222 141 722 191 conuersiuus supra suam essentiam, auti su¬
231 188 731 219 pra organum suum. Vnde Auicen. dicit in
226 214 728 249 6. naturalium quod virtus imaginatiua, quae
229 241 733 274 est spiritualior, quam sensus extrinseci, &
231 276 722 314 quam sensus communis, non potest imagi
230 302 475 343 nari organum suum,
261 333 722 367 Trigesimasexta contradictio est in com
230 365 724 401 12Scribitur sensationem exterioris sensus
225 397 725 427 non posse fieri sine praesentia obiecti. Huius
231 426 728 457 tamen oppositum meminimus nos inue¬
231 455 731 490 nisse in dictis eius super commento. libri
229 490 731 520 de somno & vigilia, vbi dicit. in somno vi¬
230 520 724 552 sionem, & gustus sensationem, vel aliquid
230 551 725 584 huiusmodi posse fieri. Soluitur, quod talis
230 582 733 619 sensatio non sensus est exterioris, sed est
229 612 724 649 sensus communis, qui vtitur intentionibus
231 644 728 682 pro rebus, vnde illa sensatio non est sine
227 683 732 716 praesentia obiecti: obiectum enim praesens
226 709 728 745 est species in organo sensus exterioris, quam
226 738 722 770 apprehendit sensus communis, & non sen
230 770 724 803 sus exterior: quia sensus exteriores in som¬
230 805 733 834 no sunt ligati. nam secundum Auer. in prae
231 830 733 866 dicto tractatu somnus est ligamentum sen
233 861 733 906 suum exteriorum. Et ista est solutio Grego¬
230 899 721 930 ril Ariminensis in primo sententiarum. 3.
226 925 728 954 distin, primi, quaest. prima arti. 2. in solutio¬
231 960 730 987 ne secundae experientiae Aureoli. & dicit
229 989 731 1018 istam solutionem esse de mente Commenta.
230 1016 722 1057 praedicto loco. Miror maxime de tanto do
231 1052 731 1082 ctore quomodo plerunque allegat tot, &
235 1079 733 1113 tantas Commen, authoritates, quas aut non
227 1112 723 1150 intelligit, aut fingit se non intelligere. ipse
230 1141 731 1178 dicit in primis sensationes istas non posse
230 1173 722 1211 fieri a sensibus exteri oribus, quia sensus ex
228 1208 726 1246 teriores sunt ligati: & allegat Commen. ibi.
230 1235 728 1267 sed contra sensus communis etiam in som
230 1269 719 1299 no ligatus est: & ligamentum non attribui
231 1300 721 1337 tur sensibus exterioribus, nisi propter liga¬
228 1329 724 1361 mentum prius existere in sensu communi¬
230 1359 731 1394 nam, vt dicit Philosophus, somnus est passio
226 1396 730 1429 primi sensitiui: primum autem sensitiuum
235 1421 727 1459 appellat sensum communem. Dicamus
228 1454 724 1490 ligitur pro nobis & pro ipso quod sensationes
234 1484 729 1518 dupliciter fiunt. quandoque per lineam re¬
229 1517 727 1553 ctam: & ista incipit a sensibilibus extrinse¬
229 1549 722 1578 cis, & terminatur ad virtutem rememora
231 1580 725 1610 tiuam. alia est per lineani refsexam & retro
230 1613 726 1649 gradam: & ista incipit a virtute rememora¬
232 1645 731 1674 tiua, & terminatur ad sensus exteriores. In
227 1672 729 1706 somno autem potest fieri retrograda sensa¬
234 1703 730 1737 tio. nam virtus imaginatiua per intentionem,
234 1738 734 1774 quam recepit ab obiecto extrinseco, vel a
228 1772 733 1802 virtute rememoratiua, mouebit sensum
225 1800 723 1829 communem, et sensus communis mouebil
225 1826 719 1859 sensum particularem, & sic fit talis sensa,
228 1861 729 1890 tio. vnda ista sensatio est sensus particularis
756 141 1266 179 tanquam subiecti, & non est sensus com¬
754 178 1257 219 munis, nisi tanquam agentis. Sed illud, quod
758 212 1261 242 decepit Gregorium, fuit, quia non potuit ima
765 238 1260 275 tinari quomodo sensatio ista possit esse sen
763 271 1255 305 sus exterioris, cum ipsi sint ligati, sed, vt di¬
755 301 1265 338 xi, ipse incidit in Soyllam cupiens vitare
764 333 1261 365 Charybdim, nam quomodo potest esse sen
762 364 1255 395 sus communis, cum ipse sit primo ligatus :
754 394 1259 435 Soluimus igitur quod in fomno perfecto li¬
754 429 1262 467 gati sunt sensus isti, & sensus communis, &
760 460 1265 491 praecipue a sensibilibus communiter occur
760 486 1257 522 rentibus: & in tali somno non fiunt istae sen¬
757 519 1259 553 sationes. est & alter somnus imperfectus,
759 548 1261 582 & in tali fiunt istae sensationes. & licet sen¬
758 581 1257 623 sus exteriores in tali somno ligati sunt re¬
755 613 1255 647 spectu sensibilium exteriorum communi¬
760 651 1259 675 ter occurrentium ab extrinseco, tamen re¬
755 674 1257 706 spectu alterius fenestrae, vt ita dicam, per
763 709 1261 744 quam itur ad sensum communem, non
755 736 1259 770 sunt ligati, & respectu illius imitari possunt.
759 767 1263 801 istud sentit Auerr. ibi in litera. Et ne videar
759 798 1263 834 ista studio contradicendi dixisse, addueo
762 830 1261 867 verba eius formaliter. inquit. quomodo au¬
757 862 1259 898 tem accidit quod homo in somno videt,
763 894 1262 932 quod sentiat per quinque sensus absque eo,
762 925 1254 958 quod ibi sit aliquod sensibile extrinsecum.
758 953 1256 986 & soluit dicens. Hoc accidit per contrarium
756 987 1256 1026 motum ei, qui fit in vigilia. in vigilia enim sensi¬
756 1015 1263 1051 bilia extrinseca mouent sensus, & sensus com
762 1049 1259 1082 munis mouent virtutem imaginatiuam: in
759 1081 1257 1114 somno autem quando virtus imaginatiua
764 1117 1253 1146 maginata fuerit intentionem, quam ac¬
758 1148 1252 1178 cepit ab extrinseco, aut ex virtute rememo
759 1179 1259 1210 ratiua, reuertetur & mouebit sensum com¬
758 1203 1259 1235 munem, & sensus communis mouebit vir¬
759 1237 1259 1277 tutem particularem: & sic accidit quod ho
758 1264 1261 1297 mo comprehendit sensiblia, licet non sint ex¬
755 1297 1259 1330 trinsecus, quia intentiones eorum sunt in
763 1326 1259 1362 instrumentis sensuum, haec illae formali¬
759 1358 1258 1402 ter. Vide etiam pro hoc ipsum terumo colli¬
760 1391 912 1434 get capit. 3S.
790 1421 1273 1459 Trigesimaseptima contradictio est in com
759 1454 1273 1490 men &o. Dicit Comment. quod melius est quod di¬
763 1484 1257 1522 uersitas formae sit causa diuersitatis mate¬
766 1516 1261 1554 tiae, quam econtra. Sed huius oppositum
765 1548 1255 1579 habetur ab ipso octauo physico. commen¬
766 1580 1260 1619 A6. svbi ex diuersitate materiae probat di¬
758 1617 1261 1643 uersitatem formatum. Soluitur. diuersitas
760 1641 1256 1674 materiae est causa diuersitatis formae: sed
754 1669 1256 1706 diuersitas materiae est lignum diuersitatis
759 1702 1259 1738 formae, non causa. Ratio igitur quam facit
764 1732 1162 1771 9. physi. 46. est a signo, non a causa.
789 1764 1257 1803 Trigesimaoctaua contradictio est super
752 1798 1262 1829 tex. 6x. Aristoteles definiens sensitiuum di¬
755 1833 1263 1863 cit, esse tale potestate, quale sensibile est
753 1858 1259 1891 iam actu. & subdit, quod patitur non
