<?xml version="1.0" encoding="UTF-8" standalone="yes"?>
<PcGts xmlns="http://schema.primaresearch.org/PAGE/gts/pagecontent/2013-07-15" xmlns:xsi="http://www.w3.org/2001/XMLSchema-instance" xsi:schemaLocation="http://schema.primaresearch.org/PAGE/gts/pagecontent/2013-07-15 http://schema.primaresearch.org/PAGE/gts/pagecontent/2013-07-15/pagecontent.xsd">
    <Metadata>
        <Creator>prov=University of Rostock/Institute of Mathematics/CITlab|PLANET AI GmbH/Gundram Leifert/gundram.leifert@planet-ai.de:name=cod-dsKs3a-m1(htr_id=29297)::::v=2.6.7
prov=University of Rostock/Institute of Mathematics/CITlab|PLANET AI GmbH/Tobias Gruening/tobias.gruening@planet-ai.de:name=de.uros.citlab.module.baseline2polygon.B2PSeamMultiOriented:v=2.6.7
prov=University of Rostock/Institute of Mathematics/CITlab|PLANET AI GmbH/Tobias Gruening/tobias.gruening@planet-ai.de:name=/net_tf/LA73_249_0mod360.pb:de.uros.citlab.segmentation.CITlab_LA_ML:v=2.6.6
Transkribus</Creator>
        <Created>2021-01-03T10:56:56.592-05:00</Created>
        <LastChange>2021-01-11T21:02:32.633+01:00</LastChange>
        <TranskribusMetadata docId="564870" pageId="23108026" pageNr="6" tsid="51107862" status="IN_PROGRESS" userId="25065" imgUrl="https://files.transkribus.eu/Get?id=BZLVCCPAOZSUEWUJTNPPMJMC&amp;fileType=view" xmlUrl="https://files.transkribus.eu/Get?id=TWBLJPLCUOGCQPGPAALEBHZE" imageId="18032164"/>
    </Metadata>
    <Page imageFilename="Averroes_DeAnima_JuntSecunda_11-0006.jpg" imageWidth="1416" imageHeight="2066">
        <ReadingOrder>
            <OrderedGroup id="ro_1610406078960" caption="Regions reading order">
                <RegionRefIndexed index="0" regionRef="r1"/>
            </OrderedGroup>
        </ReadingOrder>
        <TextRegion orientation="0.0" id="r1" custom="readingOrder {index:0;}">
            <Coords points="243,155 243,1956 1282,1956 1282,155"/>
            <TextLine id="r1l1" custom="readingOrder {index:0;}">
                <Coords points="657,194 709,187 725,196 954,195 955,151 933,147 918,131 888,149 844,139 797,148 767,124 730,149 711,132 658,132"/>
                <Baseline points="664,179 689,178 715,178 741,179 767,180 793,180 818,181 844,181 870,182 896,182 922,182 948,181"/>
                <TextEquiv>
                    <Unicode>Dedicatoria</Unicode>
                </TextEquiv>
            </TextLine>
            <TextLine id="r1l2" custom="readingOrder {index:1;}">
                <Coords points="242,266 1288,241 1249,196 242,205"/>
                <Baseline points="248,237 299,237 351,237 403,236 454,236 506,237 558,237 609,237 661,238 713,238 765,239 816,239 868,239 920,239 971,239 1023,239 1075,239 1126,238 1178,238 1230,236 1282,235"/>
                <TextEquiv>
                    <Unicode>pretatione recesserim, denique quam in quaque re secutus sim ratio¬</Unicode>
                </TextEquiv>
            </TextLine>
            <TextLine id="r1l3" custom="readingOrder {index:2;}">
                <Coords points="244,298 1284,291 1262,260 1134,252 244,266"/>
                <Baseline points="251,287 302,286 353,286 405,286 456,286 507,286 559,286 610,286 661,286 713,287 764,287 815,287 867,288 918,288 969,288 1021,288 1072,288 1123,288 1175,287 1226,287 1278,286"/>
                <TextEquiv>
                    <Unicode>nem, pluribus aperiam. Hunc porto laborem meum Cardina. Am¬</Unicode>
                </TextEquiv>
            </TextLine>
            <TextLine id="r1l4" custom="readingOrder {index:3;}">
                <Coords points="238,357 1283,339 1230,300 238,309"/>
                <Baseline points="245,336 296,336 348,335 399,335 451,335 503,336 554,336 606,336 657,336 709,336 761,337 812,337 864,337 915,337 967,337 1019,337 1070,336 1122,336 1173,335 1225,334 1277,333"/>
                <TextEquiv>
                    <Unicode>pliss. in tuo nomine apparere uolui: ratus id esse officit mei, cum pro¬</Unicode>
                </TextEquiv>
            </TextLine>
            <TextLine id="r1l5" custom="readingOrder {index:4;}">
                <Coords points="245,411 1255,395 1281,351 245,358"/>
                <Baseline points="251,384 302,385 353,385 404,385 455,385 507,385 558,385 609,385 660,386 711,386 763,386 814,386 865,386 916,386 967,386 1019,385 1070,385 1121,385 1172,385 1223,384 1275,384"/>
                <TextEquiv>
                    <Unicode>pter incredibilem humanitatem tuam, qua me dum patauis libe¬</Unicode>
                </TextEquiv>
            </TextLine>
            <TextLine id="r1l6" custom="readingOrder {index:5;}">
                <Coords points="246,442 1269,443 1285,394 924,423 246,411"/>
                <Baseline points="252,434 303,433 354,433 405,434 457,434 508,434 559,434 611,434 662,434 713,434 765,434 816,434 867,434 918,434 970,434 1021,434 1072,434 1124,433 1175,433 1226,433 1278,433"/>
                <TextEquiv>
                    <Unicode>ralium disciplinarum gratia commorareris, amplexus es: tum uel</Unicode>
                </TextEquiv>
            </TextLine>
            <TextLine id="r1l7" custom="readingOrder {index:6;}">
                <Coords points="239,493 1278,483 1246,444 239,459"/>
                <Baseline points="246,482 297,482 348,483 399,483 451,483 502,483 553,483 605,484 656,484 707,484 759,484 810,484 861,484 912,484 964,484 1015,483 1066,483 1118,483 1169,483 1220,482 1272,482"/>
                <TextEquiv>
                    <Unicode>maxime quoniam si quid est, quod uelratione institui uel laudabi¬</Unicode>
                </TextEquiv>
            </TextLine>
            <TextLine id="r1l8" custom="readingOrder {index:7;}">
                <Coords points="247,546 1180,547 1284,538 1284,490 1136,521 1006,491 247,494"/>
                <Baseline points="253,531 304,531 355,532 406,532 458,532 509,532 560,533 611,533 663,533 714,533 765,533 816,533 868,533 919,533 970,533 1021,533 1073,533 1124,532 1175,532 1226,532 1278,532"/>
                <TextEquiv>
                    <Unicode>liter confici a quoquam possit, praecipue in studiis doctrinae, eius tibi</Unicode>
                </TextEquiv>
            </TextLine>
            <TextLine id="r1l9" custom="readingOrder {index:8;}">
                <Coords points="249,601 1279,586 1247,539 787,567 249,547"/>
                <Baseline points="255,579 305,580 356,580 407,581 458,581 509,581 560,581 611,582 662,582 713,582 764,582 814,582 865,582 916,582 967,582 1018,581 1069,581 1120,581 1171,581 1222,581 1273,581"/>
                <TextEquiv>
                    <Unicode>fructus iure optimo deberi existimo. nam tui quidem animi excellen</Unicode>
                </TextEquiv>
            </TextLine>
            <TextLine id="r1l10" custom="readingOrder {index:9;}">
                <Coords points="239,642 1231,650 1273,604 239,606"/>
                <Baseline points="245,628 296,628 347,629 398,630 449,630 500,630 551,631 602,631 653,631 704,631 755,631 806,630 857,630 908,630 959,630 1010,630 1061,630 1112,630 1163,630 1214,630 1266,630"/>
                <TextEquiv>
                    <Unicode>tia, &amp; ad omnem laudem impetus excelso &amp; illustri loco sita est: </Unicode>
                </TextEquiv>
            </TextLine>
            <TextLine id="r1l11" custom="readingOrder {index:10;}">
                <Coords points="244,699 1206,698 1280,688 1280,640 1213,665 244,652"/>
                <Baseline points="251,677 302,677 353,678 404,678 455,678 506,679 557,679 609,679 660,679 711,680 762,680 813,680 864,680 915,679 967,679 1018,679 1069,679 1120,679 1171,678 1222,678 1274,678"/>
                <TextEquiv>
                    <Unicode>qui opes, auibus circumsiuis: qui cetera bona, quae uel natura, uel</Unicode>
                </TextEquiv>
            </TextLine>
            <TextLine id="r1l12" custom="readingOrder {index:11;}">
                <Coords points="241,745 1272,731 1164,690 241,699"/>
                <Baseline points="247,723 300,724 354,725 407,726 461,726 515,727 568,727 622,728 676,728 729,728 783,729 836,729 890,728 944,728 997,728 1051,728 1105,728 1158,727 1212,727 1266,726"/>
                <TextEquiv>
                    <Unicode>fortuna tibi benignissime largita est: non in persequendis uoluptati¬</Unicode>
                </TextEquiv>
            </TextLine>
            <TextLine id="r1l13" custom="readingOrder {index:12;}">
                <Coords points="245,787 1268,781 1255,750 245,742"/>
                <Baseline points="251,774 301,775 352,775 402,776 453,776 503,777 554,777 604,777 655,777 705,778 756,778 806,778 857,778 907,778 958,778 1008,777 1059,777 1109,777 1160,776 1210,776 1261,776"/>
                <TextEquiv>
                    <Unicode>bus, quas plaerique peruerse adinirantur: sed cum omni uirtute com¬</Unicode>
                </TextEquiv>
            </TextLine>
            <TextLine id="r1l14" custom="readingOrder {index:13;}">
                <Coords points="244,848 1275,835 1275,807 1205,788 244,795"/>
                <Baseline points="251,823 301,824 352,824 403,825 454,825 505,825 556,826 607,826 658,826 709,826 760,826 810,826 861,826 912,826 963,826 1014,826 1065,826 1116,826 1167,826 1218,826 1269,827"/>
                <TextEquiv>
                    <Unicode>paranda, tum uero conformando animo philosophiae studiis, consumis.</Unicode>
                </TextEquiv>
            </TextLine>
            <TextLine id="r1l15" custom="readingOrder {index:14;}">
                <Coords points="245,884 1144,891 1275,875 1275,837 245,849"/>
                <Baseline points="252,874 302,874 353,874 404,874 455,874 506,874 556,874 607,874 658,874 709,875 760,875 810,875 861,876 912,876 963,876 1014,876 1064,875 1115,875 1166,874 1217,874 1268,873"/>
                <TextEquiv>
                    <Unicode>idque agis diligenter, ut praeclaram uirtutis excolendae consuetudi¬</Unicode>
                </TextEquiv>
            </TextLine>
            <TextLine id="r1l16" custom="readingOrder {index:15;}">
                <Coords points="240,931 1126,948 1233,939 1270,892 240,900"/>
                <Baseline points="247,921 297,922 348,922 399,922 450,922 501,923 552,923 602,923 653,923 704,923 755,923 806,924 857,924 908,924 958,924 1009,924 1060,924 1111,923 1162,923 1213,923 1264,923"/>
                <TextEquiv>
                    <Unicode>nem, quae uiguit in patre tuo Terdinando Consaga sapientissimo &amp; </Unicode>
                </TextEquiv>
            </TextLine>
            <TextLine id="r1l17" custom="readingOrder {index:16;}">
                <Coords points="246,985 1276,979 1253,931 246,932"/>
                <Baseline points="252,970 302,970 353,971 404,971 455,971 506,971 557,972 608,972 659,972 710,973 761,973 811,973 862,973 913,973 964,973 1015,973 1066,973 1117,973 1168,973 1219,972 1270,971"/>
                <TextEquiv>
                    <Unicode>fortissimo imperatore, &amp; in patruo Cardinali etiamnum maxime elu</Unicode>
                </TextEquiv>
            </TextLine>
            <TextLine id="r1l18" custom="readingOrder {index:17;}">
                <Coords points="246,1026 1275,1027 1245,996 1060,979 246,996"/>
                <Baseline points="252,1020 302,1020 353,1020 404,1020 455,1020 506,1021 556,1021 607,1021 658,1021 709,1021 760,1022 810,1022 861,1022 912,1022 963,1022 1014,1022 1064,1021 1115,1021 1166,1021 1217,1020 1268,1019"/>
                <TextEquiv>
                    <Unicode>cet, constanter tuearis: usqueadeo ut omnium consensu tu unus exi¬</Unicode>
                </TextEquiv>
            </TextLine>
            <TextLine id="r1l19" custom="readingOrder {index:18;}">
                <Coords points="247,1091 1267,1083 1267,1047 1128,1029 1012,1054 897,1026 374,1034 327,1060 247,1030"/>
                <Baseline points="253,1069 303,1069 353,1069 404,1069 454,1069 504,1069 555,1069 605,1069 655,1069 706,1069 756,1069 806,1069 857,1069 907,1069 957,1069 1008,1069 1058,1069 1108,1069 1159,1069 1209,1069 1260,1069"/>
                <TextEquiv>
                    <Unicode>stas, ad quem omnes omnium rectae cogitationes, honesti conatus,</Unicode>
                </TextEquiv>
            </TextLine>
            <TextLine id="r1l20" custom="readingOrder {index:19;}">
                <Coords points="238,1139 1277,1123 1255,1092 928,1076 849,1105 727,1076 700,1100 647,1076 238,1093"/>
                <Baseline points="245,1117 296,1117 347,1117 398,1117 450,1117 501,1117 552,1117 604,1118 655,1118 706,1118 758,1118 809,1118 860,1118 911,1118 963,1118 1014,1118 1065,1118 1117,1117 1168,1117 1219,1116 1271,1116"/>
                <TextEquiv>
                    <Unicode>praeclara denique opera referri debeant. Multa huius, rei argumen¬</Unicode>
                </TextEquiv>
            </TextLine>
            <TextLine id="r1l21" custom="readingOrder {index:20;}">
                <Coords points="246,1179 1281,1179 1281,1143 1103,1124 246,1140"/>
                <Baseline points="252,1166 303,1166 354,1166 405,1166 456,1166 507,1166 558,1166 609,1166 660,1166 711,1166 763,1166 814,1166 865,1166 916,1166 967,1167 1018,1167 1069,1166 1120,1166 1171,1166 1222,1166 1274,1165"/>
                <TextEquiv>
                    <Unicode>ta sunt, sed nullum grauius, nullum ad laudem tuam illustrius, pii</Unicode>
                </TextEquiv>
            </TextLine>
            <TextLine id="r1l22" custom="readingOrder {index:21;}">
                <Coords points="240,1227 1270,1218 1256,1188 1097,1174 240,1189"/>
                <Baseline points="246,1214 296,1214 347,1214 398,1214 449,1214 500,1214 551,1214 602,1215 653,1215 704,1215 755,1215 805,1215 856,1215 907,1215 958,1215 1009,1215 1060,1215 1111,1215 1162,1214 1213,1214 1264,1213"/>
                <TextEquiv>
                    <Unicode>pontificis Maximi testimonio: qui eximiis: tuis uirtutibus commo¬</Unicode>
                </TextEquiv>
            </TextLine>
            <TextLine id="r1l23" custom="readingOrder {index:22;}">
                <Coords points="246,1276 1276,1266 1236,1221 1131,1248 792,1228 756,1255 625,1225 246,1235"/>
                <Baseline points="253,1263 303,1263 354,1263 405,1263 456,1263 507,1263 558,1264 608,1264 659,1264 710,1264 761,1264 812,1264 863,1264 914,1264 964,1264 1015,1264 1066,1264 1117,1263 1168,1263 1219,1262 1270,1261"/>
                <TextEquiv>
                    <Unicode>tus, summa omnium uoluntate, ad suorum te numerum adscribe¬</Unicode>
                </TextEquiv>
            </TextLine>
            <TextLine id="r1l24" custom="readingOrder {index:23;}">
                <Coords points="243,1322 1253,1322 1253,1288 1184,1274 243,1285"/>
                <Baseline points="250,1312 299,1312 349,1312 399,1312 449,1312 499,1312 548,1312 598,1312 648,1312 698,1312 748,1313 797,1313 847,1313 897,1313 947,1313 997,1312 1046,1312 1096,1312 1146,1312 1196,1311 1246,1311"/>
                <TextEquiv>
                    <Unicode>re, &amp; in amplissimum sanctissimumque ordinem cooptare uoluit.</Unicode>
                </TextEquiv>
            </TextLine>
            <TextLine id="r1l25" custom="readingOrder {index:24;}">
                <Coords points="238,1377 1190,1387 1275,1370 1276,1329 238,1334"/>
                <Baseline points="245,1360 296,1360 347,1361 398,1361 449,1361 501,1361 552,1361 603,1361 654,1361 705,1361 757,1361 808,1361 859,1361 910,1361 961,1361 1013,1361 1064,1361 1115,1361 1166,1362 1217,1362 1269,1362"/>
                <TextEquiv>
                    <Unicode>Quamobrem cum omnium mentes inte conuersae sint, omniumque de</Unicode>
                </TextEquiv>
            </TextLine>
            <TextLine id="r1l26" custom="readingOrder {index:25;}">
                <Coords points="242,1419 1272,1419 1272,1387 1220,1371 941,1400 870,1371 242,1387"/>
                <Baseline points="249,1409 299,1409 350,1409 401,1409 452,1409 503,1409 554,1409 604,1410 655,1410 706,1410 757,1410 808,1409 859,1409 910,1409 960,1409 1011,1409 1062,1409 1113,1409 1164,1409 1215,1409 1266,1409"/>
                <TextEquiv>
                    <Unicode>aliqua laude cogitantium te spectet industria, probabilem &amp; satis</Unicode>
                </TextEquiv>
            </TextLine>
            <TextLine id="r1l27" custom="readingOrder {index:26;}">
                <Coords points="236,1467 1214,1483 1271,1458 1238,1420 236,1436"/>
                <Baseline points="243,1457 294,1457 345,1457 396,1457 447,1457 498,1457 549,1457 600,1457 651,1457 702,1457 754,1457 805,1458 856,1458 907,1458 958,1458 1009,1457 1060,1457 1111,1457 1162,1457 1213,1457 1265,1457"/>
                <TextEquiv>
                    <Unicode>idoneam caussam me habere sum arbitratus, cur hoc meae operae stu¬</Unicode>
                </TextEquiv>
            </TextLine>
            <TextLine id="r1l28" custom="readingOrder {index:27;}">
                <Coords points="242,1515 1277,1507 1277,1484 983,1468 242,1474"/>
                <Baseline points="249,1505 300,1505 351,1506 402,1506 453,1506 504,1506 555,1506 606,1506 657,1507 708,1507 759,1507 810,1507 861,1507 912,1507 963,1507 1014,1506 1065,1506 1116,1506 1167,1505 1218,1505 1270,1505"/>
                <TextEquiv>
                    <Unicode>diique monumentum, qualecunque id tandem foret, tuo nomini in¬ </Unicode>
                </TextEquiv>
            </TextLine>
            <TextLine id="r1l29" custom="readingOrder {index:28;}">
                <Coords points="241,1571 1275,1572 1275,1523 241,1524"/>
                <Baseline points="247,1554 298,1554 349,1554 400,1554 451,1554 502,1554 553,1554 604,1554 655,1554 706,1554 757,1554 808,1555 859,1555 910,1555 961,1555 1012,1555 1063,1555 1114,1555 1165,1555 1216,1555 1268,1555"/>
                <TextEquiv>
                    <Unicode>scribendum esse decreuerim. Quod quidem uel ob eam maxime caus</Unicode>
                </TextEquiv>
            </TextLine>
            <TextLine id="r1l30" custom="readingOrder {index:29;}">
                <Coords points="248,1619 1283,1610 1236,1564 870,1564 835,1591 772,1564 248,1570"/>
                <Baseline points="254,1604 305,1603 356,1602 407,1602 458,1602 509,1602 560,1602 611,1602 662,1603 713,1603 765,1604 816,1604 867,1604 918,1605 969,1605 1020,1605 1071,1605 1122,1605 1173,1604 1224,1604 1276,1602"/>
                <TextEquiv>
                    <Unicode>sam te non improbaturum esse confido, quod coniunctum habeat stu¬.</Unicode>
                </TextEquiv>
            </TextLine>
            <TextLine id="r1l31" custom="readingOrder {index:30;}">
                <Coords points="249,1659 1125,1681 1276,1658 1243,1612 249,1619"/>
                <Baseline points="255,1651 305,1650 356,1650 407,1650 458,1651 508,1651 559,1651 610,1651 661,1652 711,1652 762,1652 813,1653 864,1653 914,1653 965,1653 1016,1653 1067,1653 1117,1653 1168,1652 1219,1652 1270,1651"/>
                <TextEquiv>
                    <Unicode>dium &amp; industriam Marci Antonit passeri mei eiusdemque tui do¬</Unicode>
                </TextEquiv>
            </TextLine>
            <TextLine id="r1l32" custom="readingOrder {index:31;}">
                <Coords points="245,1707 1285,1707 1285,1676 1015,1660 245,1663"/>
                <Baseline points="252,1698 303,1698 354,1699 406,1699 457,1699 508,1700 560,1700 611,1700 662,1701 714,1701 765,1701 816,1701 868,1701 919,1701 970,1701 1022,1701 1073,1701 1124,1701 1176,1701 1227,1701 1279,1701"/>
                <TextEquiv>
                    <Unicode>ctoris, omniumque huius aetatis philosophorum facile principis: qui in </Unicode>
                </TextEquiv>
            </TextLine>
            <TextLine id="r1l33" custom="readingOrder {index:32;}">
                <Coords points="244,1755 1278,1755 1278,1728 1143,1709 1045,1737 244,1708"/>
                <Baseline points="251,1747 302,1747 353,1748 404,1748 455,1748 506,1748 557,1749 608,1749 659,1749 710,1749 761,1750 812,1750 863,1750 914,1750 965,1750 1016,1750 1067,1750 1118,1750 1169,1749 1220,1749 1272,1749"/>
                <TextEquiv>
                    <Unicode>hos eosdem ac reliquos Aristotelis Libros Auerrois Arrabis Com¬</Unicode>
                </TextEquiv>
            </TextLine>
            <TextLine id="r1l34" custom="readingOrder {index:33;}">
                <Coords points="237,1808 1281,1803 1263,1772 974,1756 237,1771"/>
                <Baseline points="244,1797 295,1797 347,1797 398,1797 450,1797 501,1797 553,1797 604,1797 656,1797 707,1798 759,1798 810,1798 862,1798 913,1798 965,1798 1016,1798 1068,1798 1119,1797 1171,1797 1222,1797 1274,1797"/>
                <TextEquiv>
                    <Unicode>mentarios, singulari diligentia certissimoque iuditio excussit, &amp; in¬ </Unicode>
                </TextEquiv>
            </TextLine>
            <TextLine id="r1l35" custom="readingOrder {index:34;}">
                <Coords points="245,1866 1275,1858 1275,1826 1129,1809 245,1811"/>
                <Baseline points="252,1847 302,1846 353,1846 404,1846 455,1846 506,1846 556,1846 607,1846 658,1846 709,1846 760,1846 810,1846 861,1847 912,1847 963,1847 1014,1847 1064,1847 1115,1847 1166,1846 1217,1846 1268,1845"/>
                <TextEquiv>
                    <Unicode>finitis propemodum mendis inquinatos, suae integritati restituir. quae </Unicode>
                </TextEquiv>
            </TextLine>
            <TextLine id="r1l36" custom="readingOrder {index:35;}">
                <Coords points="242,1906 1268,1915 1268,1872 1172,1857 242,1869"/>
                <Baseline points="248,1898 298,1897 349,1897 399,1896 450,1896 501,1896 551,1896 602,1896 653,1896 703,1896 754,1896 805,1896 855,1896 906,1896 957,1896 1007,1895 1058,1895 1109,1895 1159,1894 1210,1894 1261,1893"/>
                <TextEquiv>
                    <Unicode>res quantum adiumenti philosophiae cupidis hominibus sit allatura,</Unicode>
                </TextEquiv>
            </TextLine>
            <TextLine id="r1l37" custom="readingOrder {index:36;}">
                <Coords points="989,1947 1007,1947 1015,1941 1039,1942 1039,1931 1024,1930 1006,1909 1001,1906 992,1906"/>
                <Baseline points="996,1939 1032,1941"/>
                <TextEquiv>
                    <Unicode>t</Unicode>
                </TextEquiv>
            </TextLine>
            <TextLine id="r1l38" custom="readingOrder {index:37;}">
                <Coords points="1189,1954 1208,1955 1216,1947 1233,1948 1239,1955 1259,1950 1259,1915 1189,1917"/>
                <Baseline points="1196,1942 1224,1942 1252,1942"/>
                <TextEquiv>
                    <Unicode>non </Unicode>
                </TextEquiv>
            </TextLine>
            <TextLine id="r1l39" custom="readingOrder {index:38;}">
                <Coords points="1049,1954 1094,1955 1106,1944 1118,1947 1118,1935 1112,1935 1103,1925 1100,1925 1092,1918 1089,1920 1088,1918 1081,1919 1075,1916 1067,1916 1062,1921 1050,1919"/>
                <Baseline points="1056,1943 1084,1943 1112,1945"/>
                <TextEquiv>
                    <Unicode>ttis</Unicode>
                </TextEquiv>
            </TextLine>
            <TextEquiv>
                <Unicode>Dedicatoria
pretatione recesserim, denique quam in quaque re secutus sim ratio¬
nem, pluribus aperiam. Hunc porto laborem meum Cardina. Am¬
pliss. in tuo nomine apparere uolui: ratus id esse officit mei, cum pro¬
pter incredibilem humanitatem tuam, qua me dum patauis libe¬
ralium disciplinarum gratia commorareris, amplexus es: tum uel
maxime quoniam si quid est, quod uelratione institui uel laudabi¬
liter confici a quoquam possit, praecipue in studiis doctrinae, eius tibi
fructus iure optimo deberi existimo. nam tui quidem animi excellen
tia, &amp; ad omnem laudem impetus excelso &amp; illustri loco sita est: 
qui opes, auibus circumsiuis: qui cetera bona, quae uel natura, uel
fortuna tibi benignissime largita est: non in persequendis uoluptati¬
bus, quas plaerique peruerse adinirantur: sed cum omni uirtute com¬
paranda, tum uero conformando animo philosophiae studiis, consumis.
idque agis diligenter, ut praeclaram uirtutis excolendae consuetudi¬
nem, quae uiguit in patre tuo Terdinando Consaga sapientissimo &amp; 
fortissimo imperatore, &amp; in patruo Cardinali etiamnum maxime elu
cet, constanter tuearis: usqueadeo ut omnium consensu tu unus exi¬
stas, ad quem omnes omnium rectae cogitationes, honesti conatus,
praeclara denique opera referri debeant. Multa huius, rei argumen¬
ta sunt, sed nullum grauius, nullum ad laudem tuam illustrius, pii
pontificis Maximi testimonio: qui eximiis: tuis uirtutibus commo¬
tus, summa omnium uoluntate, ad suorum te numerum adscribe¬
re, &amp; in amplissimum sanctissimumque ordinem cooptare uoluit.
Quamobrem cum omnium mentes inte conuersae sint, omniumque de
aliqua laude cogitantium te spectet industria, probabilem &amp; satis
idoneam caussam me habere sum arbitratus, cur hoc meae operae stu¬
diique monumentum, qualecunque id tandem foret, tuo nomini in¬ 
scribendum esse decreuerim. Quod quidem uel ob eam maxime caus
sam te non improbaturum esse confido, quod coniunctum habeat stu¬.
dium &amp; industriam Marci Antonit passeri mei eiusdemque tui do¬
ctoris, omniumque huius aetatis philosophorum facile principis: qui in 
hos eosdem ac reliquos Aristotelis Libros Auerrois Arrabis Com¬
mentarios, singulari diligentia certissimoque iuditio excussit, &amp; in¬ 
finitis propemodum mendis inquinatos, suae integritati restituir. quae 
res quantum adiumenti philosophiae cupidis hominibus sit allatura,
t
non 
ttis</Unicode>
            </TextEquiv>
        </TextRegion>
    </Page>
</PcGts>
