1416 2066
187 172 1218 234 Constat ergo nec opinionem cum sensu, neque per sensum, neque, conne¬
201 227 1219 275 xionem opinionis & sensus, esse phantasiam: tum propter haec, tum cer¬
194 268 1216 318 te, quia no alia quaedam opinio est: sed eiusdem illius, cuius et sensus est:
189 324 1216 380 uerbi causa connexio ex albi opinione et sensu, phantasia est: neque, enim
202 365 1226 428 ex opinione quidem boni erit, sensu autem albi. Apparere igitur est
194 411 725 475 opinari, quod sentit non per accidens.
240 460 1226 506 Et manifestum est quod imaginatio impossibile est vt etiam sit exi¬
190 500 1215 546 stimatio cum sensu, neque compositio existimationis & sensus ex
192 550 1212 587 istis rebus. Et ex hoc manifestum est quod, existimatio non est alicu¬
191 587 1213 638 ius alterius ab eo, cuius est sensus est scilicet si compositio, quae fit ex exi¬
189 628 1224 674 stimatione albi, & sensu eius, quid est imaginatio. impossibile est enim
196 673 1216 724 vt sit ex existimatione boni, & sensu albi. sed imaginatio est existi
190 715 910 755 matio eius, quod sentitur, non accidentaliter.
241 748 1222 795 Cum declarauit quod impossibile est vt imaginatio sit existimatio, aut sen¬
199 788 1219 838 sus, aut scientia aut intellectus, & vniuersaliter aliqua virtutum rationis,
200 829 1221 874 incoepit declarare & quod non est compositum ex existimatione & sensu, vt
201 869 1230 914 dicebant quidam Antiquorum, & d. Et manifestum est, &c. i. manifestum
194 917 1218 958 est quod imaginatio non est existimatio coniuncta cum sensu, neque vir¬
197 956 1222 1001 tus composita ex existimatione & sensu ex sermonibus praedictis, in qui¬
202 987 1224 1035 bus declarauimus quod imaginatio non est aliqua istarum virtutum, quoniam,
193 1027 1224 1068 si esset composita ex eis, contingeret vt vere dicerentur de ea proprieta.
201 1067 1216 1114 tes illarum virtutum, ex quibus componitur modo medio. composi¬
192 1107 1217 1155 tum enim ex aliquibus necesse est vt in eo existant quoquo modo existem¬
195 1143 1217 1186 tia in componentibus. Et ex hoc etiam manifestum est quod existimatio ve
196 1183 1213 1227 re non esset alicuius, nisi eius, cuius est sensus, sed deberet esse eiusdem ra¬
197 1226 1215 1276 tionis scilicet si compositio, quae fit ex existimatione albi & eius sensu, vt qui
197 1267 1217 1307 dam dicebant, esset imaginatio. & inuit Platonem opiuantem, vt repu¬
202 1307 1221 1345 to, quod imaginatio est, vt in eodem componantur nobis existimatio, & sen
197 1340 1227 1380 sus insimul. D.d. impossibile est enim vt sit, &c. i. existimatio eninm est
201 1380 1225 1431 boni, & sensus albi. & impossibile est vt imaginatio sit compositio ex
203 1417 1217 1459 existimatione eius, quod est, idem esse album & bonum. Existimatio enim
203 1459 1219 1509 & sensus secundum hunc modum non erunt eiusdem, nisi accidentaliter,
195 1493 1225 1539 imaginatio autem apud eos est existimatio & sensus eiusdem rei, non
198 1531 1231 1573 accidentaliter. Et est necessarium vt sit ita, quoniam, si imaginatio est eius
196 1572 1231 1618 dem rei, & hoc manifestum est: & componitur ex existimatione & sensu:
194 1619 1089 1652 necesse est vt existimatio, & sensus sint eiusdem rei essentialiter.
237 1659 1224 1699 Apparent autem & falsa de quibus simul acceptionem ueram
192 1691 1222 1739 habent. ut videtur sol vnius pedis, sed creditur maior esse habita¬
192 1738 1226 1787 tione. Accidit igitur aut abiicere sui ipsius ueram opinionem quam
196 1780 1225 1821 habebat saluatam, salua re, non oblitum, neque decredentem: aut
194 1820 1233 1864 si adhuc habet, eandem necesse est veram esse vel falsam. sed salsa
193 1866 816 1922 facta est, quum lateat transcendens res.
