1416 2066
124 165 635 210 sine receptione vera speciei in sua substan¬
134 204 628 236 tia facta. Vnde, vt dicebatur ex sentetia Phi
125 234 630 267 losophi. 2. de anima. tex. com. 130. intelligere
131 268 635 298 & sapere videtur tanquam quoddam senti¬
124 301 624 336 re esse: propterea quia in vtrisque anima it
131 327 627 362 dicat aliquid, & cognoscit aliquid eorum,
133 363 633 399 quae sunt. Hoc enim argumento decepti sunt An
131 394 629 426 tiqui, arguentes in secunda figura ex duabus
126 422 627 460 affirmatiuis. Non est igitur similitudo pe¬
130 453 625 483 nes formalem receptionem specierum vtro
126 482 625 514 bique, sed penes iudicium, sicut vides. Sed
134 514 628 546 lliffert iudicium intellectus a iudicio sensus.
130 548 634 579 quia sensus ad hoc vt iudicet praesupponit
131 577 632 610 in sensorio passionem a sensibili respectu
126 607 629 643 speciei sine materia. sed intellectus hoc non
128 642 634 674 requit it: ideo potest diiudicare sine receptio
129 670 634 701 ne speciei in sua substantia, sed in parte sen
128 702 632 738 fitiua, in qua recipiuntur phantasmata. & sic
134 733 628 763 alteratio est in parte intellectiua, non ratio
126 762 621 794 ne subiecti, sed ratione virtutis sensitiuae
130 792 632 830 quae est coniuncta ei, cui accidit vt sic, vt
130 820 629 858 tangat eam, ex parte scilicet qua intellectus est. Et
132 856 628 890 hoc fuit in causa quod Arist. in. 2. de anima lo
128 893 631 928 euturus de virtute sensitiua in genere, prae¬
124 916 631 954 misit sentire in quodam pari & moueri com
128 949 628 985 sistere, in tex. com. Si. sicut iam concessum erat
130 981 635 1017 ab Antiquis, vt patet. I. de anima. tex. com. 7S
131 1013 633 1043 Et ideo, quia mens eius non erat hoc sane
128 1045 629 1075 dictum simpliciter, sensum pati & moueri,
131 1073 633 1106 & ab alio agere, seu in actu esse, ideo ibi in
130 1105 631 1140 tex. com. 34. apponit corrigendo hoc dictum,
124 1133 634 1175 primum quidem tanquam idem sit moue
134 1170 631 1202 ri, & pati, & agere dicimus. & motus est acto
132 1204 626 1238 quidam, imperfectus tamen. Vbi, vt notat
129 1229 627 1266 lucidissimus Them. innuit differentiam in¬
128 1259 624 1302 ter moueri & agere, & inter pari & agere
129 1291 633 1322 licet enim sensus patiatur & moueatur a sensi¬
126 1322 625 1354 bili, vt dictum fuit, non tamen agit ratione
127 1353 624 1387 sensibilis in hoc, quod iudicium sumit de sen
130 1382 626 1418 sibili, sed hoc habet ex se & sua ratione for
126 1414 631 1450 mali. in plus enim est agere, vel in actu esse,
137 1452 631 1485 quam sit mouis, aut passio. nam vt dicit The¬
125 1476 626 1513 mist. ibi, ita actus excedit motum, sicut ge
130 1508 632 1541 nus excedit speciem, nam motus est actus
131 1539 628 1576 quidam scilicet imperfectus: ratio autem actus
126 1571 624 1609 generalior est. Et, si instetur contra hoc au¬
128 1600 627 1635 thoritate Philosophi in lib. de fensu & sen¬
130 1632 637 1666 si. vbi habet quod sensibile sensum agere facit:
127 1665 623 1702 & in. 2. de anima. tex. com. 39. vbi dicit, qui
127 1695 635 1730 actiua operationis sensibilis sunt extra. Dic
126 1724 631 1765 quod facit ipsum esse in actu, quo ad speciei
128 1755 628 1796 receptionem, pro quanto sensus patitur ali
122 1787 631 1820 quid patiente organo, vt dictum est: sed
123 1817 635 1852 non facit ipsum agere in hoc, quod discernit, &
129 1850 629 1882 fiuidicat, quia hoc habet ex sua intrinseca ra
127 1884 631 1914 tione. sensus enim & intellectus sunt ex virtuti¬
661 172 1166 210 bus animae, quae habentidiscernere & iudi¬
660 206 1163 242 care, sed sensibile solum quo ad hoc habet
663 235 1165 266 virtutem sensitiuam excitare, & est sibi oc¬
662 268 1161 306 ca sio non causa principalis ferendi iudicil¬
664 297 1161 331 organum etiam non patitur a sensibili secundum
662 334 1162 368 passionem corruptiuam, neque passiue: non enim
665 364 1161 402 albescit, nec nigrescit, vt patiuntur corpora:
660 393 1160 426 immo talis alteratio in perfectionem ter¬
659 420 1157 458 minatur, quia est receptio specierum fine
663 460 1159 491 materia, & sensitiuum etiam operatur non
658 484 1160 523 vt potentiae factiuae, sed secundum iudicium &
658 517 826 552 cognitionem.
690 545 1163 579 Tertia contradi. est super com. 4. &. 3. Com.
661 576 1161 607 tener intellectum materialem esse abstra¬
662 607 1166 642 ctum, & immortalem. Sed huius oppositum
667 639 1171 674 habetur in. 3. de anima. tex. com. 10. vbi io¬
665 669 1169 709 quens de intellectu agente dicit quod ipse solu
664 700 1164 738 est immortalis. & patet quod hoc non potest
662 733 1165 764 absolute intelligi. quia vltra intellectu agen
662 765 1164 805 tem etiam intelligentiae mouentes orbes
658 797 1172 826 sunt abstractae, & immortales. igitur hoc
657 825 1167 857 intelligitur comparatiue, in ordine videli¬
661 856 1169 890 cet ad caeteras animae virtutes & potestates.
667 889 1160 922 & ita intellectus possibilis non est immor¬
658 920 1164 949 talis. Soluitur. inter virtutes animae sunt
663 949 1165 986 duae, quarum vna est omnia fieri, alia est
662 980 1169 1013 omnia facere: sed illa, quae est omnia facere
659 1012 1162 1055 est praestantior ea, quae est omnia fieri, & sic
658 1041 1165 1074 in supremo gradu abstractionis sola essen¬
665 1073 1173 1109 tia intellectus agentis peruenit: sicut si quis
661 1108 1175 1148 dicat Solem esse magis abstractum, quam
662 1137 1161 1170 lucem. Ex hoc tamen non sequitur quin in¬
667 1168 1163 1205 tellectus potestatis etiam abstractus sit, quia
657 1198 1173 1235 abstractio & immortalitas non consistit in
667 1232 1159 1266 ptincto, sed habet latitudinem magnam.
660 1267 1158 1297 quia distantiae entium sunt valde diuersae,
665 1293 1164 1325 2. coeli. com. 64. vnde intellectus materialis
667 1322 1161 1354 est in insimo gradu abstractorum. 3. de ani¬
664 1356 1160 1386 ma. com. 19. concordat Them. 3. de anima
665 1383 1166 1418 ca. 36. & sic elicio solutionem istam. aliter
664 1416 1101 1450 etiam dici potest, vt notaui in tabulis.
706 1445 1163 1486 Quarta contradi. est in com. 3. Auer. vbi re
668 1481 1165 1518 prehendit Alexand, qui, sicut sibi imponit,
662 1516 1167 1544 posuit intellectum inaterialem causatum
658 1540 1171 1573 ex mixtione elementorum, & vniuersalirer
662 1569 1166 1602 omnes alias virtutes animae, dicit quod hoc est
663 1600 1165 1642 contra Aristo. quia sententia Arist. fuit pri¬
659 1636 1165 1666 mas perfectiones animae esse a motore ex¬
658 1668 1163 1698 trinseco. Sed ipse non recordatur suimet su.
670 1696 1160 1726 per. 7. meta. com. 32. vbi reprehendit Auic. po
663 1726 1167 1763 nentem datorem formarum, & Themistium
666 1757 1160 1787 ponentem motorem extrinsecum respectu
660 1785 1165 1827 animalium ex putrefactione generatorum.
662 1820 1159 1851 Soluitur. memini me diffuse dixisse de hac
662 1851 1159 1882 materia super quaestione nostra de specie¬
661 1881 1162 1920 bus intelligibilibus. sed pro nunc dico quod
