1416 2066
201 195 1254 244 tres partes animae sunt diuersae. Et inopinabile est etiam eum hoc,,
209 250 1240 284 quod diximus, distinguere hoc, quod existimatur esse diuersum
212 284 1244 323 ab omnibus in definitione, & actione. principale enim existit in
211 324 1236 376 parte cogitatiua. desyderium autem, & ira inueniuntur in non sa
204 366 1243 418 tionabili. Si igitur anima habet tres partes, tunc desyderium inueni
213 409 617 460 tur in vnaquaque illarum.
252 460 1248 508 Et contingit nobis quaestio in quacunque istarum trium virtutum, aut
217 501 1250 547 duarum numerauerimus virtutem imaginationis scilicet vtrum ista virtus sit
208 542 1239 586 vna illarum virtutum, in quas diuisimus partes animae, aut est diuersa ab
209 580 1243 627 eis. & maxime, si aliquis posuerit quod partes animae sunt diuersae in defini¬
216 621 1241 660 tione, & loco. D.d. Et inopinabile est, &c. i. & inopinabile est diuidere
206 659 1246 698 hanc virtutem, quae existimatur esse diuersa ab omnibus in actione, & de
204 697 1236 741 finitione: & intendit virtutem desyderatiuam: & ponere eam in habente
212 738 1237 779 rationem, & in carente ratione, & non ponere eam proptiam alteri duo¬
206 774 1235 820 rum modorum, sicut est dispositio de aliis virtutibus animae, sed in vtro¬
207 815 1243 859 que. virtus enim principalis non existit nisi in usanima rationali. & hoc
209 855 1239 898 intendebat, cum dixit, in parte cogitatiua: & non principalis sicut desyde¬
208 892 1249 939 rium, & ira existit in non rationabili. Sed nos videmus istam virtutem nu
206 932 1243 973 merari secundum numerum virtutum: ita quod, si partes animae fuerint
214 972 1245 1019 tres, tunc desyderium inuenietur in omnibus earum. Et hoc intendebat,
205 1010 587 1067 cum d. Si igitur anima, &c.
250 1061 1248 1115 Et etiam de quo nunc sermo instat quid forte mouens secundum
210 1109 1250 1154 locum animal estesecundum quidem enim augumentum & de¬
216 1162 1246 1208 erementum motu, quod omnibus inest videbitur vtique mouere, ge
209 1196 1241 1243 neratiuum & vegetatiuum. De respiratione autem & expiratio¬
214 1236 1240 1292 ne, & somno & vigilia posterius perspiciendum: habent enim &
214 1280 660 1323 haec dubitationem multam.
257 1315 1245 1388 lam uero de quo nunc institura est disputatio, quid est quod loco mo¬
206 1362 1240 1434 uet animalus motu enim auctionis et diminutionis, qui omnibus insunt,
205 1427 1246 1466 id quod omnibus inest, nempe generatiuum & nutritiuum, mouere ui
209 1476 1246 1531 deatur. De respiratione autem & expiratione post considerandum est:
211 1515 775 1580 nam de his quoque, non leuis est quaestio.
249 1563 1241 1611 Illud autem, ad quod peruenimus in iermone, est quid est illud
217 1604 1231 1658 quod mouet animalia de loco in locum. Et existimatur quod motus,
214 1651 1241 1693 qui est secundum augmentum & diminutionem existit in omni¬
204 1691 1241 1738 bus. & illud, quod existit in omnibus est illud, quod existimatur
211 1739 1247 1788 mouere generatiuum & nutritiuum. Et post consyderabimus delan¬
206 1776 1144 1819 helitu, & somno & vigilia. in istis enim sunt multae quodnes.
239 1836 1249 1875 Idest, sed nos non intendebamus istas quaestiones in hoc loco. intentio
199 1875 1201 1915 enim nostra est perscrutari illud, quod mouet animal in loco, quid sit.
