1416 2066
202 171 1254 244 Quin ne intellectiuum quidem & qui uocatur intellectus est is qui
201 235 1251 290 mouet. Contemplatiuus enim nihil agendum contemplatur, neque, de fu
211 275 1243 338 giendo & persequendo quidquam dicit: at motus semper aut fugientis
215 331 1253 386 aliquid, aut persequentis est. Neque, uero cum aliquid eiusmodi conside
209 372 1253 435 rat, iam iubet uel persequi uel fugere: uerbi causa saepe intelligit aliquid
210 420 1257 484 formidolosum aut iucundum, nec iubet timere, cor autem mouetur: sin
215 471 638 531 iucundum, pars aliqua alia.
254 532 1253 580 Sed illud, quod mouet, non est pars cogitatiua, neque illa, quae di¬
212 577 1245 628 citur intellectus. Pars enim cogitatiua non videt illud, quod facit,
209 628 1241 671 neque dicit aliquid in fugito, neque in quaesito, motus enim semper in¬
221 667 1252 714 uenitur aut in fugiente, aut in quaerente. Neque est etiam ex eis, quae
216 714 1239 761 quando viderint rem talem, mittent ad quaerendum, aut fugien¬
216 746 1240 786 dum. vt multotiens opinamur aliquid esse delectabile, aut timo¬
214 796 1250 837 rosum, & non mittimus ad timorem. cor autem mouetur, quan¬
221 834 713 874 do aliud membrum delectatur.
256 883 1243 933 Potest intelligi per partem cogitatiuam, intellectus speculatiuus: & per
215 925 1237 975 partem, quae dicitur intellectus, intellectus operatiuus. Et ideo d. pars enim
217 964 1243 1003 cogitatiua non videt, &c. i. pars speculatiua non consyderat de rebus ope¬
220 1004 1236 1043 ratiuis, neque de aliqua re vtili quaesita, neque de aliqua re nocente fugita: mo
216 1043 1202 1087 tus autem in loco non inuenitur nisi aut in quaerente, aut in fugiente.
216 1084 1248 1130 D.d. Neque est etiam ex eis, &c. i. neque est etiam pars intellectus, qui inna¬
217 1123 1250 1164 tus est consyderate in quaesito, & fugito: & excitat membrum mobile ad
217 1163 1250 1203 motum ad rem delectabilem, aut membrum mobile in timore ad motum
215 1200 1238 1252 vt accidit nobis, quando imaginamur aliquod delectabile aut timorosum, quod
216 1240 1250 1292 membrum proprium illi delectabili mouetur in nobis, & cor constringi
221 1278 1245 1326 tur tunc ex illo timoroso: & intellectus nihil videt ex hoc: sed videmus ip
201 1316 1247 1362 sum moueri ex illo timoroso, aut ad aliud delectabile: Et hoc intendebat
221 1363 1250 1403 cum d. cor autem, &c. ita cecidit in scriptura. Et forte diminuitur ex ea
224 1395 1254 1435 tantum, quod intentio esset ista, scilicet cor autem mouetur ex timore, aut ex
220 1436 1240 1483 delectatione, quando aliud membrum delectatur. & demonstrat hoc, quod
217 1476 1244 1515 inuenimus in alia translatione. scilicet multonens cogitat intellectus in
209 1523 1240 1557 aliquo timoroso, aut in aliquo delectabili, sed non propter hoc: erit timor,
213 1559 1250 1596 aut delectatio, cor autem mouetur motu timoris, sed non ex intellectu, &
219 1593 1246 1634 cum cogitauerit in aliquo delectabili, tunc membrum aliud a corde mo¬
219 1635 581 1675 uetur motu delectationis,
261 1683 1239 1738 Amplius & praecipiente intellectu, & dicente intelligentia fuge
208 1738 1247 1788 re aliquid, aut prosequi: non mouetur, sed secundum concupiscen
215 1780 1253 1819 tiam agit, vt incontinens. Et totaliter autem videmus quoniam
217 1815 1253 1866 habens medicatiuam non sanatur: tanquam alterius quidem sit
219 1870 1079 1916 proprium agere secundum scientiam, sed non scientiae.
