1416 2066
210 157 716 194 sensibile enim sensum agere facit ex men¬
210 191 716 226 te Philosophi in libro de sensu ex obiecto
214 223 714 256 enim & potentia paritur notitia. Et hoc
218 253 712 285 videtur velle Commentat. secundo de ani¬
213 284 716 314 ma commen trigesimoseptinmo, vbi dicit
214 313 724 347 animam esse causam effectiuam omnium
215 349 721 378 motuum tam verorum quam existimato¬
218 380 725 409 rum existentium in animato. Et ista etiam
210 408 725 442 scatentia est eiusdem. 2. de anima commen
216 444 722 475 1a9. & non habeo pru inconuenienti hoc,
218 473 716 506 quod idem sit actiuum ratioue alterius. &
214 504 710 538 sit passiuum ratione propria. vnde sicut in
216 532 717 569 tellectus possibilis est actiuus & passiuus te¬
218 563 723 600 ste Auer. 3. de anima. commen. 19. sic ima¬
220 596 714 634 ginor de ipso sensu. Et in hoc iudicio meo
215 629 723 666 recte dixit Albertus, nec rectius dici potuit.
222 659 725 691 Et hoc fuit in causa, sicut mihi videtur, qua
223 692 720 722 re Aristote. non posuit expresse motorem
222 720 713 754 istum extrinsecum in sensu, sed bene in in
221 752 713 781 tellectu. quia motor iste concurrit vniuer
214 780 714 815 sali influentia vna cum obiecto, quod est
223 812 713 846 causa proxima non dispositiua, sed effecti¬
222 843 717 874 uia particularis respectu speciei sensibilis.
214 873 719 909 in intellectione autem, in qua sit transitus
215 909 709 946 de ordine in ordinem, & fiunt potentia in
215 940 720 973 tellecta actu intellecta, fuit necessarium po
214 972 728 1008 nere istum intellectum agentem: quia ibi
218 995 717 1035 manifestum erat. quod productio speciei
216 1030 723 1068 intelligibilis non poterat reduci ad phantas¬
216 1059 723 1092 ma, cum exeat ordinem & latitudinem sensi¬
219 1088 723 1122 bilium. sed in sensu, vbi manet consimilis
211 1121 719 1153 ordo, non videtur aliquem motorem sepa¬
219 1154 717 1186 ratum appropriatum ponere: sed vniuersa¬
212 1185 717 1218 lis eius influxus sufficit, sicut etiam in aliis
218 1217 725 1250 est. Et hoc voluit dicere Comment. vt mihi
221 1253 717 1282 videtur, dum dixit, sed Aristote. tacuit mo¬
220 1279 717 1319 torem istum extrinsecum in sensu, & pro¬
222 1309 714 1346 palauit in intellectu: quia in sensu latet, &
217 1345 714 1379 in intellectu manifestum est. Sic cognoui¬
215 1370 714 1403 sti iam quomodo sensus est de virtutibus
221 1404 720 1442 passiuis, & quomodo de actiuis, & respectu
216 1433 425 1472 cuius, & qualiter.
253 1462 721 1498 Trigesimaquarta contradictio est super
219 1500 717 1530 tex. 32. Aristote. & Commen. videntur tene
215 1524 719 1558 re in hoc loco quod sensus non sentiunt se.
219 1556 713 1587 Sed huius oppositum memini me legisse
221 1586 711 1619 apud Alexand. in suo tracta. de intellectus
220 1621 713 1651 capitulo quarto, vbi agit de intellectu in ha
216 1648 705 1682 bitu, vbi inquit quod eodem modo sensus
214 1679 712 1714 seipsum sentire dicitur, quando haec sentit,
217 1710 713 1753 quae actu sibi eadem fiunt. nam, vt diximus,
216 1740 711 1776 iensus in actu est ipsum sensili, cum & sen¬
215 1771 711 1810 sus & intellectus formarum teceptione absque
214 1806 702 1838 materia, quae sibi propria sunt participant
214 1837 707 1870 Dicimus nos quod intellectus & sensus in
212 1873 717 1906 aliquibus conueniunt, & in aliquibus diffe¬
742 164 1259 202 runt. Conueniunt quidem, quia vterque
752 196 1256 230 percipit per speciem, tertio de anima textu
750 228 1244 258 commen. 2. intelligere est sicut sentire con
752 252 1255 290 ueniunt etiam. quia sicut sensus & sensilis
750 285 1248 322 est vnus & idem actus secundo de anima. te.
753 316 1251 354 commen. 14i. sic & intellectus & intelligi¬
752 349 1254 385 gibilis secundum actum est vnus & idem
753 378 1255 410 actus. & quo ad istam similitudinem sen¬
759 406 1254 450 us potest dici quod sentiat se, sicut intelle¬
754 438 1251 472 ctus, pro quanto est vnus actus vtriusque,
750 471 1251 501 scilicet obiecti & potentiae actu operantis.
752 502 1253 538 Differunt autem, quia licet sensus percipiat
757 531 1257 570 recipiendo species sine materia, non tamen
756 563 1254 595 sicut intellectus. quia intellectus recipit spe
756 597 1263 626 cies sine materia, & sine conditionibus ma
753 626 1257 658 teriae: quia obiectum relucens in specie in¬
754 655 1252 699 telligibili est abstractum a materia & a prae
751 688 1259 718 sentia materiae, & ab omnibus circun¬
749 720 1262 755 stantiis & appenditiis materiae. secus autem
749 749 1252 786 est de sensu, quia sentit cum his & nunc. &
753 782 1259 818 ideo intellectus est communiter vnus supra
752 812 1259 842 suam essentiam per verum circulum, vt di¬
752 842 1254 883 citur in primo de anima, quod non potest
746 874 1258 906 facere sensus, cum virtus organica sit, & illo
748 908 1258 946 modo sensus non potest sentire seipsum. Et
755 934 1257 979 istud est ex miente Alexand. in paraphra¬
748 968 1256 1010 si de anima. in capitulo de intellectu secun¬
748 1004 1256 1034 dum actum, vbi formaliter isto modo di¬
748 1028 1254 1066 cit. Iccireo intellectus in actu, qui idem fit
758 1061 1259 1093 cum intellectu specie, non immerito sese
748 1093 1254 1123 intelligere dicitur. er go sese intelligit, quia
746 1123 1257 1154 hoc idem, quod itelligitur, fit. species enim
749 1152 1259 1194 abiunctas a materia intelligit: non enim sin¬
752 1181 1256 1225 gulariter apprehendit hoc, sed in singulari
748 1214 1254 1250 id, quod est, esse intelligit, sicut retro dictum
755 1244 1261 1283 est. Neque tamen ex pari ratione sensum
753 1276 1259 1307 seipsum sentire dixeris, licet ipsae quoque
753 1307 1261 1351 species sensilium rerum excipiat, ea de cau
752 1340 1258 1372 ia, quia sentit quaecunque sentit, velut addi¬
751 1366 1249 1403 ta materiae: huins enim & singularis fun¬
750 1399 1255 1434 ctio sensus est. non fit autem idem sensus
751 1437 1263 1466 cum rei sensili specie, quamuis non more ma¬
751 1462 1255 1507 teriae species excipiat: materiales enim for¬
747 1493 1245 1530 mae sensiles que secus a sensu, secus ab intel
745 1523 1255 1570 lectu pensitantur. & vide caetera, quae se¬
751 1563 860 1595 quuntur.
782 1581 1270 1619 Trigesimaquinta contradictio est super 3
746 1621 1271 1658 eodem tex. Aristoteles quaerit quare sen e
743 1649 1246 1684 sus non sentiunt se: & soluit, quia sensitiuum
742 1679 1237 1714 est in potentia & non actu ipsum sensibile,
742 1713 1246 1746 & nihil mouetur de potentia ad actum, ni
739 1743 1239 1779 si a motore extrinseco. & est locus allegatus,
749 1780 1249 1813 uuod sensus seipsos non sentiunt. Sed nuius
746 1801 1235 1842 oppositum memini me legie TAd Ale¬
744 1836 1237 1866 xandrum in tractatu de intellectu, cap. 1.
738 1864 1239 1899 vbi agit quomodo intellectus in haoitu
