1416 2066
155 156 1210 211 Idest &, cum in hoc sermone praedicto declarauimus hoc de sensibili¬
155 198 1202 245 bus, manifestum est per se. apparet enim quod neque lux, neque obscuritas, neque
168 243 1203 293 odor, neque color agunt aliquid in corporibus: sed non agunt, nisi in re
172 276 1202 316 bus, in quibus sunt isti sensus. D.d. v. g. quod aer, in quo tonitruum, findit li¬
168 318 1199 368 gnum. sed sonus, qui est tonitruum, non est ipse motus, quem lignum recipit
172 363 1200 403 a motu aeris. sed sonus est intentio, quae non inuenitur, nisi in audiente: &
173 396 1199 449 quasi est in capitulo ad aliquid, non in qualitate. & similiter odor apud
171 443 1200 487 ipsum est, secundum quod exposuimus. D.d. Sed tangibilia, & sapores &c.
167 476 1200 516 idest sed tangibilia, & sapores magis sunt in capitulo de agere & pati, quae in
174 515 1200 555 capitulo relationis. quoniam, si ab eis non patitur, nisi quod habet sen¬
173 555 1202 595 sum gustus, & tactus, a quo igitur patientur alia corpora non animata:
178 603 1195 646 contingit enim agere & pati non esse. quod est impossibile. Et hoc quod
182 633 1200 675 dixit in tangibilibus, est manifestum, sed inus saporibus indiget considera
172 671 1210 714 tione. Potest enim aliquis dicere quod sapor est ipsum gustabile, sicut
176 711 1203 749 odor est ipsum olfactum. sed videmus, vt dicit Plato, quod sapores ha¬
177 750 1204 796 bent in corporibus non animatis passiones diuersas additas calefactioni,
182 789 1204 834 & infrigidationi verbi gratia exasperare, quod est pontici: & senificare
174 829 1209 874 quod est vnctuosi: & aua multa, quae sunt dicta in Timaeo, quae Galenus
172 869 1203 914 laborat. exponere. Istae igitur actiones vtrum sint saporis, aut sint de sapo¬
168 907 1203 962 re quasi motus aeris de sono, indigent consyderatione. sed accepit hic quod
174 948 808 999 sapor est modus tangibilis cum sit similis ei.
222 1012 1202 1055 Ergo ne & illa faciuntus aut non omne corpus passiuum ab odo¬
168 1056 1206 1099 re & sono: & patientia indeterminata, & non manent, ut aer. foeter
176 1099 1211 1148 enim sicut patiens aliquid. Quid igitur est odorare praeter pati¬
172 1139 1163 1191 quide aut odorare sentire est: aer autem patiens mox sensibilis sit.
216 1188 1211 1227 Num igitur illa quoque, afficiunt T An non ita natura comparatum
177 1228 1210 1286 est ut omne corpus ab odore & sono patiatur: & ea demum ipsa quae
177 1276 1210 1339 patiuntur, carent termino, neque perstat, ueluti aer: redolet enim quasi ali¬
155 1323 1210 1387 quid passus. Quid ergo erit olfacere, nisi pati aliquidum An olfacere quo
176 1371 1109 1420 dem est sentire: aer uero ubi passus fuerit, celeriter sensibilis sit.
215 1420 1198 1477 Dicamus igitur quod non omne corpus est innatum pati a sono,
172 1468 1206 1514 ab odore: & quod patitur non est determinatum, neque permanens.
181 1512 1207 1563 v. g. aer enim est ventus, & propter hoc patitur. Quae igitur est dif¬
175 1552 1209 1595 ferentia inter olfacere, & patius Dicamus igitur quod olfacere, & est
176 1595 966 1644 sentire: &, cum aer patitur, & velociter fit sensatus.
214 1651 1201 1699 Cum declarauit quod non patitur ab aliquo trium sensibilium nisi sen¬
174 1692 1206 1735 sus proprii eis, incoepit dare differentiam inter passionem corporum me
172 1737 1208 1788 diorum ab eis, & inter passionem rerum a tangibilibus, & d. Dicamus igitur
174 1774 1202 1827 quod non omne corpus, &c. i. &, si aliquis finxeritur quod corpora patiuntur a so¬
171 1822 1208 1863 no, & ab odore, & dederit rationem super hoc de passione aeris, & aquae
171 1852 1206 1899 ab eis, dicemus ei quod non omne corpus est innatum pati a sono, & ab odo¬
