1416 2066
258 249 755 288 agens est similis formae, & quod intelle
254 280 728 322 ctus in habitu similis est materiae
264 324 741 363 Omnia enim duo, quorum subie
260 357 758 402 ctum est vnum, & quorum alterum est
266 393 750 448 perfectius alio, necesse est vt respe¬
258 436 763 474 ctus perfectioris ad imperfectius sit
264 471 749 523 sicut respectus formae ad materiam,
264 513 748 561 Et secundum hanc intentionem dicimus quod
262 549 755 605 proportio primae perfectionis vir¬
256 590 759 644 tutis imaginatiuae ad primam perfe¬
261 627 763 674 ctionem communis sensus est, sicut
264 672 712 718 proportio formae ad materiam.
291 709 751 760 lam igitur inuenimus modum,
259 745 750 797 secundum quem possibile est vt iste intelle
261 788 751 831 ctus continuetur nobiscum in postre¬
258 824 741 866 mo: & causam, quare non copula
259 866 759 916 tur nobiscum in principio. quoniam
255 903 757 957 hoc posito, continget necessario vt
258 943 749 984 intellectus, qui est in nobis in actu,
260 983 761 1034 sit compositus ex intellectis specula
264 1020 753 1073 tiuis & intellectu agente: ita quod inter
264 1058 751 1110 lectus agens sit quasi forma intelle¬
263 1097 755 1146 ctorum speculatiuorum, & intelle¬
254 1138 740 1178 cta speculatiua sint quasi materia.
256 1176 757 1230 Et per hunc modum poterimus ge
255 1218 752 1258 nerare intellecta cum voluerimus
260 1254 747 1309 Quoniam illud, per quod agit ali¬
258 1293 759 1351 quid suam propriam actionem, est
260 1341 750 1381 forma: nos autem, quia agimus per
261 1370 760 1427 intellum agentem nostram actionem,
258 1413 753 1462 propriam, necesse est vt intellectus
260 1449 604 1506 agens sit forma in nobis,
301 1488 756 1544 Et nullus modus est, secundum quem genera
258 1525 756 1578 tur forma in nobis nisi iste. Qm, cum
261 1564 755 1619 intellecta speculatiua copulantur no¬
259 1605 755 1660 biscum per formas imaginabiles: & in¬
258 1644 751 1699 tellectus agens copuletur cum intel¬
255 1684 749 1733 lectis speculatiuis: illud enim quod com¬
255 1731 747 1773 prehendit eas, est idem scilicet intellus mate
263 1762 761 1813 rialis: necesse est vt intellectus agens
260 1799 750 1854 copuletur nobiscum per continua¬
260 1838 756 1890 tionem intelle etorum speculatiuorum.
294 1877 754 1930 Et manifestum est, quando om¬
789 234 1284 282 modum, quo possumus dicere intel
786 276 1286 322 lectum agentem esse similem formae,
782 317 1289 355 & intellectum adeptum silem mate
785 356 1295 399 riae. Nam quaecunque duae res, quarum
781 396 1290 434 subiectum est vnum, & vna eax est per¬
784 437 1293 488 fectior altera, oportet quidem vt ita
784 471 1291 514 se habeat perfectior ad imperfectio
788 511 1287 554 rem, sicut se habet forma ad materiam.
789 550 1287 594 Et hac ratione dicimus etiam ita se habere
793 592 1289 644 primum actum ipsius virtutis imagina¬
789 629 1293 675 tiuae ad primum actum ipsius sensus com
785 669 1285 707 munis, sicut se habet fora ad mateiam.
822 708 1291 757 lam eroo inuenimus modum, quo
788 738 1291 804 possit iste intellus copulari nobis in
785 789 1281 834 fine. Causa vero, ob quam non copula¬
782 826 1286 867 tur nobis in initio, est quidem propte
782 862 1293 906 rea, quia ex hac positione sequeretur
787 904 1291 941 omnino, vt intellus, qui in nobis a¬
788 943 1284 985 ctu existit, esset compositus ex ipsis in
785 981 1287 1034 telligibilibus speculatiuis & ex intel
782 1020 1286 1073 lectu in actu, ita vt intellus agens sit
786 1059 1283 1113 ueluti forma ipsorum intelligibilium
785 1101 1287 1145 speculatiuo, & ipsa intelligibilia spe
784 1148 1289 1180 culatiua erunt veluti materia. Et hac ra¬
782 1179 1284 1226 tione poterimus generare ipsa intel
782 1216 1285 1269 ligibilia cum voluerimus. Nam id, quo
782 1258 1285 1307 aliqua res agit aliquid suam propriam
785 1293 1279 1348 actionem, est ipsa forma: nos autem agi¬
789 1334 1280 1383 mus nostram propriam actionem ipso
784 1372 1289 1427 intellectu agente: ergo oportet vt in
787 1413 1285 1464 tellus agens sit nobis forma. Et nul¬
781 1449 1293 1501 lus alius modus pont reperiri, quo pos¬
786 1489 1285 1543 sit gnerari ipsa forma in nobis praeter
783 1528 1285 1582 hunc. Qnam, cum ipsa intelligibilia spe¬
783 1567 1283 1618 culatiua copulentur nobis per foras
786 1607 1284 1659 imaginarias: & intellectus agens con
785 1644 1287 1696 iungitur cum intellicibilibus specu
787 1675 1283 1737 culatiuis: & ille intellus, qui cogno¬
789 1723 1289 1762 scit ea, est idem, hoc est ipse intellus
790 1768 1286 1814 materialis: ergo oportebit ut intellectu
789 1802 1287 1851 agens copuletur nobis per copula¬
785 1838 1285 1894 tionem intelligibilium speculatiuos.
825 1879 1285 1923 Palam autem est, quotier scunque omnia
