1416 2066
131 155 1180 203 Et videmus sensibile facere sentiens in actu, postque erat in poten
138 198 1173 243 tia, neque patiendo alterationem. Et ideo iste est alius modus mo¬
142 235 1181 283 tus. motus enim est actio non perfecta. actio autem simpliciter est alius
138 288 1178 331 motus, & est actio perfecti. Sentire igitur simile est vt tantum di¬
140 326 1178 370 catur uerbis, & vt intelligatur per intellectum. Si igitur fuerit de¬
137 371 1177 412 lectabile, aut tristabile, sicut affirmatio & negatio eius, quaere¬
143 411 433 467 tur, aut fugietur.
130 467 1178 515 Plus, quod hic vult dare de dispositione istius virtutis scilicet rationalis, est
142 508 1176 559 propter assimilationem eius sensui, haec enim in quibus assimilatur, manifestio
139 548 1182 599 ra sunt in sesu, quae in intellu. Et primo incoepit comparare inter eas in re, quae dicitur
147 588 1166 627 in eis motus, & passio. & d. Et videmus sensibile facetur, &c. i. &, quia videms
139 627 1170 675 seusibile facere sentiens in actu, postquem fuit in potentia: non ita quod sentiens apud
146 666 1177 707 exitum de potentia in actum transmutatur, aut alteratur, secundum quod res materia¬
146 703 1178 756 les exeuntes de potentia in actum transmutantur, aut alterantur: sed quod
139 750 1165 795 res materiales exeuntes de potentia in actum transmutantur: ideo opi¬
142 787 1166 827 nandum est alium modum esse motus, & passionis a modo, qui est in re¬
141 821 1175 867 bus mobilibus. quapropter non est inopinabile hoc, quod dictum est in
142 863 1167 908 intellectu scilicet quod est exitus de potentia ad actum sine transmutatione, & alte
140 900 1177 954 ratione. D.d. motus enim est actio non perfecta &c. i. & causa, propter quam isti
143 937 1170 987 motui contingit transmutatio & alteratio, illi autem non, est quia iste mo¬
146 983 1173 1027 tus, cui accidit transmutatio, est actio non perfecta, & via ad complemen
140 1027 1175 1067 tum. ille autem est actio perfecta, immo complementum. Et quasi intende¬
137 1059 1179 1106 bat quod, cum ita sit, motum esse actionem imperfectam, accidit ei propter ma
145 1100 1178 1146 teriam, non secundum quod est actio. Et cum hoc accidit actioni, necesse est aliquam
140 1141 1185 1179 actionem esse liberatam ab hoc accidente. quod enim accidit alicui per acci¬
139 1178 1177 1228 dens, necesse est vt non sit ei secundum quod est. &, si non fuerit ei secundum quod est, necesse
145 1228 1179 1264 est vt separetur ab eo. Et hoc, quod induxit hic, quasi est dissolutio quae
141 1258 1172 1299 stionis, maxime omnium quaestionum aduenientium in hac opinione. Po¬
145 1300 1176 1347 test enim aliquis dicere quomodo possumus imaginari receptionem in substantia
131 1341 1183 1380 non mixta cum materia: cum declaratum est quod causa receptionis est materia. Et
142 1380 1178 1428 quasi innuit dissolutionem, dicendo quod materia non est causa receptionis
145 1415 1173 1459 simpesrstur, sed causa receptionis transmutabilis scilicet receptionis huius entis indi
144 1454 1167 1493 uidualis. vnde necesse est vt illud, quod non recipit receptione indiuidua
146 1492 1174 1540 li, non sit materiale aliquo modo. & sic non remanet locus quaestioni. Et
149 1532 1173 1579 cum declarauit modum consimilitudinis inter sensum & intellectum, in hoc
139 1571 1170 1622 modo passionis, & motus scilicet quod in vtroque est actio perfecta, incoepit notifi¬
145 1611 1176 1663 care consimilitudinem inter sentire & intelligere, & d. Sentire igitur simi
143 1651 1177 1700 le est vt tandum dicatur verbis, & vt intelligatur per intellectum, i. & hoc, quod
137 1691 1177 1729 sentire sit per se actio perfecta, & sine tempore, & absque eo quod precedat ip¬
139 1724 1181 1782 sum actio diminuita, simile est ad intelligere intentionem intellectam, quando
137 1769 1181 1818 illa intentio pronunciatur ab aliquo scilicet quia fit ab hoc actio perfecta, absque
139 1808 1175 1846 eo quod praecedat ipsum actio diminuta. & quasi intendit cum hoc declara¬
141 1843 1178 1890 re causam, propter quam intellectus intelligit sine tempore. Deinde. d. Si
