1416 2066
128 179 1176 226 propter prentitur secundo a lateribus vasis terminatis: & sic contingitr alia passio
138 222 1177 266 similis primae, quapropter ille sonus iteratur. Arist. igitur assimilauit aerem
137 260 1178 303 in hoc motui sphaerae: quae, cum proiicitur, expellitur mota ab eo, quod occur
147 299 1177 339 rit, quando motus suus non perficitur expulsioni simili primae, non secundum quod vna pars ae¬
147 337 1168 379 ris est illa, cui accidit secundo ista ressexio, & expulsio. D.d. Et forte echo sem
136 376 1171 427 per fit, sed non manifeste. & innuit per hoc quomodo motus sphaerae fit in aere a¬
148 415 1178 465 pud percussionem. Talis enim motus non sit in aere a percussione, nisi moturesse¬
143 458 1171 508 xionis. Percutiens enim primo expellit aerem in directo eius ad partem, ad quam
148 492 1173 539 mouetur percutiens: &, nisi partibus aeris acciderit motus conuersionis, non fie¬
141 538 1176 585 ret iste motus ex omnibus partibus rei percussae aequaliter, aut prope, ita quod ex
144 572 1176 619 hoc fieret figura sphaerica, aut prope, cuius centrum est res percussa, & dixit. Et
146 608 1179 652 forte echo fit semper. i. & forte cam, prper quam fit echo scilicet conuersio, semper est in
146 651 1171 699 sono, sed debiliter. Cum enim fuerit ita fortis quod faciet passionem permanenten
150 690 1178 731 in aere, aliam numero a prima passione, & siilem ei in qualitate, tunc fiet
145 737 1173 779 echo. D.d. sicut accidit in luce. Lux enim reffectitur, &c. i. & hoc, quod acci¬
147 767 1169 811 dit in sono, simile est illi, quod accidit luci. Lux enim habet duas ressexiones, for¬
127 804 1168 850 Stem, & debilem. fortis enim facit lucem secundam, & est conuersio, quae fit a cor¬
151 846 1169 890 poribus tersis: & est similis ressexioni, quae facit in aere sonum scundm, qui est echo.
142 887 1146 931 Secunda autem est lux debilis, prper quam vinduit res in vmbra: & est similis conuersioni,
145 923 1174 983 quam audit homo sonum suum, & est illud, quod non peruenit ad hoc, quod sit
148 973 1173 1016 icut conuersio, quae fit ab aqua, & cupro, quae facit secundam lucem in parte
149 1011 1179 1058 opposita primae luci, sicut conuersio fortis facit in aere secundam vocem in parte
144 1043 1169 1083 opposita primae voci. Et illud, per quod scimus hanc conuersionem lucis, si¬
150 1086 1174 1123 cut dixit, est quia videmus in loco, super quem non cadit sol. Lux enim innata est
141 1122 1175 1174 exire a lucido secundum rectas illuminationes ad partem oppositam lucidae parti
140 1164 1170 1210 ex corpore luminoso, sicut declarauerunt facientes libros aspectum. Si igitur
150 1204 1172 1249 non esset illic conuersio, tunc obscuritas esset in omnibus partibus praeter
145 1241 1179 1291 ptem, cui opponuntur radii. quemad modum, si motus aeris, qui facit sonum, esset in parte, in
145 1277 1179 1322 qua inpellitur a percutiente tameu, tunc sonus non audiretur, nisi ab eo, qui est in illa parte
128 1316 1179 1367 Vtameum. sed sonus auditur in omnibus partibus rei percussae & ideo scimus quod illud, quod
144 1363 1173 1411 contingit luci de figura sphaerica, simile est ei, quod contingit motui percussio
149 1403 1177 1435 nis in aere. Secudm hoc igitur est intelligenda consimilitudo inter has duas re
141 1434 1172 1475 slexiones. Corpus autem, cum fuerit luminosum ex omnibus partibus, non est du
145 1475 1174 1514 bium quod faciet sphaeram lucidam. & hoc declaratum est in aspectibus. Dria igitur,
141 1512 1176 1555 inter hanc sphaeram, & primam, est quod lux est in ista consimilis, & in illa diuersa,
139 1552 1178 1595 secundum fortitudinem, & debilitatem. Et videtur etiam quod sphaera lucis facta a corpore lumi¬
138 1597 1168 1636 noso ex vna suarum partium, cum hoc quod est non consimilis sibi in luce, est etiam non
142 1630 1168 1680 perfectae rotunditatis. i. quod logissima diameter est illa, quae exit a corpore lumi¬
140 1669 1175 1715 noso ad circunferentiam in parte, cui opponuntur radij: & breuissima in prte op¬
141 1708 1135 1762 posita: & est pars, quae est spissioris vmbrae omnibus prtibus, & paucioris sucis.
191 1780 1175 1825 Vacuum enim recte dicitur proprium audiendi. videtur enim
138 1828 1172 1867 esse vacuum aer. hoc autem est faciens audire cum moueatur con
139 1863 1169 1907 tinuus & vnus: sed propter id quod frangibilis est, non sonat, nisi le¬
