1416 2066
302 189 1335 242 intelligens non est generabilis, aut corruptibilis, & intelligere, quod est:
307 228 1325 274 sua actio, sit generabilis, & corruptibilis, incoepit etiam declarare de virtu
308 268 1329 315 tibus, licet, cum sint attributae intellectui, videantur generari & corrum¬
308 307 1319 355 pi, quod illae virtutes non sunt intellectus aeterni. Et facit hoc, ne accedat quae
301 357 1322 394 stio in hoc, quod dixit in intellectu materiali in Tertio tractatu, scilicet
305 387 1318 436 quomodo intellectus sit ingenerabilis, & incorruptibilis: & nos posuimus
308 427 1323 474 quod post mortem neque diligimus, neque odimus, neque distinguimus.
328 464 1324 508 Deinde dicit. Distinctio autem, & amor, & odium, &c. idest distinctio
310 504 1326 546 autem, quae attribuitur virtuti cogitatiuae, & amor, & odium, quae attri¬
304 545 1324 585 buuntur ratoni, scilicet quae accipiuut actionem rationis. videtur enim
306 582 1326 627 in hac parte animae quod sit aliquod rationabile, quod est obediens intellectui
305 620 1320 667 in hominibus bonis. ista igitur non sunt actiones istius intellectus: sed sunt
303 660 1323 699 actiones virtutum habentium hauc rationem, secundum quod habent illam actionem,
329 699 1325 747 Et addidit hanc conditionem, scilicet secundum quod habent: quia impos¬
300 736 1324 779 sibile est vt istae virtutes sint, nisi cum intelligere: sed, si attributae fuerint
306 776 1316 819 ei, non erit attributio secundum quod sunt. Deinde dicit ideo etiam, cum hoc cor¬
303 816 1323 859 rumpetur non rememorabimur, neque diligemus. idest &, quia hae actio¬
307 856 1322 898 nes sant in nobis a virtutibus generabilibus & corruptibilibus, aliis a vir
305 893 1316 933 ture, quae est inte lectus materialis scilicet qui comprehendit intentiones vni¬
306 930 1321 987 uersales, non potest aliquis dubitare, & dicere quod, si intellectus sit ingene¬
304 971 1329 1011 rabilis, & incorruptibilis, quare non rememoramur post mottem, neque
310 1011 1322 1051 diligimus, neque odimus, hae enim actiones sunt virtutum aliarum ab illa
311 1051 1317 1098 virtute. D.d. intellectus autem dignius est vt sit aliquod diuinum, & non
317 1092 1319 1131 assibile, idest non transmutabile propter mixtionem cum materia. D.d.
324 1128 1318 1179 Quod igitur impossibile est, &c. idest manifestum est igitur ex hoc ser¬
306 1167 1322 1206 mone, quod impossibile est vt anima moueatur. in quibusdam autem parti¬
303 1205 1319 1243 bus, scilicet in intellectu, neque essentialiter, neque accidentaliter: in quibus¬
305 1243 1318 1298 dam vero accidentaliter, non essentialiter: & cum declaratum fuerit quod non
305 1283 1331 1334 mouetur omnino ex se: quia necessarium est in omni moto ex se, quod est
301 1323 1319 1371 proprium animalibus, vt moueatur ex se essentialiter, & non conuertitur.
348 1396 1314 1443 Multum autem his quae dicta sunt irrationabilius, dicere ani¬
297 1436 1322 1490 mam esse numerum mouentem se ipsum: insunt enim his impossi
301 1481 1320 1523 bilia, primo quidem ex ipso moueri accidentia, propria autem, ex
296 1525 1321 1575 eo quod dicunt ipsam esse numerum. Quomodo enim oportet intel¬
294 1564 1325 1611 ligere vnitatem motam, & a quo, & quomodo, impartibilem & indiffe¬
298 1604 1320 1650 rentem existentemesi nanque est mota & mobilis, differre oportet.
347 1667 1328 1714 Sed multo magis, quam quae dicta sunt a ratione distat, dicere ani¬
294 1716 1323 1763 mam numerum se ipsum mouentem: adsunt enim his impossibilia.
297 1764 1315 1827 primum, quae ex ipso moueri accidunt: deinde peculiaria quaedam,
298 1811 1318 1865 ex eo scilicet quod dicant eam esse numerum. Quomodo enim oportet in¬
287 1860 1324 1906 telligere vnitatem quae moueatur, & a quo, & quomodo: cum impar¬
