1416 2066
184 210 692 258 tamen necesse est illic esse respectum,
188 249 689 302 secundum quem intellectus, qui est in habi¬
186 293 685 331 tu assimiletur materiae, & intellectus
191 328 682 382 agens assimiletur formae. Quid igi
190 368 681 421 tur est iste respectus, & ex quo acci¬
189 412 691 459 dit intellectui agenti habere hunc re¬
192 445 692 500 spctum cum intellectu, qui est in ha
189 485 693 530 bitu, cum vnus est aeternus, & alius
193 525 691 577 generabilis & corruptibilis: Omnes
188 565 682 614 enim horum concedunt hunc respe¬
191 605 685 656 ctum esse. & quasi coget eos hoc, quod
195 640 691 695 intellecta speculatiua sunt existen¬
194 682 694 725 tia in nobis ex his duobus intellecti
198 720 688 762 bus, seilicet qui est in habitu, & intel
194 758 379 818 lectu agente.
231 837 697 893 Sed Alexan. & omnes opinantes
186 877 675 931 intellectum materialem esse gene
194 917 699 970 rabilem & corruptibilem, non possunt
194 965 690 1006 reddere causam huius respectus. Po
188 1005 689 1046 nentes autem quod intellectus operans
186 1034 689 1082 est intellectus, qui est in habitu, com¬
186 1074 697 1126 tinget vt intellecta speculatiua sint
188 1117 689 1154 aeterna: & alia multa impossibilia con
185 1150 595 1194 sequentia hanc positionem.
232 1229 690 1281 Nos autem cum posuerimus intellum
189 1277 687 1320 mamlem esse aeternum, & intellecta spe
197 1309 693 1361 culatiua esse gnerabilia & corruptibi¬
197 1348 692 1398 lia eo modo, quo diximus: & quod intellus
186 1387 686 1433 materialis comprehendit vtrunque, scilicet
188 1425 688 1466 formas materiales, & formas abstra
194 1466 687 1506 ctas: manifestum est quod subiectum intel
195 1504 688 1546 lectorum speculatiuorum, & intellus
191 1549 693 1586 agentis secundum hunc modum est idem &
199 1584 683 1625 vnum scilicet materialis. Et simile huic est dia
188 1621 684 1673 phanum, quod recipit colorem, & lu¬
188 1666 691 1706 cem insimul: &lux est efficiens colorem.
230 1700 696 1746 Et, cum fuerit verificata nobis haec
186 1741 683 1791 continuatio, quae est inter intelle¬
194 1780 682 1832 ctum agentem, & intellectumus ma¬
187 1821 690 1870 terialem, poterimus reperire modum, se
187 1861 676 1914 cundum quem dicimus quod intelle
727 203 1227 250 veluti verum instuem, dico quod huiusmodi di¬
720 249 1219 291 ctum non est necessarium: sed hoc tan¬
722 286 1225 330 tum est necessarium, nempe vt detur aliqua
726 328 1220 379 proportio & ratio, qua intellectus a¬
716 367 1222 410 deptus similetur materiae, & intellus a
722 406 1222 460 gens similetur forae. Quae nam ergo est
721 443 1229 490 huiusmodi proportio & ratio proper quam contin
725 485 1227 538 pat intellectum agentem habere illum respe¬
727 517 1223 576 ctum, & compationem cum intellu adepto,
719 564 1223 602 cum vnus eorum sit aeternus, & alter
727 604 1231 658 sit gnerabilis & cortuptibilis: Omnes autem
722 644 1223 694 illi concedunt reperiri huiusmodi, propor¬
718 680 1229 734 tionem & comparationem. Et forte hoc
723 720 1221 781 cogit eos dicere quod intellicibilia spe¬
716 750 1225 803 cuiabilia insint nobis perper hos duos in
723 797 1225 841 tellectus, nempe intellum adeptum, &
724 838 1217 891 intellum agentem. Sed Ale. & qui
724 884 1225 922 cunque putant intellum materialem esse
725 924 1229 971 generabilem & corruptibilem, non pote
725 956 1222 1003 runt reddetur causam illius comparationis
723 996 1225 1039 atque respectus. Sed qui asserunt intel¬
725 1036 1227 1088 lectum practicum esse ipsum intelle¬
722 1077 1222 1123 ctum habitu exntemisseu adeptum tunc
722 1114 1203 1169 sequaeretur ex hoc ipsa intelligibilia spe
726 1160 1225 1194 culatiua esse aeterna: & multa aliain¬
722 1191 1219 1245 possibilia sequerentur ex hac sententia.
757 1233 1224 1274 Nos vero, cum affirmemus intelle
719 1274 1221 1325 ctum materialem esse aeternum, & intelligi¬
718 1311 1223 1354 bilia speculatiua esse genita eo modo,
722 1349 1222 1399 quo diximus: & quod intellus materialis
718 1397 1222 1434 intelligat vtrunque, videlicet formas
723 1428 1225 1475 materiales & formas abstractas: tunc
722 1469 1216 1519 perspicuum erit quod subiectum intelligi¬
729 1507 1225 1559 pilium Ispeculatiuoc & intellus agentis
723 1549 1219 1598 hac quidem ratione erit vtique idem atque
728 1589 1222 1627 vnum scilicet ipse materialis: In hoc enim ita
718 1627 1217 1674 se habet res sicut in ipso transparente, quide
724 1670 1227 1709 quidem recipit colores, &lumen simul:
726 1705 1222 1747 lumen autem colores efficit. Cum autem
731 1745 1219 1786 verificata fuerit nobis copulatio il¬
725 1784 1229 1835 la, quae inter intellum agentem & intel¬
716 1821 1243 1866 lectum 7adeptum habitu exntem ex¬
719 1860 1216 1906 tat, poterimus vtique inuenire illun
