1416 2066
177 157 1207 203 mam moueri, nisi quia moueri est melius ei, quod quiescere. & posuit eam
192 196 1204 244 moueri circulariter: quia talis motus est melior recto. & intendit quod
186 232 1058 275 omnia ista demonstrent hanc opinionem esse improbabilem.
227 291 1198 344 Quoniam autem huiusmodi intentio est alteris rationibus magis pro¬
185 339 1202 387 pria, hanc quidem dimittamus nunc. Illud autem inconueniens
188 376 1204 420 accidit & huic rationi, & pluribus quae de anima sunt: copulant enim
189 420 1191 466 & ponunt in corpus animam nihil determinantes, prper quam causam
189 464 674 515 & quomodo habente corpore.
233 502 1201 547 Sed quoniam haec consideratio aliis est disputationibus accommoda
187 548 1198 595 tior, eam in praesentia praetermittamus. illud autem absurdum accidit
182 603 1202 651 & huic sermoni, & plurimis eorum qui de Anima haberi solent. Co¬
186 645 1210 707 pingunt enim et immittunt in corpus Animam, nihil praeterea distin
185 692 1034 755 guentes, quam ob causam, & quomodo se habente corpore.
233 755 1200 810 Si igitur ista consyderatio est magis propria alio sermoni di¬
177 802 1200 851 mittenda est statim a nobis. Et dicamus quod est alia improbalilitas
190 844 1212 891 contingens huic sermoni, & pluribus sermonibus de anima. Et
192 885 1209 931 est, quia ipsi coniungunt animam corpori, & ponunt eam in eo: &
189 931 1207 978 non dant cum hoc, qua de causa sit coniuncta cum eo, & quae est
188 967 582 1011 dispositio illius corporis.
228 1012 1201 1060 Et quia haec perscrutatio est magis propria aliae scientiae, scilicet quare est
185 1052 1200 1099 melius coelum moueri, quam quiescere: & quare circulariter magis quam
187 1092 1202 1139 recte. ista enim quaestio proprie est primae Philosophiae. quapropter opor
190 1126 1194 1170 tet nos dimittere hoc cito, & dicere quae est improbabilitas contingens
189 1165 1206 1203 huic sermoni, &c. i. Et ista improbabilitas, quae contingit huic sermoni: &
198 1204 1196 1243 pluribus sermonibus de anima, est quod omnes dicentes quod est ens, siue cor¬
189 1250 1203 1296 pus, siue non corpus, coniungunt eam corpori, & non dant causam, pro¬
185 1283 1204 1330 pter quam ligata est cum corpore, neque dicunt quod est dispositio corporis,
193 1324 729 1370 quod est adaptatum, vt ligetur cum ea.
231 1371 1203 1427 Et tamen videtur hoc vtique necessarium esse: perper enim communitatem, hoc
189 1420 1196 1468 quidem agit, illud autem patitur: & hoc quidem mouet, illud autem
186 1461 1145 1502 mouetur: Horum autem nihil inest ad inuicem quibuscunque.
237 1517 1197 1579 Quod tamen necessarium esse videatur. nam propter communione
185 1563 1198 1612 hoc agit, illud patitur: atque hoc mouet, illud mouetur. Horum autem
185 1611 647 1676 nihil adest inter se quibuslibet.
227 1663 1205 1707 Et licet hoc, vt reputo, necessarium sit. quoniam propter communicationem,
183 1701 1207 1747 hoc agit, & hoc patitur, & hoc mouet, & hoc mouetur: & nihil ex¬
189 1748 1200 1790 hoc fit in quibuscunque adinuicem. Dicere enim hoc in eis est simi
189 1789 1207 1834 le, ac si hoc diceret, quod ars Carpentaria existat Musica. Ars enim ita vti¬
190 1837 795 1875 tur instrumentis, sicut anima corpore.
