1416 2066
131 208 646 250 intellectus enim, quem demonstra
134 247 637 302 uit in sua epistola esse vnum, quan¬
137 288 643 330 do laborauit in dissoluendo istam
136 329 647 373 quaestionem alius est ab intellectu,
137 366 643 417 quem demonstrat etiam illic mul¬
137 404 641 455 ta: cum intellectus, quem demon¬
138 446 642 490 strauit esse vnum, est intellectus agens,
140 484 647 534 inquantum est forma necessario in
141 524 643 579 tellectus speculatiui. intellectus ve¬
138 572 648 615 ro, quem demonstrauit esse multa
136 604 638 657 in specie, est intellectus speculati¬
140 653 647 682 uus. Hoc autem nomen, scilicet in
138 685 642 738 tellectus, aequiuoce dicitur de specu
138 723 386 778 latiuo, & agente
182 756 645 813 Et ideo, si illud, quod intelligitur
139 797 641 840 de hoc nomine intellectus in duo¬
139 836 651 882 bus sermonibus oppositis scilicet conclu
140 877 642 922 denti intellectum esse multa, & con
144 917 647 957 cludendi intellectum esse vnum, est
139 957 641 1002 intentio non aequiuoca, tunc illud,
138 997 639 1047 quod post dedit in hoc, scilicet quod in
134 1037 644 1090 tellectus agens est vnus, & speculati
140 1084 636 1125 uus multi, non dissoluit hanc quae¬
140 1116 641 1169 stionem. Et, si illud, quod intelligi¬
143 1156 641 1206 tur in illis duobus sermonibus op¬
134 1197 638 1246 positis de hoc nomine intellectus,
140 1237 631 1275 sit intentio aequiuoca, tunc dubita
142 1271 639 1314 tio erit sophistica, non disputatiua.
126 1312 635 1366 Et ideo credendum est quod quaestio¬
141 1352 635 1400 nes, quas dedit ille vir in illa episto¬
138 1388 641 1434 la, non dissoluunt, nisi ex hoc modo. si il
139 1429 639 1474 lae dubitationes non sunt sophisti¬
139 1476 631 1521 cae, sed disputatiuae. Et per istum mo¬
142 1510 636 1562 dum dissoluetur quaestio, in qua du
134 1549 644 1587 bitabat in intellectu materiali, vtrum
142 1588 644 1638 sit extrinsecus, aut copulatus. Et, cum
142 1624 641 1675 hoc sit declaratum, reuertamur ad
141 1669 600 1718 exponendum sermonem Arist.
717 213 1174 258 Quoniam ille intellectus, quem
671 249 1171 296 in ea epistola probauit esse vnum,
679 288 1175 339 quando conatur soluere hoc dubium,
670 333 1175 371 est vtique alius intellectus, quam sit
676 367 1177 410 ille, quem probauit ibidem esse plu
667 409 1169 458 ra. nam ille intellectus, quem pro¬
670 447 1161 499 bat ibi esse vnum, est ipse intellectus
674 490 1172 540 agens, ea ratione, qua est omnino
672 528 1168 581 forma ipsius intellectus speculatiui.
674 566 1183 610 sed ille intellectus, quem probauit
675 605 1169 657 esse plura specie, est intellectus spe¬
677 647 1177 691 culatiuus. Hoc autem nomen intel¬
677 684 1167 726 lectus aequiuoce dicitur, de intelle¬
671 724 1169 777 ctu speculatiuo, & de intellectu agen¬
676 764 1175 810 te. Et idcirco, si id, quod significa
675 803 1169 853 tur per hoc nomen intellectus in v¬
676 852 1175 895 traque oratione contraria, nempe
674 884 1176 922 in illa, in qua concluditur quod in¬
676 924 1179 962 tellectus est quid vnum, & in qua
673 964 1171 1010 concluditur quod sit plura, non sit quid
677 1001 1171 1043 aequiuoce dictum, tunc, cum dicit in¬
676 1037 1179 1083 tellectum agentem esse vnum, &
672 1079 1175 1131 intellectum speculatiuum esse plu¬
676 1117 1171 1163 ra, non solueret hoc dubium. Et, si
669 1160 1179 1210 in illis duabus orationibus opposi¬
675 1196 1177 1251 tis id, quod significatur per hoc no¬
670 1236 1176 1282 men intellectus, sit aequiuoce dictum
676 1276 1181 1320 tunc illud dubium erit sophisticum,
677 1317 1177 1362 non dialecticum. Et ideo existiman
669 1357 1177 1408 dum est quod illa argumenta, quae Auem¬
668 1404 1173 1442 pace attulit in illo tractatu suo, non
667 1434 1179 1482 soluantur nisi hoc modo dicto, si il¬
671 1475 1181 1524 lae rationes seu argumentationes non
666 1512 1180 1561 fuerint sophisticae: sed dialecticae. Et
667 1550 1174 1592 hac quoque ratione soluetur illud du
674 1590 1176 1634 bium, quo dubitabatur vtrum intel
671 1629 1163 1674 lectus materialis ?Tsit exterus vel com.¬
671 1669 1168 1714 nexus. His itaque sic expositis reuer
671 1709 1170 1754 tamur ad expositionem nostram in
672 1747 933 1794 verba Aristotelis.
