1416 2066
129 156 1179 200 tabulae secundum quod est praeparata, vt exposuit Alexand, hunc sermonen,
149 195 1192 235 falsum est. Praeparatio enim est priuatio aliqua, & nullam habet naturam
148 236 1182 282 propriam nisi propter naturam subiecti. & propter hoc fuit possibile vt
145 273 1188 327 praeparationes diuersentur in vnoquoque ente. OAlex. reputas Aristo.
145 326 1182 364 intendere demonstrare nobis naturam praeparationis tantum, non natu¬
148 353 1184 395 ram praeparati: & non est natura istius praeparationis, propria ei, si fuerit
138 395 1184 444 possibile cognosci sine cognitione naturae praeparati: sed naturam prae¬
142 442 1186 483 parationis simpiecitur in quocunque sit. Ego autem verecundor ex hoc ser¬
147 483 1181 516 atione, & ex hac mirabili expositione. Si enim Aristo. intendebat demon¬
148 513 1188 559 stare naturam proparationis, quae est in intellectu per omnes sermones prae
145 553 1187 600 dictos in intellectu materiali, necesse est aut vt intendat demonstrare per
148 590 1186 634 eos naturam praeparationis simpliciter, aut naturam praeparationis proprie.
143 627 1185 669 Natura autem praeparationis proprie in intellectu impossibile est demon
146 669 1190 708 strare sine natura subiecti: cum praeparatio propria vnicuique subiecto cur
145 709 1189 747 rit cursu perfectionis, & formae ex eo: sed oportet necessario per cognitio
146 747 1188 786 nem namae praeparationis scire nam praeparati. Et, si intendebat per illos ser
142 787 1193 828 mones demonstrare naturam praeparationis simpliciter, tunc illud non
150 827 1192 867 est id proprium intellectui. & omne hoc est perturbatio. Omnis enim
147 875 1186 916 praeparatio in eo quod est praeparatio vere dicitur nihil esse in actu ex
146 905 1178 948 eis quae recipit: & quod est non passibile: & vere dicitur esse non corpus,
140 947 1187 995 neque virtus in corpore: quomodo igitur possumus exponere illud, quid
149 985 1185 1026 Aristoteles intendebat hic demonstrare nobis de natura intellectus mate
145 1027 1188 1075 rialis, illud, quod est commune omnibus recipientibus, scilicet in quibus
147 1064 1181 1106 est praeparatio ad recipiendum vnumquodque genus formarum, & non ad
144 1104 1186 1146 demonstrandum naturam praeparati per cognitionem naturae praepara¬
145 1140 1181 1182 tionis proprie ei, T nisi intellectus materialis esse solum modo praeparatio
144 1180 1176 1220 sine aliquo subiecto: quod est impossibile. praeparatio enim ostendit
152 1226 1174 1270 praeparatum. Vnde Aristote. cum inuenit praeparatio nem, quae est in in
147 1262 1175 1310 tellectu esse diuersam ab aliis, iudicauit praecise quod natura subieeta es
145 1300 1176 1343 differt ab aliis naturis praeparatis: & quod est proprium isti subiceto prae¬
152 1346 1176 1387 parationis scilicet ilicet intellectui, est quod non est in eo alia intentionum in¬
141 1375 1183 1428 tellectorum in potentia, aut in actu. Vnde necesse fuit ipsum non esse
140 1427 1184 1467 corpus, neque formam in corpore. &, cum non fuerit corpus, neque virtus in
150 1459 1189 1499 corpore, non erit etiam formae imaginationis. illae enim sunt virtutes in corpo¬
149 1496 1184 1539 ribus, & sunt intentiones intellectae in potentia. Et, cum subiectum istius
151 1536 1180 1586 praeparationis neque est forma imaginationis, neque muxtum ex elementis,
154 1574 1179 1620 vt Alex. intendit: neque possumus dicere quod alia praeparatio denude¬
149 1614 1191 1658 tur a subiecto, recte videmus quod Thcophrastus, & Themistius, & Nicola¬
151 1656 1187 1699 us, & alii Antiquorum Peripateticorum magis retinent demonstrationem,
151 1692 1188 1732 Arist. & magis conseruant verba eius. Cum enim intuerentur sermones
150 1732 1189 1770 Arist. & eius verba, nullus potuit ferre ea super ipsam praeparationem tan
147 1771 1185 1822 tum, neque super rem subiectam praeparationi: si posuerimus ipsam esse
142 1812 1188 1851 virtutem in corpore, dicendo eam esse simplicem, & abstraetam, & non
145 1859 1189 1906 passibilem, & non mixtam corpori. Et, si islud non esset opinio Aristote.
