1416 2066
271 179 1270 243 Et sciendum est quomodo. Dicamus igitur quod scire, & sentire
232 229 1257 275 diuiduntur secundum diuisionem entium. si igitur fuerint in potentia.
228 253 1270 315 erunt potentia: si actu, actu, intellectum, & sensatum. Necesse est
229 316 1263 356 enim vt entia sint aut ista, aut formae. & non sunt iste. lapis enim
228 356 1266 402 non existit in anima, sed forma. Et ideo anima est quasi manus.
225 402 1267 443 manus enim est instrumentum instrumentis: & intellectus forma
231 442 739 483 formis: & sensus forma sensatis.
269 492 1266 536 Cum declarauit quod anima est quoquo modo omnia entia, incoepit de¬
235 535 1267 579 clarare illum modum, & d. Dicamus igitur quod scire, &c. i. quod differentiae en
234 573 1264 619 tium, quibus diuiduntur, sunt eaedem cum differentiis animae: & sunt po¬
230 611 1267 658 tentia & actus. Quemadmodum enim sensus, & intellectus aut sunt po¬
227 656 1268 699 tentia aut actu, ita omne sensibile, & intelligibile aut est in potentia: aut in
232 698 1253 743 actu. Et cum ita sit, si sentiens fuerit in potentia, sensatum erit in potentia
233 731 1258 770 &, si fuerit in actu, sensatum erit in actu: & similiter est de intellectu cum intel
230 772 1253 811 lecto: necesse est vt vere dicatur quod illa pars animae est illa pars entium. Res enim
218 809 1259 849 quarum differentiae sunt eaedem, ipsae sunt eaedem in illo modo, secundum quem habent
233 856 1253 891 easdem differentias. Intellectus igitur est intellectum: & sensus est sensa¬
229 890 1248 930 tum. D.d. Necesse est enim, &c. i. quia non sunt nisi duo modi, aut vt in¬
232 925 1256 973 tellectus sit intellectum existens extra animam, aut forma eius: & similite
230 966 1251 1012 sensus cum sensato: & est impossibile vt ipsum ens sit intellectum, aut sensatum
229 1006 1255 1051 licet per suam formam, & suam materiam, vt Antiqui opinabantur: tunc enim
238 1043 1256 1093 quando lapidem intelligeret: anima esset lapis, & si lignum, esset lignum:
233 1090 1252 1132 remanet igitur vt illud, quod existit in anima de entibus, sit forma tan¬
233 1124 1261 1164 tum, non materia. Et hoc intendebat, cum d. lapis enim non existit in
229 1172 1261 1217 anima, sed tantum forma eius. Deinde narrauit quod ista est causa, quare
235 1209 1264 1253 anima recipit multas formas diuersas: vt manus, quae est instrumentum
236 1244 1224 1283 recipiens omnia instrumenta, & d. Et ideo anima est quasi manus, &c.
255 1292 1261 1343 Quoniam autem neque res nulla est praeter magnitudinem sicut vniversalit
234 1339 1269 1388 sensibilia separata, in speciebus sensibilibus intelligibilia sunt, &
236 1389 1262 1428 quae in abstractione dicuntur, & quaecunque sensibilium habitus
235 1427 1261 1476 & passiones: & ob hoc neque non sentiens nihil utique addiscet, neque
224 1468 1268 1515 intelliget: & quum speculetur, necesse simul phantasma aliquod
225 1515 1263 1555 speculari. phantasmata autem sicut sensibilia sunt: praeter quod sunt,
231 1556 1261 1595 sine materia. Est autem phantasia alterum a dictione & negatio¬
232 1595 1267 1643 ne. compositio enim intellectionum est verum aut falsum, primae
233 1636 1266 1684 autem intellectiones quo different ut non phantasmata sint: aut ne
235 1680 1052 1731 que alia phantasmata, sed non sine phantasmatibus.
280 1723 1248 1779 Quonia aut nulla res, ut uidetur, est praeter sensibiles magnitudines.
224 1772 1247 1828 separata, in spebus sesibilibus intelligibilia sunt, tum quae in abstractione
233 1820 1255 1883 uocatur, tum quaecuque sensibilium habitus & passiones sut, quaobrem si no se
223 1860 1276 1932 tiat, nihil discere aut intelligere poterit: & cum speculatur, necesse est:
