1416 2066
202 155 1248 210 Et, cum demonstrauit quod perfectio accepta in definitione animae, quae est
220 196 1245 243 substantia animae, est illa, quae est quasi scientia existens in sciente, quando
219 241 1247 284 non vtitur ea, dedit exemplum super hoc, & dicit, & vigilia est similis, &c.
219 280 1251 323 idest &, cum animal fuerit dormiens, tunc anima erit in eo secundum pri¬
220 324 1257 364 mam perfectionem. & hoc est simile esse scientiae in. sciente in tempore,
219 356 1245 396 in quo non studet: & non est simile esse ignorantiae in non sciente. Mani¬
223 395 1251 442 festum est enim quod animal apud somnum habet animam sensibilem, sed
217 443 1247 484 non vtitur sensu: sicut sciens habet scientiam, sed non vtitur ea. Disposi¬
221 476 1242 515 tio autem animae apud vigiliam in animalibus est similis scientiae in scien
215 515 1236 555 te, quando vtitur ea. Et hoc est in anima sensibili. Anima autem nutri
216 555 1229 595 tiua nunquam inuenitur in animalibus, nisi secundum postremam per
214 595 1235 634 fectionem. Nisi aliquis ponat quod sit quidam modus animalium, qui non
219 635 1236 686 nutritur in aliquo tempore, scilicet in tempore, in quo manet in lapidi¬
220 672 1237 714 bus, vt ranae magnae, quae nihilthesaurix aut, & manent tota hyeme in la¬
220 712 1244 762 pidibus: & similiter plures serpentes. Et secundum hoc erit hoc commune
219 756 1239 804 animae sensibili, & nutritiuae eadem intentione. &, si non, tunc perfectio
219 789 1248 835 accepra in eis erit secundum aequiuocationem. Et quocunque modo. sit,
215 835 1240 878 quando intellecta fuerit diuersitas inter vtrunque, tunc non nocebit hoc
218 869 1237 916 accipere indefinite in hac definitione, cum sit impossibile aliter. Et quae
218 909 1240 956 somnus autem est similis dispositioni rei, &c. idest dispositio animae apud
216 949 1246 986 somnum in animalibus est similis dispositioni rei in tempore, in quo po
216 987 1244 1026 test agere, sed non agit. & haec est descriptio primae perfectionis: & ex ea
216 1027 1250 1069 intelligitur descriptio postremae perfectionis: & est dispositio rei, per quam
220 1075 1006 1123 ens agit, aut patitur in tempore, in quo agit, aut patitur.
253 1131 1254 1182 Prior autem generatione in eodem scientia est: vnde anima est
212 1180 1249 1226 primus actus corporis physici potentia vitam habentis: tale autem
218 1220 1248 1267 quodcunque organicum: organa autem & plantarum partes, sed pe¬
217 1268 1252 1307 nitus simplices: vt folium fructiferi cooperimentum: fructiferum autem
216 1304 1253 1354 fructus: radices vero ori siiles sunt: vtraque enim trahunt alimentum.
268 1378 1253 1435 prior autem generatione in eodem scientia est: qua propter anima
217 1420 1248 1475 est actus primus coporis naturalis potentia uitam habentis: cuiusmo¬
208 1475 1246 1531 di est quodcunque fuerit organicum. sunt porro plantarum quoque, par
211 1523 1246 1579 tes organa, sed plane simplicia: ut folium integumentum est pulpae, quae
218 1564 1247 1611 semen complectitur: pulpa autem seminis: radices uero ori proportione
213 1611 905 1676 respondent, utraque enim attrahunt alimentum.
248 1684 1254 1731 Et scientia in eodem antecedit in esse. Et ideo anima est perfectio
209 1738 1242 1787 prima corporis naturalis, habentis vitam in potentia. & est secundum quod
209 1787 1243 1827 est organicum. Et partes plantarum sunt etiam organa, sed valde sim¬
216 1816 1243 1866 plicia. verbi gratia quod folia sunt coopertoria, & vestes fructibus.
213 1860 1239 1907 radices autem similes sunt ori: quoniam isti duo modi contrahunt cibum,
