1416 2066
180 164 1231 210 tingit vt corpora ficca, inter quae est medium corpus humidum, impossi¬
193 207 1222 252 bile est vt tangant se adinuicem, absque eo quod suae superficies sint humefa¬
191 247 1222 291 ctae ab illo corpore humido. & humiditas impossibile est vt sit extra illud
198 291 1223 340 medium, v. g. corpora humectata. quoniam impossibile est vt tangant se,
195 332 1220 374 nisi inter ea sit aqua, aut aliquid aquae. D.d. & ea, quae occurrunt sibi in
194 364 1225 405 aqua ad inuicem, cum extrema eorum fuerint non sicca, &c. i. &, cum cor¬
195 405 1225 450 pora sicca non occurrunt sibi in corporibus humidis, nisi extrema eorum
192 447 1226 484 fuerint humectata, necesse est, vt non oceurrant sibi, nisi inter ea sit medium:
198 482 1228 534 & est corpus, in quo superficies eorum sunt submersae. Et, cum ita sit, impos¬
195 523 1231 563 sibile est vt corpus siccum tangat corpus siccum in aqua, aut in aere: nisi
204 564 1225 603 inter ea sit corpus aut ex aqua, autex aere. D.d. Et similiter etiam de aere.
193 611 1228 643 aer enim, &c. i. & ita est de aere, sicut de aqua in hoc. sed humefactio eo¬
189 641 1213 687 rum, quae sunt in aqua, est manifesta sensui: Thumefactio autem eorum,
192 681 1211 728 quae sunt in aere, non sentitur: sed ratio cogit eam esse eiusdem modi. v. g
194 704 1219 764 animal, quod est in aqua. quoniam, cum manifestum est quod impossibile
191 758 1216 804 est vt aliquid tangat naisi mediante aqua, sic debet esse in animalibus,
192 797 448 851 quae sunt in aere.
242 859 1218 908 Vtrum igitur omnium sit similiter sensus, an aliorum aliter, si¬
193 908 1218 956 cue nunc videtur: gustus quidem & tactus in tangendo, ali autem
194 948 1218 999 am longe choc autem non est. sed durum & molle per altera sentimus,
191 989 1224 1035 sicut & sonabile & visibile & odorabile: sed alia quidem a longe:
193 1044 1219 1083 alia vero a prope: propter quod latet, quoniam omnia sentimus
191 1073 1222 1125 per medium: sed in his latet. Et quidem sicut diximus prius & si
189 1118 1221 1170 per pellem sentiremus omia tangibilia, ignorato quoniam prohi
194 1156 1239 1211 bet, similiter vtique haberemus sicut & nunc in aqua & in aere: pu¬
195 1201 1090 1243 tamus enim nunc ipsa tangere, & nihil esse per medium.
236 1250 1228 1300 vtrum icitur omnium similiter sit sensus, an aliorum aliter, ut nuc
203 1299 1226 1364 videtur, gustus quidem & tactus tangendo, alii autem e longinquos id
201 1348 1232 1411 vero non ita se habet: sed durum & molle per alia sentimus, quem¬
194 1388 1223 1451 admodum & sonatiuum, & visibile, & odorabile: sed alia es loginquo,
189 1459 1231 1501 alia e propinquo: quapropter latet: quandoquidem omnia sentimus per
184 1492 1229 1540 intermedium: uerum in his, latet. Atqui, ut superius diximus, & si per
184 1540 1216 1595 membranam sentiremus omnia tactilia, nescientes eam intercedere,
190 1589 1228 1651 aeque afficeremur, atque nunc in aqua & in aere: uidemur enim ea tangi¬
186 1632 629 1699 re, & nihil esse interiectum.
247 1687 1228 1739 vtrum igitur sensus omnium rerum est eodem modo, aut sen¬
188 1727 1229 1771 sus rerum diuersarum est diuersus, vt existimatur quod gustus, & tactus
186 1772 1234 1811 funt per tangere, alia autem sunt a remoto s Aut non est ita. sed nos
198 1816 1220 1859 etiam non sentimus durum, & molle, nisi mediantibus aliis rebus
186 1851 1230 1899 sicut sentimus faciens sonum, & visibile, & audibile. sed ista a re¬
