1416 2066
245 195 1303 236 tum, & augmentum separatur ab aliis virtutibus animae in hoc, quod vi¬
265 236 1292 283 detur sensui in vegetabilibus. in istis enim nulla virtus videtur ex virtuti
261 280 1298 322 bus animae, nisi ista. & innuit contradictionem contra fingentes quod plan¬
265 318 716 363 tae habent somnum, & vigiliam.
311 355 1297 403 Viuere quidem igitur propter hoc principium est in omnibus
261 403 1296 444 viuentibus. Animal autem propter sensum primum. & nanque quae
261 444 1299 498 non mouentur, neque mutantia locum, habentia autem sensum, ani¬
257 487 851 531 malia dicimus, & non viuere solum.
297 537 1288 579 Ac uiuere quidem ob hoc principium adest omnibus uiuentibus.
255 588 1289 634 Animal autem est ob sensum primo. et enim quae non mouentur, neque,
253 619 1284 675 mutant locum, sensum tamen habent, &oo, idest animalia dicimus, &
254 670 666 737 non Cy, idest uiuere, solum.
297 715 1295 761 Viuere igitur dicitur de omni viuo per hoc principium. Ani¬
258 770 1298 811 mal autem per sensum. omnia enim, quae non mouentur, neque mu
263 808 1291 859 tant locum, sed tantum habent sensum, vocantur animalia, & non
256 853 959 890 sumus contenti in dicendo ea viua tantum.
305 908 1297 954 Vult facere dicituram inter hanc virtutem, & virtutem sensus per nomina
265 947 1294 994 posita apud eos, & dixit. Viuere igitur, &c. i. dicere igitur aliquid viuere
262 986 1296 1034 non dicitur in hac lingua, scilicet graeca, nisi de omni, quod viuit per hoc princi
263 1025 1295 1072 pium, quod est nutrimentum, & augmentum, non per aliud. D.d. Alal
265 1065 1292 1114 autem, &c. i. hoc nomen animal non dicitur nisi de eo, quod habet principium
263 1101 1288 1147 sensus, inquantum habet hoc principium tantum: licet non habeat principium
267 1143 1297 1185 motus in loco. & signum eius est spongia maris, & multa ex habentibus
262 1179 1291 1226 testam, quae habent sensum, tamen non mouentur, & dicuntur animalia,
265 1220 517 1260 non tantum viua.
300 1291 1291 1347 Sensuum autem tactus primo inest omnibus. sicut autem ve¬
263 1346 1296 1394 getatiuum potest separari a tactu & ab omni sensu, sic & tactus
261 1390 1301 1427 ab aliis sensibus. vegetatiuum autem dicimus partem huiusmodi
259 1428 1300 1475 animae qua & vegetabilia participant. animalia autem omnia vi
252 1468 811 1515 dentur tangendi sensum habentia.
310 1505 1301 1570 Ex sensibus autem primo inest omnibus tactus: atque, ut nutrimentu
260 1556 1285 1611 potest separari a tactu & omni sensu, sic tactus a caeteris sensibus, nu¬
256 1604 1287 1659 tritiuum uero ea partem animae dicimus, cuius etiam plantae partici¬
257 1655 1261 1714 pes sunt. animalia autem omnia uidentur tangendi sensum habere.
302 1723 1296 1771 Et primus sensus, existens in eis omnibus. est tactus. Et quem¬
260 1766 1290 1818 admodum nutrimentum potest separari a tactu, & ab omni sensu,
257 1808 1296 1851 ita tactus potest separari ab aliis sensibus. Et intelligo per nutri¬
260 1851 1294 1898 mentum partem animae, in qua habent communicationem plantae etiam.
248 1892 1081 1938 Et omnia animalia videntur habere sensum tactus.
