1416 2066
251 164 1285 211 detur magis, &c. idest etiam est passio, quae est euasio patientis in poten¬
260 212 1286 251 tia ab eo, quod est in perfectione, & actu, secundum quod illud, quod est in actu est
255 250 1280 288 simile non contrarium scilicet extrahens ipsum a potentia ad actum, econuer¬
252 289 1282 331 so dispositioni in prima passione. D.d. Ista igitur est dispositio, &c. i. &
257 328 1286 371 iste vltimus modus passionis est dispositio eius, quod est in potentia ex
258 372 1282 411 anima apud perfectionem mouentem illud, quod est in potentia, & ex¬
255 405 1280 451 trahentem eam in actum non secundum primum modum passionis. D.d. non
260 451 1286 490 enim consyderat, &c. i. & iste modus passionis est ex modo, qui est euasio
256 491 1285 535 patientis ab eo, quod est in actu, mouens ipsum, non corruptio eius. non
259 531 1286 571 enim consyderat in aliquo, postque non consyderabat, nisi qui scit illud. &
252 564 1282 603 haec non est alteratio secundum primam intentionem, quae est corruptio parientis.
253 601 1278 643 D.d. additio enim in ipso est ad perfectionem, &c. i. &, quia ista transmutatio
251 640 1285 689 non est ex non esse, sed est additio in transmutabili, & ire ad perfectionem,
251 678 1278 723 absque eo quod sit illic corruptio, aut mutatio ex non esse, ponitur sicut muta
248 722 1279 762 tio ex ignorantia ad senam. Et quasi intendit quod hoc est magis remotum
248 758 1270 803 a vera alteratione duobus modis, alteratio enim, quae est euasio patientis,
247 795 1282 841 est duplex: alteratio scilicet de non esse ad perfectionem, & alteratio de prima
251 835 1286 889 perfectione ad vltimam. & haec est additio, quam innuit. D.d. aut est aliud
247 877 1276 926 genus alterationis. i. & iste modus, qui est euasio patientis, aut dicetur al¬
253 923 812 971 teratio, aut erit aliud genus alterationis,
301 964 1281 1011 Vnde non bene habet dicere sapientem cum sapiat, alterari: sicut
241 1009 1282 1051 neque aedificatorem cum aedificat. In actum quidem igitur ducens ex
251 1044 1289 1094 potentia ente secundum intelligere & sapere, non doctrinam, sed alteram
248 1092 1284 1138 habere denominationem iustum est: Ex potentia autem ente ad¬
253 1131 1283 1181 discens & accipiens scientiam ab actu ente & didascalo, aut neque
246 1180 1284 1227 pati dicendum, sicut dictum est, aut duos esse modos alterationis,
249 1220 1288 1260 & eam quae in priuatiuas dispositiones mutationem, & eam quae
250 1260 624 1307 in habitus & naturam.
302 1300 1278 1355 Quamobrem non recte se habet dicere id quod scit cumscit, alterari:
252 1362 1277 1418 quemadmodum nec aedificatorem cum aedificat. Quod igitur ad actum
254 1397 1286 1451 ducit ex eo quod est potentia intelligens & sciens, id no doctrinam, sed
251 1463 1282 1511 aliam habere appellationem meretur: quod autem cum sit potentia di¬
255 1492 1285 1541 scit & comparat scientiam ab eo quod est actu, & docet, id uel non esse
256 1537 1283 1603 dicendum pati, quemadmodum diximus, aut certe duos esse alteratio¬
251 1588 1287 1643 nis modos: uidelicet mutationem eam quae ad priuatiuas sit dispositio¬
252 1637 874 1698 nes, & eam quae ad habitus & naturam.
297 1683 1282 1731 Et similiter non est rectum dicere in eo, quod intelligit, quando
252 1731 1281 1787 intelligit, quod alteratur, sicut non dicitur quod aedificator, cum aedificat,
252 1775 1285 1826 alteratur. Qui autem reuertitur ad perfectionem ab eo, quod in
242 1819 1282 1867 potentia existit in capitulo intelligendi, non est rectum vt vocetur
255 1860 1288 1908 disciplina, sed oportet ponere ei aliud nomen. Qui autem addi¬
