1416 2066
163 172 1209 218 veruntamen ponit intellectum principium maxime omnium: so¬
181 207 1202 251 lum quia dicit ipsum eorum quae sunt, simplicem esse & immi¬
176 246 1200 298 stum & purum: assignat autem vtrunque eidem principio, & co¬
176 289 1042 348 gnoscere & mouere, dicens intellectum mouisse omne.
221 339 1200 387 At Anaxagoras videtur quidem diuersum dicere animam &
177 387 1207 443 intellectum, vt prtus quoque, diximus. vtitur tamen vtroque quasi vna na
173 427 1213 483 tura: nisi quod principium plane omnium statuit intellectum. solum
178 484 1205 523 enim ex omnibus entibus simplicem, & non mixtum, & purum eum
180 531 1210 586 esse dicit. tribuit autem haec vtraque eidem principio, cognoscere scilicet
175 563 1080 626 & mouere, dicens intellectum mouisse rerum vniuersitatem.
218 620 1208 674 Anaxagoras autem videtur dicere animam esse aliud ab intellectu,
173 664 1209 713 sicut dixit superius. sed tamen vtitur eis etiam, quasi sint eiusdem naturae.
177 708 1202 754 Sed ponit intellectum digniorem omnibus rebus, vt sit principium.
180 748 1208 795 dicit enim quod solus intellectus inter omnia entia est simplex, & mun
178 792 1207 834 dus, & purus. Et attribuit ei vtrunque, scilicet cognitionem, & mo¬
173 843 816 881 tum, dicendo quod intellectus mouet omne.
213 868 1206 923 Cum fecit comparationem inter opinionem dicentis ipsam esse ignem,
183 915 1205 953 & opinionem dicentis ipsam esse partem sphaericam partium indiuisibi¬
178 953 1205 995 lium, incoepit etiam facere comparationem inter opinionem Anaxa. & Demo.¬
200 990 1205 1034 Et d. Anaxa. &c. i. Anaxa. autem videtur, secundum quod apparet, dicere animam esse
180 1034 1207 1082 aliud ab intellectu. sed quamuis hoc apparet ex suo sermone, tamen ipse ponit
184 1070 1209 1108 eos esse eiusdem naturae, i. eiusdem generis: & cum hoc ponit intellectum
178 1108 1210 1148 magis dignum, vt sit principium omnium rerum, & praeponit ipsum om
177 1147 1209 1187 nibus. d. enim quod se us intellectus est simplex, mundus, purus, i. abstractus
173 1190 1200 1235 a materia, non admixtus cum ea: & attribuit vtrunque ei in omnibus parti¬
177 1226 1202 1267 bus mund scilicet cognitionem, & motum. opinatur enim quod intellectus mouet
186 1270 1199 1319 omnia, & quod non mouetur. Quoniam autem iste sermo est magis vicinus ve
174 1303 1202 1347 ritati, & sententiae Aristo scilicet quod intellectus est ex principiis, & quod est causa co¬
168 1342 1195 1394 gnitionis, & motus est manifestum. & ideo laudabit ipsum post multum,
182 1380 929 1427 & notificabit id, quod remansit ei dicere de intellectu.
222 1420 1197 1466 Videtur autem & Thales ex quibus reminiscimur, motiuum ali¬
173 1461 1205 1515 quid animam opinari, si quidem dixit lapidem animam habere quoniam
176 1508 1213 1548 ferrum mouet: Diogenes autem sicut & alteri quidam aerem, hunc
176 1556 1211 1602 opinans omnium subtilissimum esse, & principium: & propter hoc
176 1589 1208 1635 cognoscere & mouere animam: secundum quod quidem principium, & ex
176 1634 1208 1675 hoc reliqua, cognoscere. secundum vero quod subtilissimum est, mo¬
175 1675 1208 1729 tiuum esses Heraclitus autem animam principium esse dicit, siqui
181 1715 1198 1768 dem vaporem, ex quo alia constituit, & incorporalissimum autem,
181 1756 1214 1803 & fiuens semper: quod vero mouetur motu cognosci: in motu autem
182 1804 1209 1851 esse quae sunt & ille arbitratus est & multi. Similiter autem his &
181 1844 1209 1896 Alcmeon opinari visus est de anima, dicit enim ipsam immortalem
