1416 2066
185 178 1243 227 sani sanitate, & quandoque per corpus sanum, aut per membrum sanum. Et, cum
205 227 1243 270 posuit hanc propositionem pro manifesta per se, & inductionem, incoe¬
209 268 1243 310 pit ponere aliam propositionem, & d. & sceia est ex istis, &c. idest & apparet
210 300 1248 346 per vnum istorum duorum modorum, quod est quasi scientia de anima,
205 337 1248 378 & sanitas de corpore, quod vnum est forma, & aliud est materia. forma enim
202 375 1251 419 est ex istis, & est intentio, quae inuenitur in duobus recipientibus ea, scilicet in sa¬
207 427 1246 467 piente scientiam, & recipiente sanitatem. vnde necesse est vt omnis actio
210 460 1244 498 attributa alicui enti propter aliqua duo existentia in eo, vt vnum eorum
202 497 1251 540 sit materia, & aliud forma. sed dimisit hanc conclusionem: quia bene ap¬
212 535 1246 573 parebat ex his, quae posuit. D.d. existimatur enim quod actio agentium, &c.
202 572 1243 627 idest & diximus quod vnum eorum duorum est forma: & est illud, quod est
200 617 1246 667 quasi scientia, & sanitas: quia sanitas, & scientia, & similia sunt actiones agen
201 660 1243 702 tis, i. dantis sanitatem, & largientis: & actio agentis est illud, quod existit in
201 699 1238 742 recipiente, & est forma. vnde necesse est vt scientia sit existens quasi for¬
207 739 1246 782 ma, & anima quasi materia. Et, cum declarauit quod omnis actio attributa
206 772 1240 817 alicui enti propter eliqua duo, necesse est vt alterum eorum sit materia, &
200 819 1238 853 alterum forma: & fuerit manifestum quod propter formam attribuitur actio
206 857 1241 899 enti primitus: & quod actiones istae animae videntur attribui corpori, & ani¬
207 891 1243 937 mae, sed primo animae, secundo corpori: concluditur ex hoc quod anima est
204 927 1241 979 forma, & corpus materia. Et d anima autem est illud, per quod primo vi
203 963 1236 1011 uimus, &c. sed non propalauit nisi quasdam istarum propositionum, & di¬
205 1004 1233 1051 misit quasdam, quia erant manifestae. & syllogismus sic composiitur. Actio
198 1044 1236 1085 nes animati attribuuntur corpori, & animae insimul: & omnis actio, quae
196 1092 1232 1131 attribuitur alicui enti propter aliqua duo, necesse est vt vnum eorum tan
202 1124 1222 1162 tum sit materia, & aliud forma: ergo alterum istorum duorum scilicet corpo
205 1163 1236 1204 ris, & animae est forma, & alterum materia. Et, cum coniunxerimus?s huic
198 1205 1232 1252 quod proper formam attribuitur actio primitus enti, & quod ista conuertitur: & cum
198 1239 1231 1281 coniunxerimus suae conuersae quod actio attribuitur animato: per animam
199 1283 1184 1331 primitus: concludetur ex hoc quod anima est forma, & corpus materia.
250 1332 1234 1379 Tripliciter enim dicta substantia, sicut diximus: quarum haec
197 1378 1232 1432 quidem species: illud autem materia: aliud autem ex vtrisque. horum
202 1426 1233 1475 autem materia quidem, potentia, species autem, actus: postea ex
205 1464 1241 1507 vtrisque animatum: non corpus est actus animae, sed ipsa corpis cuiusdam.
256 1500 1242 1555 Cum enim tribus modis substantia dicatur, ut diximus: quorum aliyd
202 1548 1238 1610 est species, aliud materia, aliud id quod ex utrisque constat: atque horum
197 1596 1231 1651 quidem materia est potentia, species autem actus: cum id quod ex am¬
203 1652 1245 1707 bobus constat animatum sit, profecto corpus non est actus animae, sed
194 1699 544 1757 ipsa corporis cuiusdam.
242 1740 1240 1795 Qnam autem substantia dicitur tribus modis, sicut diximus, ma
203 1788 1245 1835 teria, scilicet & forma, & compositum ex eis: & materia istorum est poten
186 1835 1244 1875 tia, & forma est endelechia, & quod fit ex eis, est animatum: tunc
210 1876 1195 1922 corpus non est perfectio animae: sed anima perfectio alicuius corporis.
