1416 2066
218 164 1271 227 Cum dubitauit a quo debet incipere dominus istius artis, vtrum a po¬
225 212 1266 262 sterioribus ad praecedentia, aut econuerso, incoepit notificare quod vtraque
226 255 1258 295 via est communis in scientiis, & in vsu earum: quoniam, quamuis sit ma¬
229 295 1269 338 gis famosum ire de praecedentibus ad posteriora, tamen aliquando ibitur.
220 340 1266 379 de posterioribus ad praecedentia. Et dixit. Et videtur, &c. idest & videtur,
233 379 1265 423 quod sola cognitio substantiae rei non sit principium cognitionis accidentium
227 419 1268 461 eius: vt contingit in Mathematicis. scire enim quid est linea, & quid est re
232 451 1252 491 ctum, & quid est curuum, & quid est superficies in Geometria est princi¬
225 491 1262 535 pium cognitionis angulorum triangul scilicet quot angulis rectis sunt aequa¬
225 528 1262 571 les: sed etiam econuerso scilicet quod scire plura posteriora est principium ad scien
226 569 1261 610 dum antecedentia, & sermo eius in hoc est intelligibilis per se. Et, cum
225 606 1261 651 demonstrauit quod scire posteriora aliquando est principium ad sciendum
225 645 1265 691 antecedentia, incoepit eotificare quod hoc non accidit omnibus accidentibus
230 684 1265 731 contingentibus re, scilicet vt sint principium cognitionis rerum antecedentium
220 724 1263 763 ilicet substantiae, & dixit. Quoniam, cum declarauerimus aliquid secundum
222 771 1256 817 viam, &c. idest & non est possibile vt tale contingat scilicet ire a cognitione ac¬
227 803 1264 850 cidentium ad cognitionem substantiae, nisi, quando accidentia rei fuerint
228 843 1259 882 cognita a nobis secundum viam imaginationis, i. accidentia, quae manife
228 880 1260 923 sta sunt existere in re, & quae sunt in loco eius scilicet accidentia essentialia pro¬
220 923 1262 971 pinqua, aut omnia, aut plura, & quasi dicat, & non praeparatur nobis co¬
224 962 1255 1014 gnitio substantiae per cognitionem accidentium, uisi cum sciuerimus ac¬
225 1004 1269 1051 cidentia propinqua essentialia, aut omnia, aut plura, tunc enim continget
229 1039 1258 1079 vt inducamus meliorem definitionem substantiae. Deinde. d. nam quid
226 1078 1262 1123 est aliquid est principium omnis demonstrationis. & hoc respondet ei, a
225 1116 1255 1164 quo incoepit sermonem scilicet quod cognitio definitionis est vtilis in cognitione
227 1156 1263 1202 accidentium. D. incoepit declarare quod hoc contingit omni definitioni: &
235 1194 1262 1239 quod omnis definitio, per quam non cognoscuntur accidentia non dicitur,
224 1235 1260 1275 definitio, nisi aequiuoce: aut quia in ea collocatur aliquid falsum: aut quia
217 1277 1262 1323 componitur ex causis remotis, aut accidentalibus, & dixit. Et quod fuerit
217 1311 1144 1354 ex definitionibus, &c. i. & sermo eius in hoc est manifestus per se.
271 1363 1257 1410 Dubitationem autem habent & passiones animae, vtrum com¬
232 1411 1254 1452 munes sint omnes & habentis, an sit & aliqua animae, propria ip¬
236 1452 1261 1499 sius: hoc enim accipere quidem necessarium est, non autem le¬
234 1496 1261 1539 ue. videtur autem plurimorum nullum sine corpore pati nec face
235 1547 1254 1580 re. vt irasci, confidere, desiderare, & omnino sentire: maxime au¬
233 1579 1256 1627 tem assimilatur proprio intelligere. si autem & hoc phantasia quae¬
218 1627 1268 1674 dam, aut non sine phantasia, non contingit vtique nec hoc sine cor¬
223 1662 392 1723 pore esse.
278 1700 1258 1763 Est etiam de animae passionibus quaestio, vtrum sint omnes commu¬
221 1757 1265 1813 nes eius quoque quod illam habeat, an sit aliqua etiam animae, quae sit
223 1802 1256 1859 eius propria: quod sane sumere necessarium est, sed tamen non facile,
226 1850 1265 1901 videtur autem plurima neque pati, neque, agere sine corpore, vt irasci, con
