1416 2066
204 164 1251 211 lium communium habet sensum proprium. quoniam, si haberent sensum
213 211 1246 254 proprium, tunc sentiretur, aut sicut sentimus per visum istum filium So¬
211 253 1245 291 eratis, aut sicut quidam sensus sentit sensibile proprium cuiusdam. Et iste
207 284 1242 331 modus est etiam accidentalis. sed differt a primo modo, qui simpliciter di
205 323 1243 363 citur accidentalis, & est comprehendere per visum istum esse filium So¬
213 372 1248 412 cratis: licet vterque numeratus sit accidentalis. differunt scilicet in hoc: quia
212 403 1248 443 comprehendere per visum hoc esse dulce, fuit, quia cum visu fuit coniun¬
216 444 1249 483 cta in eadem re virtus vnius oveneris virtute visus scilicet sensus gustus. Iudica¬
210 490 1238 531 re autem per visum istum esse filium Socratis accidit, quia in alio tempo
204 527 1248 571 re fuit coniuncta cum visu alia virtus a virtute Tvisus. virtus enim qua co
204 561 1247 611 prehendimus istum esse Socratem, aut filium Soeratis, superior est ad vir
208 601 1246 645 tutem sensus. & ideo iste modus videtur magis aecidentalis, quam secundus.
213 648 1247 683 vnde simpliciter dixit ipsum esse accidentalem, & non secundum. D.d.
212 680 1246 723 & non est vnius, &c. i. & iudicium non est vnius virtutis, T quando duo
216 716 1247 763 sensus fuerint coniuncti ad iudicandum super eandem rem ipsam esse eam
205 764 1240 803 dem. sed illud iudicium est vtriusque sensus, non alterius sensus ab. eis: sicut
209 803 1241 843 existimare potest aliquis. sed, si dicitur vnus ex hoc modo, dicitur accidem¬
205 835 1246 883 taliter. D.d. v. g. cholera, &c. i. v. g. hoc esse choleram, quia est amarum
205 876 1248 921 citriuum. iudicare enim quod haec duo sunt eiusdem scilicet cholerae, non est alterius
208 916 1244 956 virtutis ab his duabus. &, quia iudicium super hanc rem esse vnam est dua¬
204 957 1245 995 rum virtutum non vnius, accidit ei error in iudicando aliquid non chole
210 995 691 1050 ram esse choleram, quia citrinum.
251 1059 1240 1111 Inquiret autem aliquis cuius causa plures habemus sensus, sed
205 1108 1244 1154 non vnum solum, aut quatenus minus lateant consequentia &
215 1143 1247 1191 communia, vt motus, & magnitudo, & numerus. si enim esset vi¬
210 1188 1248 1235 sus solus & ipse albi, laterent vtique magis, & viderentur idem esse
211 1235 1245 1275 omnia, propter id quod consequuntur se ad inuicem simul color, &
211 1275 1241 1323 magnitudo. nunc autem quoniam in alio sensibili communia sunt,
212 1315 1199 1363 manifestum facit quod aliud quiddam vnumquodque ipsorum est.
251 1372 1240 1420 Verum quaerat aliquis cur plures sensus & non unum solum habea
209 1428 1247 1486 mus: an ne lateant consequentia & communia, ut motus, magnitudo
208 1474 1253 1531 numerus. nam si uisus esset solus, isque, albi, laterent magis atque idem esse
210 1523 1241 1585 cuncta uiderentur: propterea quod simul se mutuo sequuntur color &
209 1577 1244 1627 magnitudo: at quia quae sunt communia in alio sunt sensibili, res indi¬
209 1616 859 1670 cat aliud quidpiam esse eorum unumquodque.
248 1683 1238 1737 Et debet homo perscrutari, quare habemus sensus plures vno,
205 1726 1239 1771 & non vnum tantum. Dicamns igitur, vt non ignoremus conse¬
208 1779 1245 1820 quentia communia, vt motum, & quantitatem, & numerum. Quo
209 1812 1248 1858 niam, si haberemus solum visum, tunc ipse visus esset magis di¬
208 1852 1242 1907 gnus, vt ignoraret album, adeo vt existimaret haec esse omnia. co¬
