<?xml version="1.0" encoding="UTF-8"?>
<alto xmlns:xsi="http://www.w3.org/2001/XMLSchema-instance"
      xmlns="http://www.loc.gov/standards/alto/ns-v2#"
      xmlns:page="http://schema.primaresearch.org/PAGE/gts/pagecontent/2013-07-15"
      xsi:schemaLocation="http://www.loc.gov/standards/alto/ns-v2# http://www.loc.gov/standards/alto/alto.xsd">
   <Description>
      <MeasurementUnit>pixel</MeasurementUnit>
      <OCRProcessing ID="IdOcr">
         <ocrProcessingStep>
            <processingDateTime>2020-01-14T10:56:14.095-05:00</processingDateTime>
            <processingSoftware>
               <softwareCreator>READ COOP</softwareCreator>
               <softwareName>Transkribus</softwareName>
            </processingSoftware>
         </ocrProcessingStep>
      </OCRProcessing>
   </Description>
   <Layout>
      <Page ID="Page1" PHYSICAL_IMG_NR="1" HEIGHT="3300" WIDTH="2550">
         <TopMargin HEIGHT="0" WIDTH="2550" VPOS="0" HPOS="0"/>
         <LeftMargin HEIGHT="3300" WIDTH="0" VPOS="0" HPOS="0"/>
         <RightMargin HEIGHT="3300" WIDTH="0" VPOS="0" HPOS="2550"/>
         <BottomMargin HEIGHT="0" WIDTH="2550" VPOS="3300" HPOS="0"/>
         <PrintSpace HEIGHT="3300" WIDTH="2550" VPOS="0" HPOS="0">
            <TextBlock ID="r2" HEIGHT="3003" WIDTH="971" VPOS="165" HPOS="294">
               <Shape>
                  <Polygon POINTS="294,165 297,3168 1265,3168 1262,165"/>
               </Shape>
               <TextLine ID="r2l2"
                         BASELINE="267"
                         HEIGHT="82"
                         WIDTH="940"
                         VPOS="185"
                         HPOS="323">
                  <String HEIGHT="82"
                          WIDTH="200"
                          VPOS="185"
                          HPOS="303"
                          CONTENT="Nullus"/>
                  <SP HEIGHT="82" WIDTH="20" VPOS="185" HPOS="503"/>
                  <String HEIGHT="82"
                          WIDTH="200"
                          VPOS="185"
                          HPOS="443"
                          CONTENT="peccat"/>
                  <SP HEIGHT="82" WIDTH="20" VPOS="185" HPOS="643"/>
                  <String HEIGHT="82" WIDTH="120" VPOS="185" HPOS="583" CONTENT="in"/>
                  <SP HEIGHT="82" WIDTH="20" VPOS="185" HPOS="703"/>
                  <String HEIGHT="82" WIDTH="120" VPOS="185" HPOS="643" CONTENT="eo"/>
                  <SP HEIGHT="82" WIDTH="20" VPOS="185" HPOS="763"/>
                  <String HEIGHT="82"
                          WIDTH="160"
                          VPOS="185"
                          HPOS="703"
                          CONTENT="quod"/>
                  <SP HEIGHT="82" WIDTH="20" VPOS="185" HPOS="863"/>
                  <String HEIGHT="82"
                          WIDTH="200"
                          VPOS="185"
                          HPOS="803"
                          CONTENT="vitare"/>
                  <SP HEIGHT="82" WIDTH="20" VPOS="185" HPOS="1003"/>
                  <String HEIGHT="82" WIDTH="140" VPOS="185" HPOS="943" CONTENT="non"/>
                  <SP HEIGHT="82" WIDTH="20" VPOS="185" HPOS="1083"/>
                  <String HEIGHT="82"
                          WIDTH="220"
                          VPOS="185"
                          HPOS="1023"
                          CONTENT="potest."/>
                  <SP HEIGHT="82" WIDTH="20" VPOS="185" HPOS="1243"/>
                  <String HEIGHT="82"
                          WIDTH="100"
                          VPOS="185"
                          HPOS="1163"
                          CONTENT="Fal"/>
               </TextLine>
               <TextLine ID="r2l3"
                         BASELINE="323"
                         HEIGHT="87"
                         WIDTH="946"
                         VPOS="236"
                         HPOS="321">
                  <String HEIGHT="87"
                          WIDTH="142"
                          VPOS="236"
                          HPOS="305"
                          CONTENT="sitas"/>
                  <SP HEIGHT="87" WIDTH="16" VPOS="236" HPOS="447"/>
                  <String HEIGHT="87"
                          WIDTH="252"
                          VPOS="236"
                          HPOS="400"
                          CONTENT="consequentis"/>
                  <SP HEIGHT="87" WIDTH="16" VPOS="236" HPOS="652"/>
                  <String HEIGHT="87"
                          WIDTH="205"
                          VPOS="236"
                          HPOS="605"
                          CONTENT="probatur."/>
                  <SP HEIGHT="87" WIDTH="16" VPOS="236" HPOS="810"/>
                  <String HEIGHT="87"
                          WIDTH="126"
                          VPOS="236"
                          HPOS="762"
                          CONTENT="quia"/>
                  <SP HEIGHT="87" WIDTH="16" VPOS="236" HPOS="889"/>
                  <String HEIGHT="87" WIDTH="110" VPOS="236" HPOS="841" CONTENT="vel"/>
                  <SP HEIGHT="87" WIDTH="16" VPOS="236" HPOS="952"/>
                  <String HEIGHT="87"
                          WIDTH="189"
                          VPOS="236"
                          HPOS="904"
                          CONTENT="postquam"/>
                  <SP HEIGHT="87" WIDTH="16" VPOS="236" HPOS="1094"/>
                  <String HEIGHT="87"
                          WIDTH="205"
                          VPOS="236"
                          HPOS="1046"
                          CONTENT="peccauit:"/>
                  <SP HEIGHT="87" WIDTH="16" VPOS="236" HPOS="1251"/>
                  <String HEIGHT="87" WIDTH="95" VPOS="236" HPOS="1204" CONTENT="et"/>
                  <SP HEIGHT="87" WIDTH="16" VPOS="236" HPOS="1299"/>
                  <String HEIGHT="87" WIDTH="32" VPOS="236" HPOS="1235" CONTENT=""/>
               </TextLine>
               <TextLine ID="r2l4"
                         BASELINE="371"
                         HEIGHT="80"
                         WIDTH="952"
                         VPOS="291"
                         HPOS="320">
                  <String HEIGHT="80" WIDTH="133" VPOS="291" HPOS="301" CONTENT="hoc"/>
                  <SP HEIGHT="80" WIDTH="19" VPOS="291" HPOS="434"/>
                  <String HEIGHT="80"
                          WIDTH="152"
                          VPOS="291"
                          HPOS="377"
                          CONTENT="non:"/>
                  <SP HEIGHT="80" WIDTH="19" VPOS="291" HPOS="529"/>
                  <String HEIGHT="80"
                          WIDTH="152"
                          VPOS="291"
                          HPOS="472"
                          CONTENT="quia"/>
                  <SP HEIGHT="80" WIDTH="19" VPOS="291" HPOS="625"/>
                  <String HEIGHT="80"
                          WIDTH="152"
                          VPOS="291"
                          HPOS="568"
                          CONTENT="post"/>
                  <SP HEIGHT="80" WIDTH="19" VPOS="291" HPOS="720"/>
                  <String HEIGHT="80"
                          WIDTH="209"
                          VPOS="291"
                          HPOS="663"
                          CONTENT="necesse"/>
                  <SP HEIGHT="80" WIDTH="19" VPOS="291" HPOS="872"/>
                  <String HEIGHT="80"
                          WIDTH="152"
                          VPOS="291"
                          HPOS="815"
                          CONTENT="fuit"/>
                  <SP HEIGHT="80" WIDTH="19" VPOS="291" HPOS="967"/>
                  <String HEIGHT="80" WIDTH="133" VPOS="291" HPOS="910" CONTENT="eum"/>
                  <SP HEIGHT="80" WIDTH="19" VPOS="291" HPOS="1044"/>
                  <String HEIGHT="80"
                          WIDTH="248"
                          VPOS="291"
                          HPOS="986"
                          CONTENT="peccasse."/>
                  <SP HEIGHT="80" WIDTH="19" VPOS="291" HPOS="1234"/>
                  <String HEIGHT="80"
                          WIDTH="133"
                          VPOS="291"
                          HPOS="1177"
                          CONTENT="Nec"/>
                  <SP HEIGHT="80" WIDTH="19" VPOS="291" HPOS="1310"/>
                  <String HEIGHT="80" WIDTH="38" VPOS="291" HPOS="1234" CONTENT=""/>
               </TextLine>
               <TextLine ID="r2l5"
                         BASELINE="435"
                         HEIGHT="80"
                         WIDTH="946"
                         VPOS="355"
                         HPOS="321">
                  <String HEIGHT="80"
                          WIDTH="170"
                          VPOS="355"
                          HPOS="302"
                          CONTENT="tunc:"/>
                  <SP HEIGHT="80" WIDTH="19" VPOS="355" HPOS="472"/>
                  <String HEIGHT="80"
                          WIDTH="151"
                          VPOS="355"
                          HPOS="416"
                          CONTENT="quia"/>
                  <SP HEIGHT="80" WIDTH="19" VPOS="355" HPOS="567"/>
                  <String HEIGHT="80"
                          WIDTH="151"
                          VPOS="355"
                          HPOS="510"
                          CONTENT="tunc"/>
                  <SP HEIGHT="80" WIDTH="19" VPOS="355" HPOS="662"/>
                  <String HEIGHT="80"
                          WIDTH="170"
                          VPOS="355"
                          HPOS="605"
                          CONTENT="simul"/>
                  <SP HEIGHT="80" WIDTH="19" VPOS="355" HPOS="775"/>
                  <String HEIGHT="80"
                          WIDTH="246"
                          VPOS="355"
                          HPOS="718"
                          CONTENT="peccasset"/>
                  <SP HEIGHT="80" WIDTH="19" VPOS="355" HPOS="964"/>
                  <String HEIGHT="80" WIDTH="95" VPOS="355" HPOS="908" CONTENT="/"/>
                  <SP HEIGHT="80" WIDTH="19" VPOS="355" HPOS="1002"/>
                  <String HEIGHT="80" WIDTH="114" VPOS="355" HPOS="945" CONTENT="et"/>
                  <SP HEIGHT="80" WIDTH="19" VPOS="355" HPOS="1059"/>
                  <String HEIGHT="80"
                          WIDTH="246"
                          VPOS="355"
                          HPOS="1002"
                          CONTENT="caruisset"/>
                  <SP HEIGHT="80" WIDTH="19" VPOS="355" HPOS="1248"/>
                  <String HEIGHT="80" WIDTH="95" VPOS="355" HPOS="1172" CONTENT="pec"/>
               </TextLine>
               <TextLine ID="r2l6"
                         BASELINE="483"
                         HEIGHT="63"
                         WIDTH="948"
                         VPOS="420"
                         HPOS="315">
                  <String HEIGHT="63"
                          WIDTH="185"
                          VPOS="420"
                          HPOS="294"
                          CONTENT="cato."/>
                  <SP HEIGHT="63" WIDTH="21" VPOS="420" HPOS="480"/>
                  <String HEIGHT="63" WIDTH="144" VPOS="420" HPOS="418" CONTENT="Nec"/>
                  <SP HEIGHT="63" WIDTH="21" VPOS="420" HPOS="562"/>
                  <String HEIGHT="63"
                          WIDTH="185"
                          VPOS="420"
                          HPOS="500"
                          CONTENT="ante:"/>
                  <SP HEIGHT="63" WIDTH="21" VPOS="420" HPOS="686"/>
                  <String HEIGHT="63"
                          WIDTH="165"
                          VPOS="420"
                          HPOS="624"
                          CONTENT="quia"/>
                  <SP HEIGHT="63" WIDTH="21" VPOS="420" HPOS="789"/>
                  <String HEIGHT="63"
                          WIDTH="165"
                          VPOS="420"
                          HPOS="727"
                          CONTENT="ante"/>
                  <SP HEIGHT="63" WIDTH="21" VPOS="420" HPOS="892"/>
                  <String HEIGHT="63" WIDTH="144" VPOS="420" HPOS="830" CONTENT="non"/>
                  <SP HEIGHT="63" WIDTH="21" VPOS="420" HPOS="974"/>
                  <String HEIGHT="63"
                          WIDTH="206"
                          VPOS="420"
                          HPOS="913"
                          CONTENT="potuit"/>
                  <SP HEIGHT="63" WIDTH="21" VPOS="420" HPOS="1119"/>
                  <String HEIGHT="63"
                          WIDTH="206"
                          VPOS="420"
                          HPOS="1057"
                          CONTENT="melius"/>
                  <SP HEIGHT="63" WIDTH="21" VPOS="420" HPOS="1263"/>
                  <String HEIGHT="63" WIDTH="82" VPOS="420" HPOS="1181" CONTENT="fa"/>
               </TextLine>
               <TextLine ID="r2l7"
                         BASELINE="547"
                         HEIGHT="72"
                         WIDTH="948"
                         VPOS="475"
                         HPOS="318">
                  <String HEIGHT="72"
                          WIDTH="133"
                          VPOS="475"
                          HPOS="301"
                          CONTENT="cere"/>
                  <SP HEIGHT="72" WIDTH="17" VPOS="475" HPOS="434"/>
                  <String HEIGHT="72"
                          WIDTH="133"
                          VPOS="475"
                          HPOS="385"
                          CONTENT="quam"/>
                  <SP HEIGHT="72" WIDTH="17" VPOS="475" HPOS="518"/>
                  <String HEIGHT="72"
                          WIDTH="166"
                          VPOS="475"
                          HPOS="468"
                          CONTENT="fecit:"/>
                  <SP HEIGHT="72" WIDTH="17" VPOS="475" HPOS="634"/>
                  <String HEIGHT="72"
                          WIDTH="133"
                          VPOS="475"
                          HPOS="584"
                          CONTENT="quia"/>
                  <SP HEIGHT="72" WIDTH="17" VPOS="475" HPOS="717"/>
                  <String HEIGHT="72" WIDTH="116" VPOS="475" HPOS="667" CONTENT="ita"/>
                  <SP HEIGHT="72" WIDTH="17" VPOS="475" HPOS="784"/>
                  <String HEIGHT="72"
                          WIDTH="133"
                          VPOS="475"
                          HPOS="734"
                          CONTENT="bene"/>
                  <SP HEIGHT="72" WIDTH="17" VPOS="475" HPOS="867"/>
                  <String HEIGHT="72"
                          WIDTH="150"
                          VPOS="475"
                          HPOS="817"
                          CONTENT="fecit"/>
                  <SP HEIGHT="72" WIDTH="17" VPOS="475" HPOS="967"/>
                  <String HEIGHT="72"
                          WIDTH="150"
                          VPOS="475"
                          HPOS="917"
                          CONTENT="sicut"/>
                  <SP HEIGHT="72" WIDTH="17" VPOS="475" HPOS="1066"/>
                  <String HEIGHT="72"
                          WIDTH="133"
                          VPOS="475"
                          HPOS="1017"
                          CONTENT="illi"/>
                  <SP HEIGHT="72" WIDTH="17" VPOS="475" HPOS="1150"/>
                  <String HEIGHT="72"
                          WIDTH="116"
                          VPOS="475"
                          HPOS="1100"
                          CONTENT="qui"/>
                  <SP HEIGHT="72" WIDTH="17" VPOS="475" HPOS="1216"/>
                  <String HEIGHT="72"
                          WIDTH="116"
                          VPOS="475"
                          HPOS="1150"
                          CONTENT="stete"/>
               </TextLine>
               <TextLine ID="r2l8"
                         BASELINE="595"
                         HEIGHT="64"
                         WIDTH="950"
                         VPOS="531"
                         HPOS="319">
                  <String HEIGHT="64"
                          WIDTH="182"
                          VPOS="531"
                          HPOS="299"
                          CONTENT="runt:"/>
                  <SP HEIGHT="64" WIDTH="20" VPOS="531" HPOS="481"/>
                  <String HEIGHT="64"
                          WIDTH="162"
                          VPOS="531"
                          HPOS="420"
                          CONTENT="ergo"/>
                  <SP HEIGHT="64" WIDTH="20" VPOS="531" HPOS="582"/>
                  <String HEIGHT="64" WIDTH="141" VPOS="531" HPOS="521" CONTENT="non"/>
                  <SP HEIGHT="64" WIDTH="20" VPOS="531" HPOS="663"/>
                  <String HEIGHT="64"
                          WIDTH="202"
                          VPOS="531"
                          HPOS="602"
                          CONTENT="potuit"/>
                  <SP HEIGHT="64" WIDTH="20" VPOS="531" HPOS="804"/>
                  <String HEIGHT="64"
                          WIDTH="202"
                          VPOS="531"
                          HPOS="743"
                          CONTENT="melius"/>
                  <SP HEIGHT="64" WIDTH="20" VPOS="531" HPOS="946"/>
                  <String HEIGHT="64"
                          WIDTH="202"
                          VPOS="531"
                          HPOS="885"
                          CONTENT="facere"/>
                  <SP HEIGHT="64" WIDTH="20" VPOS="531" HPOS="1087"/>
                  <String HEIGHT="64"
                          WIDTH="141"
                          VPOS="531"
                          HPOS="1026"
                          CONTENT="nec"/>
                  <SP HEIGHT="64" WIDTH="20" VPOS="531" HPOS="1168"/>
                  <String HEIGHT="64"
                          WIDTH="202"
                          VPOS="531"
                          HPOS="1107"
                          CONTENT="cauere"/>
                  <SP HEIGHT="64" WIDTH="20" VPOS="531" HPOS="1309"/>
                  <String HEIGHT="64" WIDTH="40" VPOS="531" HPOS="1229" CONTENT=""/>
               </TextLine>
               <TextLine ID="r2l9"
                         BASELINE="657"
                         HEIGHT="86"
                         WIDTH="936"
                         VPOS="571"
                         HPOS="325">
                  <String HEIGHT="86"
                          WIDTH="150"
                          VPOS="571"
                          HPOS="306"
                          CONTENT="quam"/>
                  <SP HEIGHT="86" WIDTH="19" VPOS="571" HPOS="456"/>
                  <String HEIGHT="86"
                          WIDTH="187"
                          VPOS="571"
                          HPOS="400"
                          CONTENT="fecit."/>
                  <SP HEIGHT="86" WIDTH="19" VPOS="571" HPOS="587"/>
                  <String HEIGHT="86"
                          WIDTH="187"
                          VPOS="571"
                          HPOS="531"
                          CONTENT="igitur"/>
                  <SP HEIGHT="86" WIDTH="19" VPOS="571" HPOS="718"/>
                  <String HEIGHT="86"
                          WIDTH="150"
                          VPOS="571"
                          HPOS="662"
                          CONTENT="etc."/>
                  <SP HEIGHT="86" WIDTH="19" VPOS="571" HPOS="812"/>
                  <String HEIGHT="86"
                          WIDTH="206"
                          VPOS="571"
                          HPOS="756"
                          CONTENT="Tertio."/>
                  <SP HEIGHT="86" WIDTH="19" VPOS="571" HPOS="961"/>
                  <String HEIGHT="86"
                          WIDTH="150"
                          VPOS="571"
                          HPOS="905"
                          CONTENT="quia"/>
                  <SP HEIGHT="86" WIDTH="19" VPOS="571" HPOS="1055"/>
                  <String HEIGHT="86" WIDTH="131" VPOS="571" HPOS="999" CONTENT="aut"/>
                  <SP HEIGHT="86" WIDTH="19" VPOS="571" HPOS="1130"/>
                  <String HEIGHT="86"
                          WIDTH="187"
                          VPOS="571"
                          HPOS="1074"
                          CONTENT="angeli"/>
                  <SP HEIGHT="86" WIDTH="19" VPOS="571" HPOS="1261"/>
                  <String HEIGHT="86" WIDTH="75" VPOS="571" HPOS="1186" CONTENT="ma"/>
               </TextLine>
               <TextLine ID="r2l10"
                         BASELINE="706"
                         HEIGHT="59"
                         WIDTH="937"
                         VPOS="647"
                         HPOS="326">
                  <String HEIGHT="59" WIDTH="120" VPOS="647" HPOS="306" CONTENT="li"/>
                  <SP HEIGHT="59" WIDTH="20" VPOS="647" HPOS="426"/>
                  <String HEIGHT="59"
                          WIDTH="299"
                          VPOS="647"
                          HPOS="366"
                          CONTENT="sperauerunt"/>
                  <SP HEIGHT="59" WIDTH="20" VPOS="647" HPOS="665"/>
                  <String HEIGHT="59" WIDTH="120" VPOS="647" HPOS="605" CONTENT="se"/>
                  <SP HEIGHT="59" WIDTH="20" VPOS="647" HPOS="725"/>
                  <String HEIGHT="59"
                          WIDTH="179"
                          VPOS="647"
                          HPOS="665"
                          CONTENT="posse"/>
                  <SP HEIGHT="59" WIDTH="20" VPOS="647" HPOS="844"/>
                  <String HEIGHT="59"
                          WIDTH="239"
                          VPOS="647"
                          HPOS="785"
                          CONTENT="consequi"/>
                  <SP HEIGHT="59" WIDTH="20" VPOS="647" HPOS="1024"/>
                  <String HEIGHT="59"
                          WIDTH="159"
                          VPOS="647"
                          HPOS="964"
                          CONTENT="quod"/>
                  <SP HEIGHT="59" WIDTH="20" VPOS="647" HPOS="1123"/>
                  <String HEIGHT="59"
                          WIDTH="239"
                          VPOS="647"
                          HPOS="1064"
                          CONTENT="optabant"/>
                  <SP HEIGHT="59" WIDTH="20" VPOS="647" HPOS="1303"/>
                  <String HEIGHT="59" WIDTH="40" VPOS="647" HPOS="1223" CONTENT=""/>
               </TextLine>
               <TextLine ID="r2l11"
                         BASELINE="763"
                         HEIGHT="70"
                         WIDTH="955"
                         VPOS="693"
                         HPOS="308">
                  <String HEIGHT="70" WIDTH="139" VPOS="693" HPOS="288" CONTENT="vel"/>
                  <SP HEIGHT="70" WIDTH="20" VPOS="693" HPOS="427"/>
                  <String HEIGHT="70"
                          WIDTH="159"
                          VPOS="693"
                          HPOS="368"
                          CONTENT="non."/>
                  <SP HEIGHT="70" WIDTH="20" VPOS="693" HPOS="527"/>
                  <String HEIGHT="70" WIDTH="119" VPOS="693" HPOS="467" CONTENT="si"/>
                  <SP HEIGHT="70" WIDTH="20" VPOS="693" HPOS="587"/>
                  <String HEIGHT="70"
                          WIDTH="159"
                          VPOS="693"
                          HPOS="527"
                          CONTENT="non:"/>
                  <SP HEIGHT="70" WIDTH="20" VPOS="693" HPOS="686"/>
                  <String HEIGHT="70"
                          WIDTH="159"
                          VPOS="693"
                          HPOS="626"
                          CONTENT="ergo"/>
                  <SP HEIGHT="70" WIDTH="20" VPOS="693" HPOS="785"/>
                  <String HEIGHT="70" WIDTH="139" VPOS="693" HPOS="726" CONTENT="non"/>
                  <SP HEIGHT="70" WIDTH="20" VPOS="693" HPOS="865"/>
                  <String HEIGHT="70"
                          WIDTH="259"
                          VPOS="693"
                          HPOS="805"
                          CONTENT="voluerunt"/>
                  <SP HEIGHT="70" WIDTH="20" VPOS="693" HPOS="1064"/>
                  <String HEIGHT="70"
                          WIDTH="179"
                          VPOS="693"
                          HPOS="1004"
                          CONTENT="illud"/>
                  <SP HEIGHT="70" WIDTH="20" VPOS="693" HPOS="1183"/>
                  <String HEIGHT="70" WIDTH="119" VPOS="693" HPOS="1124" CONTENT="ex"/>
                  <SP HEIGHT="70" WIDTH="20" VPOS="693" HPOS="1243"/>
                  <String HEIGHT="70" WIDTH="99" VPOS="693" HPOS="1164" CONTENT="ele"/>
               </TextLine>
               <TextLine ID="r2l12"
                         BASELINE="818"
                         HEIGHT="62"
                         WIDTH="940"
                         VPOS="756"
                         HPOS="315">
                  <String HEIGHT="62"
                          WIDTH="199"
                          VPOS="756"
                          HPOS="297"
                          CONTENT="ctione:"/>
                  <SP HEIGHT="62" WIDTH="18" VPOS="756" HPOS="496"/>
                  <String HEIGHT="62"
                          WIDTH="145"
                          VPOS="756"
                          HPOS="442"
                          CONTENT="quia"/>
                  <SP HEIGHT="62" WIDTH="18" VPOS="756" HPOS="586"/>
                  <String HEIGHT="62"
                          WIDTH="199"
                          VPOS="756"
                          HPOS="532"
                          CONTENT="electio"/>
                  <SP HEIGHT="62" WIDTH="18" VPOS="756" HPOS="731"/>
                  <String HEIGHT="62" WIDTH="127" VPOS="756" HPOS="677" CONTENT="non"/>
                  <SP HEIGHT="62" WIDTH="18" VPOS="756" HPOS="803"/>
                  <String HEIGHT="62" WIDTH="127" VPOS="756" HPOS="749" CONTENT="est"/>
                  <SP HEIGHT="62" WIDTH="18" VPOS="756" HPOS="875"/>
                  <String HEIGHT="62"
                          WIDTH="307"
                          VPOS="756"
                          HPOS="821"
                          CONTENT="impossibilium"/>
                  <SP HEIGHT="62" WIDTH="18" VPOS="756" HPOS="1128"/>
                  <String HEIGHT="62"
                          WIDTH="145"
                          VPOS="756"
                          HPOS="1074"
                          CONTENT="iii."/>
                  <SP HEIGHT="62" WIDTH="18" VPOS="756" HPOS="1219"/>
                  <String HEIGHT="62"
                          WIDTH="108"
                          VPOS="756"
                          HPOS="1147"
                          CONTENT="Ethi"/>
               </TextLine>
               <TextLine ID="r2l13"
                         BASELINE="875"
                         HEIGHT="73"
                         WIDTH="954"
                         VPOS="802"
                         HPOS="317">
                  <String HEIGHT="73" WIDTH="108" VPOS="802" HPOS="299" CONTENT="si"/>
                  <SP HEIGHT="73" WIDTH="18" VPOS="802" HPOS="407"/>
                  <String HEIGHT="73" WIDTH="126" VPOS="802" HPOS="353" CONTENT="si:"/>
                  <SP HEIGHT="73" WIDTH="18" VPOS="802" HPOS="479"/>
                  <String HEIGHT="73"
                          WIDTH="144"
                          VPOS="802"
                          HPOS="425"
                          CONTENT="ergo"/>
                  <SP HEIGHT="73" WIDTH="18" VPOS="802" HPOS="569"/>
                  <String HEIGHT="73"
                          WIDTH="198"
                          VPOS="802"
                          HPOS="515"
                          CONTENT="fuerunt"/>
                  <SP HEIGHT="73" WIDTH="18" VPOS="802" HPOS="713"/>
                  <String HEIGHT="73"
                          WIDTH="198"
                          VPOS="802"
                          HPOS="659"
                          CONTENT="decepti"/>
                  <SP HEIGHT="73" WIDTH="18" VPOS="802" HPOS="857"/>
                  <String HEIGHT="73"
                          WIDTH="162"
                          VPOS="802"
                          HPOS="803"
                          CONTENT="sicut"/>
                  <SP HEIGHT="73" WIDTH="18" VPOS="802" HPOS="965"/>
                  <String HEIGHT="73"
                          WIDTH="162"
                          VPOS="802"
                          HPOS="911"
                          CONTENT="prius"/>
                  <SP HEIGHT="73" WIDTH="18" VPOS="802" HPOS="1073"/>
                  <String HEIGHT="73"
                          WIDTH="198"
                          VPOS="802"
                          HPOS="1019"
                          CONTENT="argutum"/>
                  <SP HEIGHT="73" WIDTH="18" VPOS="802" HPOS="1217"/>
                  <String HEIGHT="73"
                          WIDTH="144"
                          VPOS="802"
                          HPOS="1163"
                          CONTENT="est."/>
                  <SP HEIGHT="73" WIDTH="18" VPOS="802" HPOS="1307"/>
                  <String HEIGHT="73" WIDTH="36" VPOS="802" HPOS="1235" CONTENT=""/>
               </TextLine>
               <TextLine ID="r2l14"
                         BASELINE="939"
                         HEIGHT="79"
                         WIDTH="892"
                         VPOS="860"
                         HPOS="369">
                  <String HEIGHT="79"
                          WIDTH="203"
                          VPOS="860"
                          HPOS="349"
                          CONTENT="Quarto"/>
                  <SP HEIGHT="79" WIDTH="20" VPOS="860" HPOS="551"/>
                  <String HEIGHT="79"
                          WIDTH="162"
                          VPOS="860"
                          HPOS="491"
                          CONTENT="sic."/>
                  <SP HEIGHT="79" WIDTH="20" VPOS="860" HPOS="653"/>
                  <String HEIGHT="79"
                          WIDTH="162"
                          VPOS="860"
                          HPOS="592"
                          CONTENT="tunc"/>
                  <SP HEIGHT="79" WIDTH="20" VPOS="860" HPOS="754"/>
                  <String HEIGHT="79"
                          WIDTH="182"
                          VPOS="860"
                          HPOS="693"
                          CONTENT="omnes"/>
                  <SP HEIGHT="79" WIDTH="20" VPOS="860" HPOS="876"/>
                  <String HEIGHT="79"
                          WIDTH="284"
                          VPOS="860"
                          HPOS="815"
                          CONTENT="peccassent"/>
                  <SP HEIGHT="79" WIDTH="20" VPOS="860" HPOS="1099"/>
                  <String HEIGHT="79"
                          WIDTH="162"
                          VPOS="860"
                          HPOS="1038"
                          CONTENT="male"/>
                  <SP HEIGHT="79" WIDTH="20" VPOS="860" HPOS="1200"/>
                  <String HEIGHT="79"
                          WIDTH="142"
                          VPOS="860"
                          HPOS="1119"
                          CONTENT="volen"/>
               </TextLine>
               <TextLine ID="r2l15"
                         BASELINE="995"
                         HEIGHT="71"
                         WIDTH="951"
                         VPOS="924"
                         HPOS="312">
                  <String HEIGHT="71" WIDTH="123" VPOS="924" HPOS="294" CONTENT="do."/>
                  <SP HEIGHT="71" WIDTH="18" VPOS="924" HPOS="418"/>
                  <String HEIGHT="71"
                          WIDTH="247"
                          VPOS="924"
                          HPOS="365"
                          CONTENT="consequens"/>
                  <SP HEIGHT="71" WIDTH="18" VPOS="924" HPOS="611"/>
                  <String HEIGHT="71" WIDTH="123" VPOS="924" HPOS="559" CONTENT="est"/>
                  <SP HEIGHT="71" WIDTH="18" VPOS="924" HPOS="682"/>
                  <String HEIGHT="71"
                          WIDTH="194"
                          VPOS="924"
                          HPOS="629"
                          CONTENT="falsum:"/>
                  <SP HEIGHT="71" WIDTH="18" VPOS="924" HPOS="823"/>
                  <String HEIGHT="71"
                          WIDTH="141"
                          VPOS="924"
                          HPOS="770"
                          CONTENT="quia"/>
                  <SP HEIGHT="71" WIDTH="18" VPOS="924" HPOS="911"/>
                  <String HEIGHT="71"
                          WIDTH="141"
                          VPOS="924"
                          HPOS="858"
                          CONTENT="tunc"/>
                  <SP HEIGHT="71" WIDTH="18" VPOS="924" HPOS="999"/>
                  <String HEIGHT="71"
                          WIDTH="176"
                          VPOS="924"
                          HPOS="946"
                          CONTENT="primus"/>
                  <SP HEIGHT="71" WIDTH="18" VPOS="924" HPOS="1122"/>
                  <String HEIGHT="71"
                          WIDTH="229"
                          VPOS="924"
                          HPOS="1069"
                          CONTENT="peccasset"/>
                  <SP HEIGHT="71" WIDTH="18" VPOS="924" HPOS="1298"/>
                  <String HEIGHT="71" WIDTH="35" VPOS="924" HPOS="1228" CONTENT=""/>
               </TextLine>
               <TextLine ID="r2l16"
                         BASELINE="1051"
                         HEIGHT="72"
                         WIDTH="949"
                         VPOS="979"
                         HPOS="312">
                  <String HEIGHT="72"
                          WIDTH="152"
                          VPOS="979"
                          HPOS="293"
                          CONTENT="male"/>
                  <SP HEIGHT="72" WIDTH="19" VPOS="979" HPOS="445"/>
                  <String HEIGHT="72"
                          WIDTH="209"
                          VPOS="979"
                          HPOS="388"
                          CONTENT="volendo"/>
                  <SP HEIGHT="72" WIDTH="19" VPOS="979" HPOS="597"/>
                  <String HEIGHT="72"
                          WIDTH="171"
                          VPOS="979"
                          HPOS="540"
                          CONTENT="solum"/>
                  <SP HEIGHT="72" WIDTH="19" VPOS="979" HPOS="711"/>
                  <String HEIGHT="72" WIDTH="114" VPOS="979" HPOS="654" CONTENT="ex"/>
                  <SP HEIGHT="72" WIDTH="19" VPOS="979" HPOS="768"/>
                  <String HEIGHT="72"
                          WIDTH="152"
                          VPOS="979"
                          HPOS="711"
                          CONTENT="mala"/>
                  <SP HEIGHT="72" WIDTH="19" VPOS="979" HPOS="862"/>
                  <String HEIGHT="72"
                          WIDTH="266"
                          VPOS="979"
                          HPOS="805"
                          CONTENT="volitione."/>
                  <SP HEIGHT="72" WIDTH="19" VPOS="979" HPOS="1071"/>
                  <String HEIGHT="72"
                          WIDTH="266"
                          VPOS="979"
                          HPOS="995"
                          CONTENT="consequentia"/>
               </TextLine>
               <TextLine ID="r2l17"
                         BASELINE="1113"
                         HEIGHT="77"
                         WIDTH="943"
                         VPOS="1036"
                         HPOS="321">
                  <String HEIGHT="77"
                          WIDTH="175"
                          VPOS="1036"
                          HPOS="304"
                          CONTENT="patet:"/>
                  <SP HEIGHT="77" WIDTH="17" VPOS="1036" HPOS="478"/>
                  <String HEIGHT="77"
                          WIDTH="140"
                          VPOS="1036"
                          HPOS="426"
                          CONTENT="quia"/>
                  <SP HEIGHT="77" WIDTH="17" VPOS="1036" HPOS="565"/>
                  <String HEIGHT="77"
                          WIDTH="122"
                          VPOS="1036"
                          HPOS="513"
                          CONTENT="non"/>
                  <SP HEIGHT="77" WIDTH="17" VPOS="1036" HPOS="635"/>
                  <String HEIGHT="77"
                          WIDTH="140"
                          VPOS="1036"
                          HPOS="583"
                          CONTENT="sunt"/>
                  <SP HEIGHT="77" WIDTH="17" VPOS="1036" HPOS="723"/>
                  <String HEIGHT="77"
                          WIDTH="157"
                          VPOS="1036"
                          HPOS="670"
                          CONTENT="aliae"/>
                  <SP HEIGHT="77" WIDTH="17" VPOS="1036" HPOS="827"/>
                  <String HEIGHT="77"
                          WIDTH="227"
                          VPOS="1036"
                          HPOS="775"
                          CONTENT="potentiae"/>
                  <SP HEIGHT="77" WIDTH="17" VPOS="1036" HPOS="1002"/>
                  <String HEIGHT="77" WIDTH="105" VPOS="1036" HPOS="950" CONTENT="in"/>
                  <SP HEIGHT="77" WIDTH="17" VPOS="1036" HPOS="1054"/>
                  <String HEIGHT="77"
                          WIDTH="175"
                          VPOS="1036"
                          HPOS="1002"
                          CONTENT="angelo"/>
                  <SP HEIGHT="77" WIDTH="17" VPOS="1036" HPOS="1177"/>
                  <String HEIGHT="77"
                          WIDTH="175"
                          VPOS="1036"
                          HPOS="1124"
                          CONTENT="quibus"/>
                  <SP HEIGHT="77" WIDTH="17" VPOS="1036" HPOS="1299"/>
                  <String HEIGHT="77" WIDTH="35" VPOS="1036" HPOS="1229" CONTENT=""/>
               </TextLine>
               <TextLine ID="r2l18"
                         BASELINE="1171"
                         HEIGHT="77"
                         WIDTH="945"
                         VPOS="1094"
                         HPOS="312">
                  <String HEIGHT="77"
                          WIDTH="178"
                          VPOS="1094"
                          HPOS="294"
                          CONTENT="potuit"/>
                  <SP HEIGHT="77" WIDTH="18" VPOS="1094" HPOS="472"/>
                  <String HEIGHT="77"
                          WIDTH="214"
                          VPOS="1094"
                          HPOS="419"
                          CONTENT="peccare."/>
                  <SP HEIGHT="77" WIDTH="18" VPOS="1094" HPOS="633"/>
                  <String HEIGHT="77"
                          WIDTH="214"
                          VPOS="1094"
                          HPOS="579"
                          CONTENT="Falsitas"/>
                  <SP HEIGHT="77" WIDTH="18" VPOS="1094" HPOS="793"/>
                  <String HEIGHT="77"
                          WIDTH="285"
                          VPOS="1094"
                          HPOS="740"
                          CONTENT="consequentis"/>
                  <SP HEIGHT="77" WIDTH="18" VPOS="1094" HPOS="1025"/>
                  <String HEIGHT="77"
                          WIDTH="160"
                          VPOS="1094"
                          HPOS="972"
                          CONTENT="patet"/>
                  <SP HEIGHT="77" WIDTH="18" VPOS="1094" HPOS="1132"/>
                  <String HEIGHT="77"
                          WIDTH="143"
                          VPOS="1094"
                          HPOS="1079"
                          CONTENT="quia"/>
                  <SP HEIGHT="77" WIDTH="18" VPOS="1094" HPOS="1221"/>
                  <String HEIGHT="77"
                          WIDTH="107"
                          VPOS="1094"
                          HPOS="1150"
                          CONTENT="ange"/>
               </TextLine>
               <TextLine ID="r2l19"
                         BASELINE="1214"
                         HEIGHT="70"
                         WIDTH="956"
                         VPOS="1144"
                         HPOS="311">
                  <String HEIGHT="70"
                          WIDTH="145"
                          VPOS="1144"
                          HPOS="290"
                          CONTENT="lus"/>
                  <SP HEIGHT="70" WIDTH="21" VPOS="1144" HPOS="436"/>
                  <String HEIGHT="70"
                          WIDTH="208"
                          VPOS="1144"
                          HPOS="373"
                          CONTENT="primus"/>
                  <SP HEIGHT="70" WIDTH="21" VPOS="1144" HPOS="581"/>
                  <String HEIGHT="70"
                          WIDTH="166"
                          VPOS="1144"
                          HPOS="519"
                          CONTENT="fuit"/>
                  <SP HEIGHT="70" WIDTH="21" VPOS="1144" HPOS="685"/>
                  <String HEIGHT="70"
                          WIDTH="187"
                          VPOS="1144"
                          HPOS="623"
                          CONTENT="aliis"/>
                  <SP HEIGHT="70" WIDTH="21" VPOS="1144" HPOS="810"/>
                  <String HEIGHT="70"
                          WIDTH="229"
                          VPOS="1144"
                          HPOS="747"
                          CONTENT="occasio"/>
                  <SP HEIGHT="70" WIDTH="21" VPOS="1144" HPOS="976"/>
                  <String HEIGHT="70"
                          WIDTH="270"
                          VPOS="1144"
                          HPOS="914"
                          CONTENT="peccandi:"/>
                  <SP HEIGHT="70" WIDTH="21" VPOS="1144" HPOS="1184"/>
                  <String HEIGHT="70"
                          WIDTH="187"
                          VPOS="1144"
                          HPOS="1122"
                          CONTENT="sicut"/>
                  <SP HEIGHT="70" WIDTH="21" VPOS="1144" HPOS="1309"/>
                  <String HEIGHT="70" WIDTH="42" VPOS="1144" HPOS="1225" CONTENT=""/>
               </TextLine>
               <TextLine ID="r2l20"
                         BASELINE="1275"
                         HEIGHT="81"
                         WIDTH="950"
                         VPOS="1194"
                         HPOS="311">
                  <String HEIGHT="81"
                          WIDTH="218"
                          VPOS="1194"
                          HPOS="291"
                          CONTENT="legitur"/>
                  <SP HEIGHT="81" WIDTH="20" VPOS="1194" HPOS="509"/>
                  <String HEIGHT="81"
                          WIDTH="218"
                          VPOS="1194"
                          HPOS="450"
                          CONTENT="Apoines"/>
                  <SP HEIGHT="81" WIDTH="20" VPOS="1194" HPOS="667"/>
                  <String HEIGHT="81"
                          WIDTH="139"
                          VPOS="1194"
                          HPOS="608"
                          CONTENT="xii"/>
                  <SP HEIGHT="81" WIDTH="20" VPOS="1194" HPOS="746"/>
                  <String HEIGHT="81"
                          WIDTH="139"
                          VPOS="1194"
                          HPOS="687"
                          CONTENT="vbi"/>
                  <SP HEIGHT="81" WIDTH="20" VPOS="1194" HPOS="826"/>
                  <String HEIGHT="81"
                          WIDTH="178"
                          VPOS="1194"
                          HPOS="766"
                          CONTENT="dicit"/>
                  <SP HEIGHT="81" WIDTH="20" VPOS="1194" HPOS="944"/>
                  <String HEIGHT="81"
                          WIDTH="158"
                          VPOS="1194"
                          HPOS="885"
                          CONTENT="quod"/>
                  <SP HEIGHT="81" WIDTH="20" VPOS="1194" HPOS="1043"/>
                  <String HEIGHT="81"
                          WIDTH="178"
                          VPOS="1194"
                          HPOS="984"
                          CONTENT="draco"/>
                  <SP HEIGHT="81" WIDTH="20" VPOS="1194" HPOS="1162"/>
                  <String HEIGHT="81"
                          WIDTH="198"
                          VPOS="1194"
                          HPOS="1103"
                          CONTENT="cadens"/>
                  <SP HEIGHT="81" WIDTH="20" VPOS="1194" HPOS="1301"/>
                  <String HEIGHT="81" WIDTH="40" VPOS="1194" HPOS="1221" CONTENT=""/>
               </TextLine>
               <TextLine ID="r2l21"
                         BASELINE="1332"
                         HEIGHT="76"
                         WIDTH="941"
                         VPOS="1256"
                         HPOS="318">
                  <String HEIGHT="76" WIDTH="107" VPOS="1256" HPOS="300" CONTENT="de"/>
                  <SP HEIGHT="76" WIDTH="18" VPOS="1256" HPOS="407"/>
                  <String HEIGHT="76"
                          WIDTH="142"
                          VPOS="1256"
                          HPOS="354"
                          CONTENT="celo"/>
                  <SP HEIGHT="76" WIDTH="18" VPOS="1256" HPOS="496"/>
                  <String HEIGHT="76"
                          WIDTH="178"
                          VPOS="1256"
                          HPOS="442"
                          CONTENT="trarit"/>
                  <SP HEIGHT="76" WIDTH="18" VPOS="1256" HPOS="620"/>
                  <String HEIGHT="76"
                          WIDTH="160"
                          VPOS="1256"
                          HPOS="567"
                          CONTENT="secum"/>
                  <SP HEIGHT="76" WIDTH="18" VPOS="1256" HPOS="726"/>
                  <String HEIGHT="76"
                          WIDTH="195"
                          VPOS="1256"
                          HPOS="673"
                          CONTENT="tertiam"/>
                  <SP HEIGHT="76" WIDTH="18" VPOS="1256" HPOS="868"/>
                  <String HEIGHT="76"
                          WIDTH="178"
                          VPOS="1256"
                          HPOS="815"
                          CONTENT="partem"/>
                  <SP HEIGHT="76" WIDTH="18" VPOS="1256" HPOS="993"/>
                  <String HEIGHT="76"
                          WIDTH="249"
                          VPOS="1256"
                          HPOS="939"
                          CONTENT="stellarum."/>
                  <SP HEIGHT="76" WIDTH="18" VPOS="1256" HPOS="1188"/>
                  <String HEIGHT="76"
                          WIDTH="124"
                          VPOS="1256"
                          HPOS="1135"
                          CONTENT="sed"/>
                  <SP HEIGHT="76" WIDTH="18" VPOS="1256" HPOS="1259"/>
                  <String HEIGHT="76" WIDTH="71" VPOS="1256" HPOS="1188" CONTENT="si"/>
               </TextLine>
               <TextLine ID="r2l22"
                         BASELINE="1387"
                         HEIGHT="71"
                         WIDTH="945"
                         VPOS="1316"
                         HPOS="318">
                  <String HEIGHT="71"
                          WIDTH="267"
                          VPOS="1316"
                          HPOS="297"
                          CONTENT="peccasset"/>
                  <SP HEIGHT="71" WIDTH="21" VPOS="1316" HPOS="565"/>
                  <String HEIGHT="71"
                          WIDTH="164"
                          VPOS="1316"
                          HPOS="503"
                          CONTENT="sola"/>
                  <SP HEIGHT="71" WIDTH="21" VPOS="1316" HPOS="667"/>
                  <String HEIGHT="71"
                          WIDTH="288"
                          VPOS="1316"
                          HPOS="606"
                          CONTENT="voluntate:"/>
                  <SP HEIGHT="71" WIDTH="21" VPOS="1316" HPOS="893"/>
                  <String HEIGHT="71"
                          WIDTH="144"
                          VPOS="1316"
                          HPOS="832"
                          CONTENT="non"/>
                  <SP HEIGHT="71" WIDTH="21" VPOS="1316" HPOS="975"/>
                  <String HEIGHT="71"
                          WIDTH="226"
                          VPOS="1316"
                          HPOS="914"
                          CONTENT="fuisset"/>
                  <SP HEIGHT="71" WIDTH="21" VPOS="1316" HPOS="1140"/>
                  <String HEIGHT="71"
                          WIDTH="185"
                          VPOS="1316"
                          HPOS="1078"
                          CONTENT="aliis"/>
                  <SP HEIGHT="71" WIDTH="21" VPOS="1316" HPOS="1263"/>
                  <String HEIGHT="71" WIDTH="82" VPOS="1316" HPOS="1181" CONTENT="oc"/>
               </TextLine>
               <TextLine ID="r2l23"
                         BASELINE="1443"
                         HEIGHT="71"
                         WIDTH="949"
                         VPOS="1372"
                         HPOS="311">
                  <String HEIGHT="71"
                          WIDTH="171"
                          VPOS="1372"
                          HPOS="292"
                          CONTENT="casio"/>
                  <SP HEIGHT="71" WIDTH="19" VPOS="1372" HPOS="463"/>
                  <String HEIGHT="71"
                          WIDTH="247"
                          VPOS="1372"
                          HPOS="406"
                          CONTENT="peccandi:"/>
                  <SP HEIGHT="71" WIDTH="19" VPOS="1372" HPOS="653"/>
                  <String HEIGHT="71"
                          WIDTH="152"
                          VPOS="1372"
                          HPOS="596"
                          CONTENT="quia"/>
                  <SP HEIGHT="71" WIDTH="19" VPOS="1372" HPOS="748"/>
                  <String HEIGHT="71"
                          WIDTH="266"
                          VPOS="1372"
                          HPOS="691"
                          CONTENT="volitionem"/>
                  <SP HEIGHT="71" WIDTH="19" VPOS="1372" HPOS="956"/>
                  <String HEIGHT="71"
                          WIDTH="171"
                          VPOS="1372"
                          HPOS="899"
                          CONTENT="talem"/>
                  <SP HEIGHT="71" WIDTH="19" VPOS="1372" HPOS="1070"/>
                  <String HEIGHT="71"
                          WIDTH="152"
                          VPOS="1372"
                          HPOS="1013"
                          CONTENT="alii"/>
                  <SP HEIGHT="71" WIDTH="19" VPOS="1372" HPOS="1165"/>
                  <String HEIGHT="71"
                          WIDTH="133"
                          VPOS="1372"
                          HPOS="1108"
                          CONTENT="non"/>
                  <SP HEIGHT="71" WIDTH="19" VPOS="1372" HPOS="1241"/>
                  <String HEIGHT="71"
                          WIDTH="95"
                          VPOS="1372"
                          HPOS="1165"
                          CONTENT="no"
                          SUBS_TYPE="HypPart1"
                          SUBS_CONTENT="novissent."/>
                  <HYP CONTENT="-"/>
               </TextLine>
               <TextLine ID="r2l24"
                         BASELINE="1500"
                         HEIGHT="73"
                         WIDTH="947"
                         VPOS="1427"
                         HPOS="311">
                  <String HEIGHT="73"
                          WIDTH="210"
                          VPOS="1427"
                          HPOS="293"
                          CONTENT="vissent."
                          SUBS_TYPE="HypPart2"
                          SUBS_CONTENT="novissent."/>
                  <SP HEIGHT="73" WIDTH="18" VPOS="1427" HPOS="504"/>
                  <String HEIGHT="73"
                          WIDTH="228"
                          VPOS="1427"
                          HPOS="451"
                          CONTENT="Similiter"/>
                  <SP HEIGHT="73" WIDTH="18" VPOS="1427" HPOS="679"/>
                  <String HEIGHT="73"
                          WIDTH="193"
                          VPOS="1427"
                          HPOS="627"
                          CONTENT="videtur"/>
                  <SP HEIGHT="73" WIDTH="18" VPOS="1427" HPOS="820"/>
                  <String HEIGHT="73"
                          WIDTH="140"
                          VPOS="1427"
                          HPOS="767"
                          CONTENT="quod"/>
                  <SP HEIGHT="73" WIDTH="18" VPOS="1427" HPOS="907"/>
                  <String HEIGHT="73"
                          WIDTH="158"
                          VPOS="1427"
                          HPOS="855"
                          CONTENT="nullo"/>
                  <SP HEIGHT="73" WIDTH="18" VPOS="1427" HPOS="1012"/>
                  <String HEIGHT="73"
                          WIDTH="140"
                          VPOS="1427"
                          HPOS="960"
                          CONTENT="modo"/>
                  <SP HEIGHT="73" WIDTH="18" VPOS="1427" HPOS="1100"/>
                  <String HEIGHT="73"
                          WIDTH="158"
                          VPOS="1427"
                          HPOS="1048"
                          CONTENT="aliis"/>
                  <SP HEIGHT="73" WIDTH="18" VPOS="1427" HPOS="1205"/>
                  <String HEIGHT="73"
                          WIDTH="140"
                          VPOS="1427"
                          HPOS="1153"
                          CONTENT="fuit"/>
                  <SP HEIGHT="73" WIDTH="18" VPOS="1427" HPOS="1293"/>
                  <String HEIGHT="73" WIDTH="35" VPOS="1427" HPOS="1223" CONTENT=""/>
               </TextLine>
               <TextLine ID="r2l25"
                         BASELINE="1564"
                         HEIGHT="73"
                         WIDTH="949"
                         VPOS="1491"
                         HPOS="306">
                  <String HEIGHT="73"
                          WIDTH="201"
                          VPOS="1491"
                          HPOS="288"
                          CONTENT="occasio"/>
                  <SP HEIGHT="73" WIDTH="18" VPOS="1491" HPOS="489"/>
                  <String HEIGHT="73"
                          WIDTH="237"
                          VPOS="1491"
                          HPOS="434"
                          CONTENT="peccandi:"/>
                  <SP HEIGHT="73" WIDTH="18" VPOS="1491" HPOS="671"/>
                  <String HEIGHT="73"
                          WIDTH="146"
                          VPOS="1491"
                          HPOS="616"
                          CONTENT="quia"/>
                  <SP HEIGHT="73" WIDTH="18" VPOS="1491" HPOS="762"/>
                  <String HEIGHT="73"
                          WIDTH="146"
                          VPOS="1491"
                          HPOS="708"
                          CONTENT="tunc"/>
                  <SP HEIGHT="73" WIDTH="18" VPOS="1491" HPOS="854"/>
                  <String HEIGHT="73"
                          WIDTH="164"
                          VPOS="1491"
                          HPOS="799"
                          CONTENT="omnes"/>
                  <SP HEIGHT="73" WIDTH="18" VPOS="1491" HPOS="963"/>
                  <String HEIGHT="73"
                          WIDTH="146"
                          VPOS="1491"
                          HPOS="908"
                          CONTENT="alii"/>
                  <SP HEIGHT="73" WIDTH="18" VPOS="1491" HPOS="1054"/>
                  <String HEIGHT="73"
                          WIDTH="256"
                          VPOS="1491"
                          HPOS="1000"
                          CONTENT="peccassent"/>
                  <SP HEIGHT="73" WIDTH="18" VPOS="1491" HPOS="1255"/>
                  <String HEIGHT="73" WIDTH="73" VPOS="1491" HPOS="1182" CONTENT="er"/>
               </TextLine>
               <TextLine ID="r2l26"
                         BASELINE="1619"
                         HEIGHT="79"
                         WIDTH="947"
                         VPOS="1540"
                         HPOS="308">
                  <String HEIGHT="79"
                          WIDTH="338"
                          VPOS="1540"
                          HPOS="285"
                          CONTENT="tentatione."/>
                  <SP HEIGHT="79" WIDTH="23" VPOS="1540" HPOS="624"/>
                  <String HEIGHT="79"
                          WIDTH="203"
                          VPOS="1540"
                          HPOS="556"
                          CONTENT="Cuius"/>
                  <SP HEIGHT="79" WIDTH="23" VPOS="1540" HPOS="759"/>
                  <String HEIGHT="79"
                          WIDTH="293"
                          VPOS="1540"
                          HPOS="691"
                          CONTENT="oppositum"/>
                  <SP HEIGHT="79" WIDTH="23" VPOS="1540" HPOS="984"/>
                  <String HEIGHT="79"
                          WIDTH="203"
                          VPOS="1540"
                          HPOS="917"
                          CONTENT="dicit"/>
                  <SP HEIGHT="79" WIDTH="23" VPOS="1540" HPOS="1120"/>
                  <String HEIGHT="79"
                          WIDTH="203"
                          VPOS="1540"
                          HPOS="1052"
                          CONTENT="Augu."/>
                  <SP HEIGHT="79" WIDTH="23" VPOS="1540" HPOS="1255"/>
                  <String HEIGHT="79" WIDTH="90" VPOS="1540" HPOS="1165" CONTENT="in"/>
               </TextLine>
               <TextLine ID="r2l27"
                         BASELINE="1666"
                         HEIGHT="76"
                         WIDTH="960"
                         VPOS="1590"
                         HPOS="306">
                  <String HEIGHT="76"
                          WIDTH="246"
                          VPOS="1590"
                          HPOS="281"
                          CONTENT="Enchi."/>
                  <SP HEIGHT="76" WIDTH="25" VPOS="1590" HPOS="528"/>
                  <String HEIGHT="76"
                          WIDTH="246"
                          VPOS="1590"
                          HPOS="454"
                          CONTENT="Quinto"/>
                  <SP HEIGHT="76" WIDTH="25" VPOS="1590" HPOS="700"/>
                  <String HEIGHT="76"
                          WIDTH="197"
                          VPOS="1590"
                          HPOS="626"
                          CONTENT="sic."/>
                  <SP HEIGHT="76" WIDTH="25" VPOS="1590" HPOS="823"/>
                  <String HEIGHT="76" WIDTH="148" VPOS="1590" HPOS="749" CONTENT="si"/>
                  <SP HEIGHT="76" WIDTH="25" VPOS="1590" HPOS="897"/>
                  <String HEIGHT="76"
                          WIDTH="271"
                          VPOS="1590"
                          HPOS="823"
                          CONTENT="angelus"/>
                  <SP HEIGHT="76" WIDTH="25" VPOS="1590" HPOS="1094"/>
                  <String HEIGHT="76"
                          WIDTH="222"
                          VPOS="1590"
                          HPOS="1020"
                          CONTENT="malus"/>
                  <SP HEIGHT="76" WIDTH="25" VPOS="1590" HPOS="1241"/>
                  <String HEIGHT="76"
                          WIDTH="123"
                          VPOS="1590"
                          HPOS="1143"
                          CONTENT="pec"/>
               </TextLine>
               <TextLine ID="r2l28"
                         BASELINE="1719"
                         HEIGHT="65"
                         WIDTH="943"
                         VPOS="1654"
                         HPOS="309">
                  <String HEIGHT="65"
                          WIDTH="181"
                          VPOS="1654"
                          HPOS="289"
                          CONTENT="cavit"/>
                  <SP HEIGHT="65" WIDTH="20" VPOS="1654" HPOS="470"/>
                  <String HEIGHT="65"
                          WIDTH="161"
                          VPOS="1654"
                          HPOS="409"
                          CONTENT="male"/>
                  <SP HEIGHT="65" WIDTH="20" VPOS="1654" HPOS="570"/>
                  <String HEIGHT="65"
                          WIDTH="241"
                          VPOS="1654"
                          HPOS="510"
                          CONTENT="volendo:"/>
                  <SP HEIGHT="65" WIDTH="20" VPOS="1654" HPOS="750"/>
                  <String HEIGHT="65"
                          WIDTH="161"
                          VPOS="1654"
                          HPOS="690"
                          CONTENT="ergo"/>
                  <SP HEIGHT="65" WIDTH="20" VPOS="1654" HPOS="851"/>
                  <String HEIGHT="65"
                          WIDTH="140"
                          VPOS="1654"
                          HPOS="791"
                          CONTENT="cum"/>
                  <SP HEIGHT="65" WIDTH="20" VPOS="1654" HPOS="931"/>
                  <String HEIGHT="65" WIDTH="120" VPOS="1654" HPOS="871" CONTENT="in"/>
                  <SP HEIGHT="65" WIDTH="20" VPOS="1654" HPOS="991"/>
                  <String HEIGHT="65"
                          WIDTH="161"
                          VPOS="1654"
                          HPOS="931"
                          CONTENT="illa"/>
                  <SP HEIGHT="65" WIDTH="20" VPOS="1654" HPOS="1091"/>
                  <String HEIGHT="65"
                          WIDTH="161"
                          VPOS="1654"
                          HPOS="1031"
                          CONTENT="mala"/>
                  <SP HEIGHT="65" WIDTH="20" VPOS="1654" HPOS="1192"/>
                  <String HEIGHT="65"
                          WIDTH="140"
                          VPOS="1654"
                          HPOS="1112"
                          CONTENT="voli"
                          SUBS_TYPE="HypPart1"
                          SUBS_CONTENT="volitione"/>
                  <HYP CONTENT="-"/>
               </TextLine>
               <TextLine ID="r2l29"
                         BASELINE="1777"
                         HEIGHT="69"
                         WIDTH="962"
                         VPOS="1708"
                         HPOS="302">
                  <String HEIGHT="69"
                          WIDTH="184"
                          VPOS="1708"
                          HPOS="282"
                          CONTENT="tione"
                          SUBS_TYPE="HypPart2"
                          SUBS_CONTENT="volitione"/>
                  <SP HEIGHT="69" WIDTH="20" VPOS="1708" HPOS="466"/>
                  <String HEIGHT="69"
                          WIDTH="143"
                          VPOS="1708"
                          HPOS="404"
                          CONTENT="non"/>
                  <SP HEIGHT="69" WIDTH="20" VPOS="1708" HPOS="548"/>
                  <String HEIGHT="69"
                          WIDTH="205"
                          VPOS="1708"
                          HPOS="486"
                          CONTENT="fuerit"/>
                  <SP HEIGHT="69" WIDTH="20" VPOS="1708" HPOS="691"/>
                  <String HEIGHT="69"
                          WIDTH="246"
                          VPOS="1708"
                          HPOS="629"
                          CONTENT="creatus:"/>
                  <SP HEIGHT="69" WIDTH="20" VPOS="1708" HPOS="875"/>
                  <String HEIGHT="69"
                          WIDTH="184"
                          VPOS="1708"
                          HPOS="814"
                          CONTENT="mouit"/>
                  <SP HEIGHT="69" WIDTH="20" VPOS="1708" HPOS="998"/>
                  <String HEIGHT="69" WIDTH="123" VPOS="1708" HPOS="937" CONTENT="se"/>
                  <SP HEIGHT="69" WIDTH="20" VPOS="1708" HPOS="1059"/>
                  <String HEIGHT="69" WIDTH="123" VPOS="1708" HPOS="998" CONTENT="ad"/>
                  <SP HEIGHT="69" WIDTH="20" VPOS="1708" HPOS="1121"/>
                  <String HEIGHT="69"
                          WIDTH="143"
                          VPOS="1708"
                          HPOS="1059"
                          CONTENT="sic"/>
                  <SP HEIGHT="69" WIDTH="20" VPOS="1708" HPOS="1203"/>
                  <String HEIGHT="69"
                          WIDTH="143"
                          VPOS="1708"
                          HPOS="1121"
                          CONTENT="volen"/>
               </TextLine>
               <TextLine ID="r2l30"
                         BASELINE="1834"
                         HEIGHT="63"
                         WIDTH="958"
                         VPOS="1771"
                         HPOS="305">
                  <String HEIGHT="63"
                          WIDTH="145"
                          VPOS="1771"
                          HPOS="287"
                          CONTENT="dum:"/>
                  <SP HEIGHT="63" WIDTH="18" VPOS="1771" HPOS="432"/>
                  <String HEIGHT="63"
                          WIDTH="145"
                          VPOS="1771"
                          HPOS="377"
                          CONTENT="ergo"/>
                  <SP HEIGHT="63" WIDTH="18" VPOS="1771" HPOS="522"/>
                  <String HEIGHT="63"
                          WIDTH="217"
                          VPOS="1771"
                          HPOS="468"
                          CONTENT="antequam"/>
                  <SP HEIGHT="63" WIDTH="18" VPOS="1771" HPOS="685"/>
                  <String HEIGHT="63"
                          WIDTH="127"
                          VPOS="1771"
                          HPOS="630"
                          CONTENT="sic"/>
                  <SP HEIGHT="63" WIDTH="18" VPOS="1771" HPOS="757"/>
                  <String HEIGHT="63"
                          WIDTH="181"
                          VPOS="1771"
                          HPOS="703"
                          CONTENT="voluit"/>
                  <SP HEIGHT="63" WIDTH="18" VPOS="1771" HPOS="883"/>
                  <String HEIGHT="63" WIDTH="90" VPOS="1771" HPOS="829" CONTENT="/"/>
                  <SP HEIGHT="63" WIDTH="18" VPOS="1771" HPOS="920"/>
                  <String HEIGHT="63"
                          WIDTH="181"
                          VPOS="1771"
                          HPOS="865"
                          CONTENT="voluit"/>
                  <SP HEIGHT="63" WIDTH="18" VPOS="1771" HPOS="1046"/>
                  <String HEIGHT="63" WIDTH="108" VPOS="1771" HPOS="992" CONTENT="se"/>
                  <SP HEIGHT="63" WIDTH="18" VPOS="1771" HPOS="1100"/>
                  <String HEIGHT="63"
                          WIDTH="127"
                          VPOS="1771"
                          HPOS="1046"
                          CONTENT="ita"/>
                  <SP HEIGHT="63" WIDTH="18" VPOS="1771" HPOS="1173"/>
                  <String HEIGHT="63"
                          WIDTH="181"
                          VPOS="1771"
                          HPOS="1118"
                          CONTENT="velle."/>
                  <SP HEIGHT="63" WIDTH="18" VPOS="1771" HPOS="1299"/>
                  <String HEIGHT="63" WIDTH="36" VPOS="1771" HPOS="1227" CONTENT=""/>
               </TextLine>
               <TextLine ID="r2l31"
                         BASELINE="1894"
                         HEIGHT="80"
                         WIDTH="945"
                         VPOS="1814"
                         HPOS="306">
                  <String HEIGHT="80"
                          WIDTH="166"
                          VPOS="1814"
                          HPOS="289"
                          CONTENT="quaero"/>
                  <SP HEIGHT="80" WIDTH="17" VPOS="1814" HPOS="455"/>
                  <String HEIGHT="80"
                          WIDTH="133"
                          VPOS="1814"
                          HPOS="405"
                          CONTENT="tunc"/>
                  <SP HEIGHT="80" WIDTH="17" VPOS="1814" HPOS="538"/>
                  <String HEIGHT="80"
                          WIDTH="149"
                          VPOS="1814"
                          HPOS="488"
                          CONTENT="vtrum"/>
                  <SP HEIGHT="80" WIDTH="17" VPOS="1814" HPOS="638"/>
                  <String HEIGHT="80"
                          WIDTH="116"
                          VPOS="1814"
                          HPOS="588"
                          CONTENT="pre"/>
                  <SP HEIGHT="80" WIDTH="17" VPOS="1814" HPOS="704"/>
                  <String HEIGHT="80"
                          WIDTH="232"
                          VPOS="1814"
                          HPOS="654"
                          CONTENT="volitionem"/>
                  <SP HEIGHT="80" WIDTH="17" VPOS="1814" HPOS="886"/>
                  <String HEIGHT="80"
                          WIDTH="182"
                          VPOS="1814"
                          HPOS="837"
                          CONTENT="primam:"/>
                  <SP HEIGHT="80" WIDTH="17" VPOS="1814" HPOS="1019"/>
                  <String HEIGHT="80" WIDTH="99" VPOS="1814" HPOS="969" CONTENT="et"/>
                  <SP HEIGHT="80" WIDTH="17" VPOS="1814" HPOS="1069"/>
                  <String HEIGHT="80"
                          WIDTH="133"
                          VPOS="1814"
                          HPOS="1019"
                          CONTENT="tunc"/>
                  <SP HEIGHT="80" WIDTH="17" VPOS="1814" HPOS="1152"/>
                  <String HEIGHT="80"
                          WIDTH="116"
                          VPOS="1814"
                          HPOS="1102"
                          CONTENT="per"/>
                  <SP HEIGHT="80" WIDTH="17" VPOS="1814" HPOS="1218"/>
                  <String HEIGHT="80"
                          WIDTH="116"
                          VPOS="1814"
                          HPOS="1168"
                          CONTENT="pri"/>
                  <SP HEIGHT="80" WIDTH="17" VPOS="1814" HPOS="1284"/>
                  <String HEIGHT="80" WIDTH="33" VPOS="1814" HPOS="1218" CONTENT=""/>
               </TextLine>
               <TextLine ID="r2l32"
                         BASELINE="1939"
                         HEIGHT="63"
                         WIDTH="950"
                         VPOS="1876"
                         HPOS="309">
                  <String HEIGHT="63"
                          WIDTH="155"
                          VPOS="1876"
                          HPOS="287"
                          CONTENT="mam"/>
                  <SP HEIGHT="63" WIDTH="22" VPOS="1876" HPOS="442"/>
                  <String HEIGHT="63"
                          WIDTH="265"
                          VPOS="1876"
                          HPOS="375"
                          CONTENT="voltione"/>
                  <SP HEIGHT="63" WIDTH="22" VPOS="1876" HPOS="640"/>
                  <String HEIGHT="63"
                          WIDTH="155"
                          VPOS="1876"
                          HPOS="574"
                          CONTENT="qua"/>
                  <SP HEIGHT="63" WIDTH="22" VPOS="1876" HPOS="729"/>
                  <String HEIGHT="63" WIDTH="133" VPOS="1876" HPOS="662" CONTENT="se"/>
                  <SP HEIGHT="63" WIDTH="22" VPOS="1876" HPOS="795"/>
                  <String HEIGHT="63"
                          WIDTH="243"
                          VPOS="1876"
                          HPOS="729"
                          CONTENT="peccare"/>
                  <SP HEIGHT="63" WIDTH="22" VPOS="1876" HPOS="972"/>
                  <String HEIGHT="63"
                          WIDTH="243"
                          VPOS="1876"
                          HPOS="906"
                          CONTENT="voluit:"/>
                  <SP HEIGHT="63" WIDTH="22" VPOS="1876" HPOS="1149"/>
                  <String HEIGHT="63"
                          WIDTH="221"
                          VPOS="1876"
                          HPOS="1082"
                          CONTENT="voluit"/>
                  <SP HEIGHT="63" WIDTH="22" VPOS="1876" HPOS="1303"/>
                  <String HEIGHT="63" WIDTH="44" VPOS="1876" HPOS="1215" CONTENT=""/>
               </TextLine>
               <TextLine ID="r2l33"
                         BASELINE="1995"
                         HEIGHT="64"
                         WIDTH="935"
                         VPOS="1931"
                         HPOS="306">
                  <String HEIGHT="64"
                          WIDTH="261"
                          VPOS="1931"
                          HPOS="284"
                          CONTENT="peccare."/>
                  <SP HEIGHT="64" WIDTH="22" VPOS="1931" HPOS="545"/>
                  <String HEIGHT="64"
                          WIDTH="152"
                          VPOS="1931"
                          HPOS="480"
                          CONTENT="sed"/>
                  <SP HEIGHT="64" WIDTH="22" VPOS="1931" HPOS="632"/>
                  <String HEIGHT="64"
                          WIDTH="196"
                          VPOS="1931"
                          HPOS="567"
                          CONTENT="prima"/>
                  <SP HEIGHT="64" WIDTH="22" VPOS="1931" HPOS="763"/>
                  <String HEIGHT="64"
                          WIDTH="152"
                          VPOS="1931"
                          HPOS="697"
                          CONTENT="sua"/>
                  <SP HEIGHT="64" WIDTH="22" VPOS="1931" HPOS="850"/>
                  <String HEIGHT="64"
                          WIDTH="239"
                          VPOS="1931"
                          HPOS="784"
                          CONTENT="volitio"/>
                  <SP HEIGHT="64" WIDTH="22" VPOS="1931" HPOS="1024"/>
                  <String HEIGHT="64"
                          WIDTH="174"
                          VPOS="1931"
                          HPOS="958"
                          CONTENT="fuit"/>
                  <SP HEIGHT="64" WIDTH="22" VPOS="1931" HPOS="1132"/>
                  <String HEIGHT="64"
                          WIDTH="217"
                          VPOS="1931"
                          HPOS="1067"
                          CONTENT="natura"/>
                  <SP HEIGHT="64" WIDTH="22" VPOS="1931" HPOS="1284"/>
                  <String HEIGHT="64" WIDTH="43" VPOS="1931" HPOS="1198" CONTENT=""/>
               </TextLine>
               <TextLine ID="r2l34"
                         BASELINE="2060"
                         HEIGHT="76"
                         WIDTH="934"
                         VPOS="1984"
                         HPOS="315">
                  <String HEIGHT="76"
                          WIDTH="170"
                          VPOS="1984"
                          HPOS="294"
                          CONTENT="lis:"/>
                  <SP HEIGHT="76" WIDTH="21" VPOS="1984" HPOS="464"/>
                  <String HEIGHT="76"
                          WIDTH="170"
                          VPOS="1984"
                          HPOS="400"
                          CONTENT="ergo"/>
                  <SP HEIGHT="76" WIDTH="21" VPOS="1984" HPOS="570"/>
                  <String HEIGHT="76"
                          WIDTH="276"
                          VPOS="1984"
                          HPOS="506"
                          CONTENT="volitione"/>
                  <SP HEIGHT="76" WIDTH="21" VPOS="1984" HPOS="782"/>
                  <String HEIGHT="76"
                          WIDTH="255"
                          VPOS="1984"
                          HPOS="718"
                          CONTENT="naturali"/>
                  <SP HEIGHT="76" WIDTH="21" VPOS="1984" HPOS="973"/>
                  <String HEIGHT="76"
                          WIDTH="212"
                          VPOS="1984"
                          HPOS="909"
                          CONTENT="voluit"/>
                  <SP HEIGHT="76" WIDTH="21" VPOS="1984" HPOS="1122"/>
                  <String HEIGHT="76"
                          WIDTH="127"
                          VPOS="1984"
                          HPOS="1058"
                          CONTENT="se"/>
                  <SP HEIGHT="76" WIDTH="21" VPOS="1984" HPOS="1185"/>
                  <String HEIGHT="76"
                          WIDTH="149"
                          VPOS="1984"
                          HPOS="1100"
                          CONTENT="pecca"/>
               </TextLine>
               <TextLine ID="r2l35"
                         BASELINE="2107"
                         HEIGHT="63"
                         WIDTH="945"
                         VPOS="2044"
                         HPOS="308">
                  <String HEIGHT="63"
                          WIDTH="141"
                          VPOS="2044"
                          HPOS="288"
                          CONTENT="re:"/>
                  <SP HEIGHT="63" WIDTH="20" VPOS="2044" HPOS="429"/>
                  <String HEIGHT="63"
                          WIDTH="161"
                          VPOS="2044"
                          HPOS="368"
                          CONTENT="ergo"/>
                  <SP HEIGHT="63" WIDTH="20" VPOS="2044" HPOS="529"/>
                  <String HEIGHT="63"
                          WIDTH="221"
                          VPOS="2044"
                          HPOS="469"
                          CONTENT="volitio"/>
                  <SP HEIGHT="63" WIDTH="20" VPOS="2044" HPOS="690"/>
                  <String HEIGHT="63"
                          WIDTH="261"
                          VPOS="2044"
                          HPOS="630"
                          CONTENT="naturalis"/>
                  <SP HEIGHT="63" WIDTH="20" VPOS="2044" HPOS="891"/>
                  <String HEIGHT="63"
                          WIDTH="161"
                          VPOS="2044"
                          HPOS="831"
                          CONTENT="fuit"/>
                  <SP HEIGHT="63" WIDTH="20" VPOS="2044" HPOS="992"/>
                  <String HEIGHT="63"
                          WIDTH="181"
                          VPOS="2044"
                          HPOS="931"
                          CONTENT="mala."/>
                  <SP HEIGHT="63" WIDTH="20" VPOS="2044" HPOS="1112"/>
                  <String HEIGHT="63"
                          WIDTH="121"
                          VPOS="2044"
                          HPOS="1052"
                          CONTENT="Si"/>
                  <SP HEIGHT="63" WIDTH="20" VPOS="2044" HPOS="1173"/>
                  <String HEIGHT="63"
                          WIDTH="181"
                          VPOS="2044"
                          HPOS="1112"
                          CONTENT="mouit"/>
                  <SP HEIGHT="63" WIDTH="20" VPOS="2044" HPOS="1293"/>
                  <String HEIGHT="63" WIDTH="40" VPOS="2044" HPOS="1213" CONTENT=""/>
               </TextLine>
               <TextLine ID="r2l36"
                         BASELINE="2156"
                         HEIGHT="69"
                         WIDTH="936"
                         VPOS="2087"
                         HPOS="312">
                  <String HEIGHT="69" WIDTH="117" VPOS="2087" HPOS="293" CONTENT="se"/>
                  <SP HEIGHT="69" WIDTH="20" VPOS="2087" HPOS="410"/>
                  <String HEIGHT="69" WIDTH="117" VPOS="2087" HPOS="351" CONTENT="ad"/>
                  <SP HEIGHT="69" WIDTH="20" VPOS="2087" HPOS="468"/>
                  <String HEIGHT="69"
                          WIDTH="234"
                          VPOS="2087"
                          HPOS="410"
                          CONTENT="volendum"/>
                  <SP HEIGHT="69" WIDTH="20" VPOS="2087" HPOS="644"/>
                  <String HEIGHT="69"
                          WIDTH="254"
                          VPOS="2087"
                          HPOS="585"
                          CONTENT="volitione"/>
                  <SP HEIGHT="69" WIDTH="20" VPOS="2087" HPOS="839"/>
                  <String HEIGHT="69"
                          WIDTH="156"
                          VPOS="2087"
                          HPOS="780"
                          CONTENT="alia"/>
                  <SP HEIGHT="69" WIDTH="20" VPOS="2087" HPOS="936"/>
                  <String HEIGHT="69" WIDTH="98" VPOS="2087" HPOS="878" CONTENT="a"/>
                  <SP HEIGHT="69" WIDTH="20" VPOS="2087" HPOS="975"/>
                  <String HEIGHT="69"
                          WIDTH="215"
                          VPOS="2087"
                          HPOS="917"
                          CONTENT="primam:"/>
                  <SP HEIGHT="69" WIDTH="20" VPOS="2087" HPOS="1131"/>
                  <String HEIGHT="69"
                          WIDTH="117"
                          VPOS="2087"
                          HPOS="1073"
                          CONTENT="et"/>
                  <SP HEIGHT="69" WIDTH="20" VPOS="2087" HPOS="1190"/>
                  <String HEIGHT="69"
                          WIDTH="156"
                          VPOS="2087"
                          HPOS="1131"
                          CONTENT="illa"/>
                  <SP HEIGHT="69" WIDTH="20" VPOS="2087" HPOS="1287"/>
                  <String HEIGHT="69" WIDTH="39" VPOS="2087" HPOS="1209" CONTENT=""/>
               </TextLine>
               <TextLine ID="r2l37"
                         BASELINE="2211"
                         HEIGHT="71"
                         WIDTH="961"
                         VPOS="2140"
                         HPOS="300">
                  <String HEIGHT="71"
                          WIDTH="167"
                          VPOS="2140"
                          HPOS="279"
                          CONTENT="fuit"/>
                  <SP HEIGHT="71" WIDTH="21" VPOS="2140" HPOS="446"/>
                  <String HEIGHT="71"
                          WIDTH="188"
                          VPOS="2140"
                          HPOS="384"
                          CONTENT="mala:"/>
                  <SP HEIGHT="71" WIDTH="21" VPOS="2140" HPOS="572"/>
                  <String HEIGHT="71"
                          WIDTH="167"
                          VPOS="2140"
                          HPOS="509"
                          CONTENT="ergo"/>
                  <SP HEIGHT="71" WIDTH="21" VPOS="2140" HPOS="676"/>
                  <String HEIGHT="71"
                          WIDTH="188"
                          VPOS="2140"
                          HPOS="613"
                          CONTENT="mouit"/>
                  <SP HEIGHT="71" WIDTH="21" VPOS="2140" HPOS="801"/>
                  <String HEIGHT="71" WIDTH="125" VPOS="2140" HPOS="739" CONTENT="se"/>
                  <SP HEIGHT="71" WIDTH="21" VPOS="2140" HPOS="864"/>
                  <String HEIGHT="71" WIDTH="125" VPOS="2140" HPOS="801" CONTENT="ad"/>
                  <SP HEIGHT="71" WIDTH="21" VPOS="2140" HPOS="927"/>
                  <String HEIGHT="71"
                          WIDTH="188"
                          VPOS="2140"
                          HPOS="864"
                          CONTENT="illam"/>
                  <SP HEIGHT="71" WIDTH="21" VPOS="2140" HPOS="1052"/>
                  <String HEIGHT="71"
                          WIDTH="209"
                          VPOS="2140"
                          HPOS="989"
                          CONTENT="quadam"/>
                  <SP HEIGHT="71" WIDTH="21" VPOS="2140" HPOS="1198"/>
                  <String HEIGHT="71"
                          WIDTH="167"
                          VPOS="2140"
                          HPOS="1136"
                          CONTENT="alia"/>
                  <SP HEIGHT="71" WIDTH="21" VPOS="2140" HPOS="1303"/>
                  <String HEIGHT="71" WIDTH="42" VPOS="2140" HPOS="1219" CONTENT=""/>
               </TextLine>
               <TextLine ID="r2l38"
                         BASELINE="2266"
                         HEIGHT="62"
                         WIDTH="946"
                         VPOS="2204"
                         HPOS="305">
                  <String HEIGHT="62"
                          WIDTH="260"
                          VPOS="2204"
                          HPOS="286"
                          CONTENT="volitione."/>
                  <SP HEIGHT="62" WIDTH="19" VPOS="2204" HPOS="546"/>
                  <String HEIGHT="62" WIDTH="111" VPOS="2204" HPOS="490" CONTENT="et"/>
                  <SP HEIGHT="62" WIDTH="19" VPOS="2204" HPOS="602"/>
                  <String HEIGHT="62"
                          WIDTH="130"
                          VPOS="2204"
                          HPOS="546"
                          CONTENT="sic"/>
                  <SP HEIGHT="62" WIDTH="19" VPOS="2204" HPOS="676"/>
                  <String HEIGHT="62"
                          WIDTH="130"
                          VPOS="2204"
                          HPOS="620"
                          CONTENT="vel"/>
                  <SP HEIGHT="62" WIDTH="19" VPOS="2204" HPOS="750"/>
                  <String HEIGHT="62"
                          WIDTH="148"
                          VPOS="2204"
                          HPOS="695"
                          CONTENT="erit"/>
                  <SP HEIGHT="62" WIDTH="19" VPOS="2204" HPOS="843"/>
                  <String HEIGHT="62"
                          WIDTH="241"
                          VPOS="2204"
                          HPOS="787"
                          CONTENT="processus"/>
                  <SP HEIGHT="62" WIDTH="19" VPOS="2204" HPOS="1028"/>
                  <String HEIGHT="62" WIDTH="111" VPOS="2204" HPOS="973" CONTENT="in"/>
                  <SP HEIGHT="62" WIDTH="19" VPOS="2204" HPOS="1084"/>
                  <String HEIGHT="62"
                          WIDTH="260"
                          VPOS="2204"
                          HPOS="1028"
                          CONTENT="infinitum:"/>
                  <SP HEIGHT="62" WIDTH="19" VPOS="2204" HPOS="1288"/>
                  <String HEIGHT="62" WIDTH="37" VPOS="2204" HPOS="1214" CONTENT=""/>
               </TextLine>
               <TextLine ID="r2l39"
                         BASELINE="2324"
                         HEIGHT="65"
                         WIDTH="952"
                         VPOS="2259"
                         HPOS="309">
                  <String HEIGHT="65"
                          WIDTH="145"
                          VPOS="2259"
                          HPOS="288"
                          CONTENT="vel"/>
                  <SP HEIGHT="65" WIDTH="21" VPOS="2259" HPOS="433"/>
                  <String HEIGHT="65"
                          WIDTH="228"
                          VPOS="2259"
                          HPOS="371"
                          CONTENT="dabitur"/>
                  <SP HEIGHT="65" WIDTH="21" VPOS="2259" HPOS="599"/>
                  <String HEIGHT="65"
                          WIDTH="166"
                          VPOS="2259"
                          HPOS="537"
                          CONTENT="quod"/>
                  <SP HEIGHT="65" WIDTH="21" VPOS="2259" HPOS="702"/>
                  <String HEIGHT="65"
                          WIDTH="186"
                          VPOS="2259"
                          HPOS="640"
                          CONTENT="prima"/>
                  <SP HEIGHT="65" WIDTH="21" VPOS="2259" HPOS="826"/>
                  <String HEIGHT="65"
                          WIDTH="228"
                          VPOS="2259"
                          HPOS="764"
                          CONTENT="volitio"/>
                  <SP HEIGHT="65" WIDTH="21" VPOS="2259" HPOS="992"/>
                  <String HEIGHT="65"
                          WIDTH="269"
                          VPOS="2259"
                          HPOS="930"
                          CONTENT="naturalis"/>
                  <SP HEIGHT="65" WIDTH="21" VPOS="2259" HPOS="1199"/>
                  <String HEIGHT="65"
                          WIDTH="166"
                          VPOS="2259"
                          HPOS="1137"
                          CONTENT="fuit"/>
                  <SP HEIGHT="65" WIDTH="21" VPOS="2259" HPOS="1302"/>
                  <String HEIGHT="65" WIDTH="41" VPOS="2259" HPOS="1220" CONTENT=""/>
               </TextLine>
               <TextLine ID="r2l40"
                         BASELINE="2385"
                         HEIGHT="77"
                         WIDTH="958"
                         VPOS="2308"
                         HPOS="300">
                  <String HEIGHT="77"
                          WIDTH="172"
                          VPOS="2308"
                          HPOS="281"
                          CONTENT="mala."/>
                  <SP HEIGHT="77" WIDTH="19" VPOS="2308" HPOS="453"/>
                  <String HEIGHT="77"
                          WIDTH="287"
                          VPOS="2308"
                          HPOS="396"
                          CONTENT="Confirmatur"/>
                  <SP HEIGHT="77" WIDTH="19" VPOS="2308" HPOS="683"/>
                  <String HEIGHT="77"
                          WIDTH="153"
                          VPOS="2308"
                          HPOS="626"
                          CONTENT="ista"/>
                  <SP HEIGHT="77" WIDTH="19" VPOS="2308" HPOS="779"/>
                  <String HEIGHT="77"
                          WIDTH="172"
                          VPOS="2308"
                          HPOS="722"
                          CONTENT="ratio"/>
                  <SP HEIGHT="77" WIDTH="19" VPOS="2308" HPOS="894"/>
                  <String HEIGHT="77" WIDTH="115" VPOS="2308" HPOS="836" CONTENT="ex"/>
                  <SP HEIGHT="77" WIDTH="19" VPOS="2308" HPOS="951"/>
                  <String HEIGHT="77"
                          WIDTH="230"
                          VPOS="2308"
                          HPOS="894"
                          CONTENT="processu"/>
                  <SP HEIGHT="77" WIDTH="19" VPOS="2308" HPOS="1124"/>
                  <String HEIGHT="77"
                          WIDTH="230"
                          VPOS="2308"
                          HPOS="1066"
                          CONTENT="Anselmus"/>
                  <SP HEIGHT="77" WIDTH="19" VPOS="2308" HPOS="1296"/>
                  <String HEIGHT="77" WIDTH="38" VPOS="2308" HPOS="1220" CONTENT=""/>
               </TextLine>
               <TextLine ID="r2l41"
                         BASELINE="2443"
                         HEIGHT="80"
                         WIDTH="946"
                         VPOS="2363"
                         HPOS="309">
                  <String HEIGHT="80" WIDTH="105" VPOS="2363" HPOS="291" CONTENT="de"/>
                  <SP HEIGHT="80" WIDTH="18" VPOS="2363" HPOS="397"/>
                  <String HEIGHT="80"
                          WIDTH="140"
                          VPOS="2363"
                          HPOS="344"
                          CONTENT="casu"/>
                  <SP HEIGHT="80" WIDTH="18" VPOS="2363" HPOS="484"/>
                  <String HEIGHT="80"
                          WIDTH="193"
                          VPOS="2363"
                          HPOS="432"
                          CONTENT="diaboli"/>
                  <SP HEIGHT="80" WIDTH="18" VPOS="2363" HPOS="624"/>
                  <String HEIGHT="80"
                          WIDTH="210"
                          VPOS="2363"
                          HPOS="572"
                          CONTENT="capitulo"/>
                  <SP HEIGHT="80" WIDTH="18" VPOS="2363" HPOS="782"/>
                  <String HEIGHT="80"
                          WIDTH="123"
                          VPOS="2363"
                          HPOS="729"
                          CONTENT="xii"/>
                  <SP HEIGHT="80" WIDTH="18" VPOS="2363" HPOS="852"/>
                  <String HEIGHT="80"
                          WIDTH="123"
                          VPOS="2363"
                          HPOS="800"
                          CONTENT="ubi"/>
                  <SP HEIGHT="80" WIDTH="18" VPOS="2363" HPOS="922"/>
                  <String HEIGHT="80"
                          WIDTH="175"
                          VPOS="2363"
                          HPOS="870"
                          CONTENT="dicit."/>
                  <SP HEIGHT="80" WIDTH="18" VPOS="2363" HPOS="1045"/>
                  <String HEIGHT="80"
                          WIDTH="193"
                          VPOS="2363"
                          HPOS="992"
                          CONTENT="Necesse"/>
                  <SP HEIGHT="80" WIDTH="18" VPOS="2363" HPOS="1185"/>
                  <String HEIGHT="80"
                          WIDTH="123"
                          VPOS="2363"
                          HPOS="1132"
                          CONTENT="est"/>
                  <SP HEIGHT="80" WIDTH="18" VPOS="2363" HPOS="1255"/>
                  <String HEIGHT="80" WIDTH="70" VPOS="2363" HPOS="1185" CONTENT="fa"/>
               </TextLine>
               <TextLine ID="r2l42"
                         BASELINE="2490"
                         HEIGHT="63"
                         WIDTH="949"
                         VPOS="2427"
                         HPOS="299">
                  <String HEIGHT="63"
                          WIDTH="182"
                          VPOS="2427"
                          HPOS="279"
                          CONTENT="teri:"/>
                  <SP HEIGHT="63" WIDTH="20" VPOS="2427" HPOS="461"/>
                  <String HEIGHT="63"
                          WIDTH="162"
                          VPOS="2427"
                          HPOS="400"
                          CONTENT="quia"/>
                  <SP HEIGHT="63" WIDTH="20" VPOS="2427" HPOS="561"/>
                  <String HEIGHT="63"
                          WIDTH="182"
                          VPOS="2427"
                          HPOS="501"
                          CONTENT="nihil"/>
                  <SP HEIGHT="63" WIDTH="20" VPOS="2427" HPOS="683"/>
                  <String HEIGHT="63"
                          WIDTH="202"
                          VPOS="2427"
                          HPOS="622"
                          CONTENT="potest"/>
                  <SP HEIGHT="63" WIDTH="20" VPOS="2427" HPOS="824"/>
                  <String HEIGHT="63"
                          WIDTH="141"
                          VPOS="2427"
                          HPOS="763"
                          CONTENT="per"/>
                  <SP HEIGHT="63" WIDTH="20" VPOS="2427" HPOS="905"/>
                  <String HEIGHT="63" WIDTH="121" VPOS="2427" HPOS="844" CONTENT="se"/>
                  <SP HEIGHT="63" WIDTH="20" VPOS="2427" HPOS="965"/>
                  <String HEIGHT="63"
                          WIDTH="182"
                          VPOS="2427"
                          HPOS="905"
                          CONTENT="velle"/>
                  <SP HEIGHT="63" WIDTH="20" VPOS="2427" HPOS="1086"/>
                  <String HEIGHT="63"
                          WIDTH="141"
                          VPOS="2427"
                          HPOS="1026"
                          CONTENT="qui"/>
                  <SP HEIGHT="63" WIDTH="20" VPOS="2427" HPOS="1167"/>
                  <String HEIGHT="63"
                          WIDTH="182"
                          VPOS="2427"
                          HPOS="1107"
                          CONTENT="nihil"/>
                  <SP HEIGHT="63" WIDTH="20" VPOS="2427" HPOS="1288"/>
                  <String HEIGHT="63" WIDTH="40" VPOS="2427" HPOS="1208" CONTENT=""/>
               </TextLine>
               <TextLine ID="r2l43"
                         BASELINE="2547"
                         HEIGHT="62"
                         WIDTH="951"
                         VPOS="2485"
                         HPOS="294">
                  <String HEIGHT="62"
                          WIDTH="165"
                          VPOS="2485"
                          HPOS="276"
                          CONTENT="vult:"/>
                  <SP HEIGHT="62" WIDTH="18" VPOS="2485" HPOS="440"/>
                  <String HEIGHT="62" WIDTH="110" VPOS="2485" HPOS="385" CONTENT="et"/>
                  <SP HEIGHT="62" WIDTH="18" VPOS="2485" HPOS="495"/>
                  <String HEIGHT="62"
                          WIDTH="219"
                          VPOS="2485"
                          HPOS="440"
                          CONTENT="quicquid"/>
                  <SP HEIGHT="62" WIDTH="18" VPOS="2485" HPOS="660"/>
                  <String HEIGHT="62"
                          WIDTH="165"
                          VPOS="2485"
                          HPOS="605"
                          CONTENT="mouet"/>
                  <SP HEIGHT="62" WIDTH="18" VPOS="2485" HPOS="770"/>
                  <String HEIGHT="62" WIDTH="110" VPOS="2485" HPOS="715" CONTENT="se"/>
                  <SP HEIGHT="62" WIDTH="18" VPOS="2485" HPOS="824"/>
                  <String HEIGHT="62" WIDTH="110" VPOS="2485" HPOS="770" CONTENT="ad"/>
                  <SP HEIGHT="62" WIDTH="18" VPOS="2485" HPOS="879"/>
                  <String HEIGHT="62"
                          WIDTH="219"
                          VPOS="2485"
                          HPOS="824"
                          CONTENT="volendum"/>
                  <SP HEIGHT="62" WIDTH="18" VPOS="2485" HPOS="1044"/>
                  <String HEIGHT="62" WIDTH="91" VPOS="2485" HPOS="989" CONTENT="/"/>
                  <SP HEIGHT="62" WIDTH="18" VPOS="2485" HPOS="1080"/>
                  <String HEIGHT="62"
                          WIDTH="165"
                          VPOS="2485"
                          HPOS="1026"
                          CONTENT="prius"/>
                  <SP HEIGHT="62" WIDTH="18" VPOS="2485" HPOS="1190"/>
                  <String HEIGHT="62"
                          WIDTH="146"
                          VPOS="2485"
                          HPOS="1135"
                          CONTENT="vult"/>
                  <SP HEIGHT="62" WIDTH="18" VPOS="2485" HPOS="1282"/>
                  <String HEIGHT="62" WIDTH="37" VPOS="2485" HPOS="1208" CONTENT=""/>
               </TextLine>
               <TextLine ID="r2l44"
                         BASELINE="2597"
                         HEIGHT="60"
                         WIDTH="952"
                         VPOS="2537"
                         HPOS="301">
                  <String HEIGHT="60" WIDTH="133" VPOS="2537" HPOS="279" CONTENT="se"/>
                  <SP HEIGHT="60" WIDTH="22" VPOS="2537" HPOS="412"/>
                  <String HEIGHT="60"
                          WIDTH="155"
                          VPOS="2537"
                          HPOS="345"
                          CONTENT="ita"/>
                  <SP HEIGHT="60" WIDTH="22" VPOS="2537" HPOS="500"/>
                  <String HEIGHT="60"
                          WIDTH="244"
                          VPOS="2537"
                          HPOS="434"
                          CONTENT="mouere:"/>
                  <SP HEIGHT="60" WIDTH="22" VPOS="2537" HPOS="677"/>
                  <String HEIGHT="60"
                          WIDTH="177"
                          VPOS="2537"
                          HPOS="611"
                          CONTENT="ergo"/>
                  <SP HEIGHT="60" WIDTH="22" VPOS="2537" HPOS="788"/>
                  <String HEIGHT="60" WIDTH="133" VPOS="2537" HPOS="722" CONTENT="si"/>
                  <SP HEIGHT="60" WIDTH="22" VPOS="2537" HPOS="854"/>
                  <String HEIGHT="60"
                          WIDTH="199"
                          VPOS="2537"
                          HPOS="788"
                          CONTENT="malus"/>
                  <SP HEIGHT="60" WIDTH="22" VPOS="2537" HPOS="987"/>
                  <String HEIGHT="60"
                          WIDTH="244"
                          VPOS="2537"
                          HPOS="921"
                          CONTENT="angelus"/>
                  <SP HEIGHT="60" WIDTH="22" VPOS="2537" HPOS="1164"/>
                  <String HEIGHT="60"
                          WIDTH="199"
                          VPOS="2537"
                          HPOS="1098"
                          CONTENT="mouit"/>
                  <SP HEIGHT="60" WIDTH="22" VPOS="2537" HPOS="1297"/>
                  <String HEIGHT="60" WIDTH="44" VPOS="2537" HPOS="1209" CONTENT=""/>
               </TextLine>
               <TextLine ID="r2l45"
                         BASELINE="2667"
                         HEIGHT="72"
                         WIDTH="960"
                         VPOS="2595"
                         HPOS="290">
                  <String HEIGHT="72" WIDTH="140" VPOS="2595" HPOS="267" CONTENT="se"/>
                  <SP HEIGHT="72" WIDTH="23" VPOS="2595" HPOS="407"/>
                  <String HEIGHT="72" WIDTH="140" VPOS="2595" HPOS="337" CONTENT="ad"/>
                  <SP HEIGHT="72" WIDTH="23" VPOS="2595" HPOS="477"/>
                  <String HEIGHT="72"
                          WIDTH="187"
                          VPOS="2595"
                          HPOS="407"
                          CONTENT="male"/>
                  <SP HEIGHT="72" WIDTH="23" VPOS="2595" HPOS="594"/>
                  <String HEIGHT="72"
                          WIDTH="304"
                          VPOS="2595"
                          HPOS="524"
                          CONTENT="volendum:"/>
                  <SP HEIGHT="72" WIDTH="23" VPOS="2595" HPOS="829"/>
                  <String HEIGHT="72"
                          WIDTH="211"
                          VPOS="2595"
                          HPOS="758"
                          CONTENT="prius"/>
                  <SP HEIGHT="72" WIDTH="23" VPOS="2595" HPOS="969"/>
                  <String HEIGHT="72"
                          WIDTH="234"
                          VPOS="2595"
                          HPOS="899"
                          CONTENT="voluit"/>
                  <SP HEIGHT="72" WIDTH="23" VPOS="2595" HPOS="1133"/>
                  <String HEIGHT="72"
                          WIDTH="140"
                          VPOS="2595"
                          HPOS="1063"
                          CONTENT="se"/>
                  <SP HEIGHT="72" WIDTH="23" VPOS="2595" HPOS="1203"/>
                  <String HEIGHT="72"
                          WIDTH="140"
                          VPOS="2595"
                          HPOS="1110"
                          CONTENT="male"/>
               </TextLine>
               <TextLine ID="r2l46"
                         BASELINE="2716"
                         HEIGHT="75"
                         WIDTH="886"
                         VPOS="2641"
                         HPOS="312">
                  <String HEIGHT="75"
                          WIDTH="163"
                          VPOS="2641"
                          HPOS="294"
                          CONTENT="velle"/>
                  <SP HEIGHT="75" WIDTH="18" VPOS="2641" HPOS="457"/>
                  <String HEIGHT="75" WIDTH="90" VPOS="2641" HPOS="402" CONTENT="/"/>
                  <SP HEIGHT="75" WIDTH="18" VPOS="2641" HPOS="493"/>
                  <String HEIGHT="75"
                          WIDTH="145"
                          VPOS="2641"
                          HPOS="439"
                          CONTENT="quam"/>
                  <SP HEIGHT="75" WIDTH="18" VPOS="2641" HPOS="583"/>
                  <String HEIGHT="75"
                          WIDTH="145"
                          VPOS="2641"
                          HPOS="529"
                          CONTENT="male"/>
                  <SP HEIGHT="75" WIDTH="18" VPOS="2641" HPOS="674"/>
                  <String HEIGHT="75"
                          WIDTH="181"
                          VPOS="2641"
                          HPOS="619"
                          CONTENT="voluit"/>
                  <SP HEIGHT="75" WIDTH="18" VPOS="2641" HPOS="800"/>
                  <String HEIGHT="75" WIDTH="90" VPOS="2641" HPOS="746" CONTENT=":"/>
                  <SP HEIGHT="75" WIDTH="18" VPOS="2641" HPOS="836"/>
                  <String HEIGHT="75"
                          WIDTH="145"
                          VPOS="2641"
                          HPOS="782"
                          CONTENT="quod"/>
                  <SP HEIGHT="75" WIDTH="18" VPOS="2641" HPOS="927"/>
                  <String HEIGHT="75"
                          WIDTH="127"
                          VPOS="2641"
                          HPOS="873"
                          CONTENT="est"/>
                  <SP HEIGHT="75" WIDTH="18" VPOS="2641" HPOS="999"/>
                  <String HEIGHT="75"
                          WIDTH="289"
                          VPOS="2641"
                          HPOS="945"
                          CONTENT="impossibile."/>
                  <SP HEIGHT="75" WIDTH="18" VPOS="2641" HPOS="1234"/>
                  <String HEIGHT="75" WIDTH="36" VPOS="2641" HPOS="1162" CONTENT=""/>
               </TextLine>
               <TextLine ID="r2l47"
                         BASELINE="2771"
                         HEIGHT="62"
                         WIDTH="893"
                         VPOS="2709"
                         HPOS="357">
                  <String HEIGHT="62"
                          WIDTH="229"
                          VPOS="2709"
                          HPOS="334"
                          CONTENT="Sexto."/>
                  <SP HEIGHT="62" WIDTH="23" VPOS="2709" HPOS="563"/>
                  <String HEIGHT="62" WIDTH="137" VPOS="2709" HPOS="494" CONTENT="si"/>
                  <SP HEIGHT="62" WIDTH="23" VPOS="2709" HPOS="632"/>
                  <String HEIGHT="62"
                          WIDTH="252"
                          VPOS="2709"
                          HPOS="563"
                          CONTENT="angelus"/>
                  <SP HEIGHT="62" WIDTH="23" VPOS="2709" HPOS="815"/>
                  <String HEIGHT="62"
                          WIDTH="206"
                          VPOS="2709"
                          HPOS="746"
                          CONTENT="malus"/>
                  <SP HEIGHT="62" WIDTH="23" VPOS="2709" HPOS="952"/>
                  <String HEIGHT="62"
                          WIDTH="206"
                          VPOS="2709"
                          HPOS="884"
                          CONTENT="mouit"/>
                  <SP HEIGHT="62" WIDTH="23" VPOS="2709" HPOS="1090"/>
                  <String HEIGHT="62"
                          WIDTH="137"
                          VPOS="2709"
                          HPOS="1021"
                          CONTENT="se"/>
                  <SP HEIGHT="62" WIDTH="23" VPOS="2709" HPOS="1158"/>
                  <String HEIGHT="62"
                          WIDTH="137"
                          VPOS="2709"
                          HPOS="1090"
                          CONTENT="ad"/>
                  <SP HEIGHT="62" WIDTH="23" VPOS="2709" HPOS="1227"/>
                  <String HEIGHT="62"
                          WIDTH="114"
                          VPOS="2709"
                          HPOS="1136"
                          CONTENT="ma"
                          SUBS_TYPE="HypPart1"
                          SUBS_CONTENT="male"/>
                  <HYP CONTENT="-"/>
               </TextLine>
               <TextLine ID="r2l48"
                         BASELINE="2826"
                         HEIGHT="70"
                         WIDTH="943"
                         VPOS="2756"
                         HPOS="311">
                  <String HEIGHT="70"
                          WIDTH="111"
                          VPOS="2756"
                          HPOS="293"
                          CONTENT="le"
                          SUBS_TYPE="HypPart2"
                          SUBS_CONTENT="male"/>
                  <SP HEIGHT="70" WIDTH="18" VPOS="2756" HPOS="403"/>
                  <String HEIGHT="70"
                          WIDTH="240"
                          VPOS="2756"
                          HPOS="348"
                          CONTENT="volendum:"/>
                  <SP HEIGHT="70" WIDTH="18" VPOS="2756" HPOS="588"/>
                  <String HEIGHT="70"
                          WIDTH="148"
                          VPOS="2756"
                          HPOS="533"
                          CONTENT="ergo"/>
                  <SP HEIGHT="70" WIDTH="18" VPOS="2756" HPOS="681"/>
                  <String HEIGHT="70"
                          WIDTH="203"
                          VPOS="2756"
                          HPOS="625"
                          CONTENT="aliquam"/>
                  <SP HEIGHT="70" WIDTH="18" VPOS="2756" HPOS="829"/>
                  <String HEIGHT="70"
                          WIDTH="240"
                          VPOS="2756"
                          HPOS="773"
                          CONTENT="volitione"/>
                  <SP HEIGHT="70" WIDTH="18" VPOS="2756" HPOS="1014"/>
                  <String HEIGHT="70"
                          WIDTH="277"
                          VPOS="2756"
                          HPOS="958"
                          CONTENT="praecedente"/>
                  <SP HEIGHT="70" WIDTH="18" VPOS="2756" HPOS="1236"/>
                  <String HEIGHT="70"
                          WIDTH="92"
                          VPOS="2756"
                          HPOS="1162"
                          CONTENT="ma"
                          SUBS_TYPE="HypPart1"
                          SUBS_CONTENT="malitiam:"/>
                  <HYP CONTENT="-"/>
               </TextLine>
               <TextLine ID="r2l49"
                         BASELINE="2875"
                         HEIGHT="59"
                         WIDTH="933"
                         VPOS="2816"
                         HPOS="318">
                  <String HEIGHT="59"
                          WIDTH="190"
                          VPOS="2816"
                          HPOS="301"
                          CONTENT="litiam:"
                          SUBS_TYPE="HypPart2"
                          SUBS_CONTENT="malitiam:"/>
                  <SP HEIGHT="59" WIDTH="17" VPOS="2816" HPOS="491"/>
                  <String HEIGHT="59"
                          WIDTH="121"
                          VPOS="2816"
                          HPOS="439"
                          CONTENT="sed"/>
                  <SP HEIGHT="59" WIDTH="17" VPOS="2816" HPOS="560"/>
                  <String HEIGHT="59"
                          WIDTH="156"
                          VPOS="2816"
                          HPOS="508"
                          CONTENT="omnis"/>
                  <SP HEIGHT="59" WIDTH="17" VPOS="2816" HPOS="664"/>
                  <String HEIGHT="59"
                          WIDTH="190"
                          VPOS="2816"
                          HPOS="612"
                          CONTENT="volitio"/>
                  <SP HEIGHT="59" WIDTH="17" VPOS="2816" HPOS="802"/>
                  <String HEIGHT="59"
                          WIDTH="138"
                          VPOS="2816"
                          HPOS="750"
                          CONTENT="quae"/>
                  <SP HEIGHT="59" WIDTH="17" VPOS="2816" HPOS="888"/>
                  <String HEIGHT="59"
                          WIDTH="242"
                          VPOS="2816"
                          HPOS="836"
                          CONTENT="praecessit"/>
                  <SP HEIGHT="59" WIDTH="17" VPOS="2816" HPOS="1078"/>
                  <String HEIGHT="59"
                          WIDTH="207"
                          VPOS="2816"
                          HPOS="1026"
                          CONTENT="malitiam"/>
                  <SP HEIGHT="59" WIDTH="17" VPOS="2816" HPOS="1234"/>
                  <String HEIGHT="59"
                          WIDTH="104"
                          VPOS="2816"
                          HPOS="1182"
                          CONTENT="in"/>
                  <SP HEIGHT="59" WIDTH="17" VPOS="2816" HPOS="1286"/>
                  <String HEIGHT="59" WIDTH="35" VPOS="2816" HPOS="1216" CONTENT=""/>
               </TextLine>
               <TextLine ID="r2l50"
                         BASELINE="2938"
                         HEIGHT="62"
                         WIDTH="944"
                         VPOS="2876"
                         HPOS="311">
                  <String HEIGHT="62"
                          WIDTH="205"
                          VPOS="2876"
                          HPOS="290"
                          CONTENT="angelo"/>
                  <SP HEIGHT="62" WIDTH="21" VPOS="2876" HPOS="496"/>
                  <String HEIGHT="62"
                          WIDTH="164"
                          VPOS="2876"
                          HPOS="434"
                          CONTENT="fuit"/>
                  <SP HEIGHT="62" WIDTH="21" VPOS="2876" HPOS="598"/>
                  <String HEIGHT="62"
                          WIDTH="246"
                          VPOS="2876"
                          HPOS="537"
                          CONTENT="voluntas"/>
                  <SP HEIGHT="62" WIDTH="21" VPOS="2876" HPOS="783"/>
                  <String HEIGHT="62"
                          WIDTH="205"
                          VPOS="2876"
                          HPOS="721"
                          CONTENT="recta:"/>
                  <SP HEIGHT="62" WIDTH="21" VPOS="2876" HPOS="927"/>
                  <String HEIGHT="62"
                          WIDTH="164"
                          VPOS="2876"
                          HPOS="865"
                          CONTENT="ergo"/>
                  <SP HEIGHT="62" WIDTH="21" VPOS="2876" HPOS="1029"/>
                  <String HEIGHT="62"
                          WIDTH="144"
                          VPOS="2876"
                          HPOS="968"
                          CONTENT="per"/>
                  <SP HEIGHT="62" WIDTH="21" VPOS="2876" HPOS="1111"/>
                  <String HEIGHT="62"
                          WIDTH="246"
                          VPOS="2876"
                          HPOS="1050"
                          CONTENT="volunta-"/>
                  <SP HEIGHT="62" WIDTH="21" VPOS="2876" HPOS="1296"/>
                  <String HEIGHT="62" WIDTH="41" VPOS="2876" HPOS="1214" CONTENT=""/>
               </TextLine>
               <TextLine ID="r2l51"
                         BASELINE="2996"
                         HEIGHT="73"
                         WIDTH="948"
                         VPOS="2923"
                         HPOS="309">
                  <String HEIGHT="73"
                          WIDTH="144"
                          VPOS="2923"
                          HPOS="288"
                          CONTENT="tem"/>
                  <SP HEIGHT="73" WIDTH="21" VPOS="2923" HPOS="433"/>
                  <String HEIGHT="73"
                          WIDTH="206"
                          VPOS="2923"
                          HPOS="371"
                          CONTENT="rectam"/>
                  <SP HEIGHT="73" WIDTH="21" VPOS="2923" HPOS="577"/>
                  <String HEIGHT="73"
                          WIDTH="185"
                          VPOS="2923"
                          HPOS="515"
                          CONTENT="mouit"/>
                  <SP HEIGHT="73" WIDTH="21" VPOS="2923" HPOS="701"/>
                  <String HEIGHT="73" WIDTH="124" VPOS="2923" HPOS="639" CONTENT="se"/>
                  <SP HEIGHT="73" WIDTH="21" VPOS="2923" HPOS="762"/>
                  <String HEIGHT="73" WIDTH="124" VPOS="2923" HPOS="701" CONTENT="ad"/>
                  <SP HEIGHT="73" WIDTH="21" VPOS="2923" HPOS="824"/>
                  <String HEIGHT="73"
                          WIDTH="289"
                          VPOS="2923"
                          HPOS="762"
                          CONTENT="peccandum."/>
                  <SP HEIGHT="73" WIDTH="21" VPOS="2923" HPOS="1051"/>
                  <String HEIGHT="73"
                          WIDTH="309"
                          VPOS="2923"
                          HPOS="989"
                          CONTENT="Confirmatur"/>
                  <SP HEIGHT="73" WIDTH="21" VPOS="2923" HPOS="1298"/>
                  <String HEIGHT="73" WIDTH="41" VPOS="2923" HPOS="1216" CONTENT=""/>
               </TextLine>
               <TextLine ID="r2l52"
                         BASELINE="3055"
                         HEIGHT="75"
                         WIDTH="955"
                         VPOS="2980"
                         HPOS="296">
                  <String HEIGHT="75"
                          WIDTH="168"
                          VPOS="2980"
                          HPOS="279"
                          CONTENT="ratio:"/>
                  <SP HEIGHT="75" WIDTH="17" VPOS="2980" HPOS="447"/>
                  <String HEIGHT="75"
                          WIDTH="134"
                          VPOS="2980"
                          HPOS="397"
                          CONTENT="quia"/>
                  <SP HEIGHT="75" WIDTH="17" VPOS="2980" HPOS="531"/>
                  <String HEIGHT="75"
                          WIDTH="117"
                          VPOS="2980"
                          HPOS="480"
                          CONTENT="per"/>
                  <SP HEIGHT="75" WIDTH="17" VPOS="2980" HPOS="598"/>
                  <String HEIGHT="75"
                          WIDTH="201"
                          VPOS="2980"
                          HPOS="547"
                          CONTENT="Anselmum"/>
                  <SP HEIGHT="75" WIDTH="17" VPOS="2980" HPOS="748"/>
                  <String HEIGHT="75" WIDTH="101" VPOS="2980" HPOS="698" CONTENT="de"/>
                  <SP HEIGHT="75" WIDTH="17" VPOS="2980" HPOS="799"/>
                  <String HEIGHT="75"
                          WIDTH="134"
                          VPOS="2980"
                          HPOS="748"
                          CONTENT="casu"/>
                  <SP HEIGHT="75" WIDTH="17" VPOS="2980" HPOS="882"/>
                  <String HEIGHT="75"
                          WIDTH="184"
                          VPOS="2980"
                          HPOS="832"
                          CONTENT="diaboli"/>
                  <SP HEIGHT="75" WIDTH="17" VPOS="2980" HPOS="1016"/>
                  <String HEIGHT="75"
                          WIDTH="201"
                          VPOS="2980"
                          HPOS="966"
                          CONTENT="capitulo"/>
                  <SP HEIGHT="75" WIDTH="17" VPOS="2980" HPOS="1167"/>
                  <String HEIGHT="75"
                          WIDTH="117"
                          VPOS="2980"
                          HPOS="1117"
                          CONTENT="xv."/>
                  <SP HEIGHT="75" WIDTH="17" VPOS="2980" HPOS="1234"/>
                  <String HEIGHT="75"
                          WIDTH="84"
                          VPOS="2980"
                          HPOS="1167"
                          CONTENT="An"
                          SUBS_TYPE="HypPart1"
                          SUBS_CONTENT="Angelus"/>
                  <HYP CONTENT="-"/>
               </TextLine>
               <TextLine ID="r2l53"
                         BASELINE="3107"
                         HEIGHT="83"
                         WIDTH="958"
                         VPOS="3024"
                         HPOS="297">
                  <String HEIGHT="83"
                          WIDTH="180"
                          VPOS="3024"
                          HPOS="277"
                          CONTENT="gelus"
                          SUBS_TYPE="HypPart2"
                          SUBS_CONTENT="Angelus"/>
                  <SP HEIGHT="83" WIDTH="20" VPOS="3024" HPOS="457"/>
                  <String HEIGHT="83"
                          WIDTH="140"
                          VPOS="3024"
                          HPOS="397"
                          CONTENT="non"/>
                  <SP HEIGHT="83" WIDTH="20" VPOS="3024" HPOS="537"/>
                  <String HEIGHT="83"
                          WIDTH="220"
                          VPOS="3024"
                          HPOS="477"
                          CONTENT="fuisset"/>
                  <SP HEIGHT="83" WIDTH="20" VPOS="3024" HPOS="696"/>
                  <String HEIGHT="83"
                          WIDTH="220"
                          VPOS="3024"
                          HPOS="636"
                          CONTENT="debitor"/>
                  <SP HEIGHT="83" WIDTH="20" VPOS="3024" HPOS="856"/>
                  <String HEIGHT="83"
                          WIDTH="279"
                          VPOS="3024"
                          HPOS="796"
                          CONTENT="iustitiae:"/>
                  <SP HEIGHT="83" WIDTH="20" VPOS="3024" HPOS="1075"/>
                  <String HEIGHT="83"
                          WIDTH="160"
                          VPOS="3024"
                          HPOS="1016"
                          CONTENT="nisi"/>
                  <SP HEIGHT="83" WIDTH="20" VPOS="3024" HPOS="1175"/>
                  <String HEIGHT="83"
                          WIDTH="160"
                          VPOS="3024"
                          HPOS="1095"
                          CONTENT="iusti"
                          SUBS_TYPE="HypPart1"
                          SUBS_CONTENT="iustitiam"/>
                  <HYP CONTENT="-"/>
               </TextLine>
               <TextLine ID="r2l54"
                         BASELINE="3171"
                         HEIGHT="79"
                         WIDTH="942"
                         VPOS="3092"
                         HPOS="319">
                  <String HEIGHT="79"
                          WIDTH="164"
                          VPOS="3092"
                          HPOS="299"
                          CONTENT="tiam"
                          SUBS_TYPE="HypPart2"
                          SUBS_CONTENT="iustitiam"/>
                  <SP HEIGHT="79" WIDTH="20" VPOS="3092" HPOS="462"/>
                  <String HEIGHT="79" WIDTH="102" VPOS="3092" HPOS="401" CONTENT="a"/>
                  <SP HEIGHT="79" WIDTH="20" VPOS="3092" HPOS="503"/>
                  <String HEIGHT="79"
                          WIDTH="143"
                          VPOS="3092"
                          HPOS="442"
                          CONTENT="deo"/>
                  <SP HEIGHT="79" WIDTH="20" VPOS="3092" HPOS="585"/>
                  <String HEIGHT="79"
                          WIDTH="307"
                          VPOS="3092"
                          HPOS="524"
                          CONTENT="accepisset:"/>
                  <SP HEIGHT="79" WIDTH="20" VPOS="3092" HPOS="831"/>
                  <String HEIGHT="79"
                          WIDTH="164"
                          VPOS="3092"
                          HPOS="770"
                          CONTENT="ergo"/>
                  <SP HEIGHT="79" WIDTH="20" VPOS="3092" HPOS="933"/>
                  <String HEIGHT="79"
                          WIDTH="205"
                          VPOS="3092"
                          HPOS="872"
                          CONTENT="iuslam"/>
                  <SP HEIGHT="79" WIDTH="20" VPOS="3092" HPOS="1077"/>
                  <String HEIGHT="79"
                          WIDTH="287"
                          VPOS="3092"
                          HPOS="1015"
                          CONTENT="volitionem"/>
                  <SP HEIGHT="79" WIDTH="20" VPOS="3092" HPOS="1302"/>
                  <String HEIGHT="79" WIDTH="41" VPOS="3092" HPOS="1220" CONTENT=""/>
               </TextLine>
            </TextBlock>
            <TextBlock ID="r3" HEIGHT="3002" WIDTH="969" VPOS="187" HPOS="1302">
               <Shape>
                  <Polygon POINTS="1302,187 1302,3189 2271,3189 2271,187"/>
               </Shape>
               <TextLine ID="r3l2"
                         BASELINE="294"
                         HEIGHT="85"
                         WIDTH="957"
                         VPOS="209"
                         HPOS="1313">
                  <String HEIGHT="85"
                          WIDTH="251"
                          VPOS="209"
                          HPOS="1290"
                          CONTENT="accepit"/>
                  <SP HEIGHT="85" WIDTH="23" VPOS="209" HPOS="1541"/>
                  <String HEIGHT="85" WIDTH="114" VPOS="209" HPOS="1473" CONTENT="a"/>
                  <SP HEIGHT="85" WIDTH="23" VPOS="209" HPOS="1586"/>
                  <String HEIGHT="85"
                          WIDTH="182"
                          VPOS="209"
                          HPOS="1518"
                          CONTENT="deo:"/>
                  <SP HEIGHT="85" WIDTH="23" VPOS="209" HPOS="1700"/>
                  <String HEIGHT="85"
                          WIDTH="182"
                          VPOS="209"
                          HPOS="1632"
                          CONTENT="ergo"/>
                  <SP HEIGHT="85" WIDTH="23" VPOS="209" HPOS="1814"/>
                  <String HEIGHT="85"
                          WIDTH="205"
                          VPOS="209"
                          HPOS="1746"
                          CONTENT="omnis"/>
                  <SP HEIGHT="85" WIDTH="23" VPOS="209" HPOS="1951"/>
                  <String HEIGHT="85"
                          WIDTH="251"
                          VPOS="209"
                          HPOS="1883"
                          CONTENT="volitio"/>
                  <SP HEIGHT="85" WIDTH="23" VPOS="209" HPOS="2133"/>
                  <String HEIGHT="85"
                          WIDTH="182"
                          VPOS="209"
                          HPOS="2065"
                          CONTENT="ante"/>
                  <SP HEIGHT="85" WIDTH="23" VPOS="209" HPOS="2247"/>
                  <String HEIGHT="85"
                          WIDTH="114"
                          VPOS="209"
                          HPOS="2156"
                          CONTENT="pec"/>
               </TextLine>
               <TextLine ID="r3l3"
                         BASELINE="346"
                         HEIGHT="69"
                         WIDTH="958"
                         VPOS="277"
                         HPOS="1320">
                  <String HEIGHT="69"
                          WIDTH="183"
                          VPOS="277"
                          HPOS="1300"
                          CONTENT="catum"/>
                  <SP HEIGHT="69" WIDTH="20" VPOS="277" HPOS="1483"/>
                  <String HEIGHT="69"
                          WIDTH="163"
                          VPOS="277"
                          HPOS="1422"
                          CONTENT="fuit"/>
                  <SP HEIGHT="69" WIDTH="20" VPOS="277" HPOS="1585"/>
                  <String HEIGHT="69"
                          WIDTH="204"
                          VPOS="277"
                          HPOS="1524"
                          CONTENT="iusta:"/>
                  <SP HEIGHT="69" WIDTH="20" VPOS="277" HPOS="1728"/>
                  <String HEIGHT="69"
                          WIDTH="163"
                          VPOS="277"
                          HPOS="1667"
                          CONTENT="ergo"/>
                  <SP HEIGHT="69" WIDTH="20" VPOS="277" HPOS="1830"/>
                  <String HEIGHT="69" WIDTH="122" VPOS="277" HPOS="1768" CONTENT="si"/>
                  <SP HEIGHT="69" WIDTH="20" VPOS="277" HPOS="1891"/>
                  <String HEIGHT="69"
                          WIDTH="183"
                          VPOS="277"
                          HPOS="1830"
                          CONTENT="mouit"/>
                  <SP HEIGHT="69" WIDTH="20" VPOS="277" HPOS="2013"/>
                  <String HEIGHT="69" WIDTH="122" VPOS="277" HPOS="1952" CONTENT="se"/>
                  <SP HEIGHT="69" WIDTH="20" VPOS="277" HPOS="2074"/>
                  <String HEIGHT="69"
                          WIDTH="143"
                          VPOS="277"
                          HPOS="2013"
                          CONTENT="per"/>
                  <SP HEIGHT="69" WIDTH="20" VPOS="277" HPOS="2156"/>
                  <String HEIGHT="69"
                          WIDTH="204"
                          VPOS="277"
                          HPOS="2074"
                          CONTENT="volitio"
                          SUBS_TYPE="HypPart1"
                          SUBS_CONTENT="volitionem"/>
                  <HYP CONTENT="-"/>
               </TextLine>
               <TextLine ID="r3l4"
                         BASELINE="395"
                         HEIGHT="71"
                         WIDTH="941"
                         VPOS="324"
                         HPOS="1319">
                  <String HEIGHT="71"
                          WIDTH="150"
                          VPOS="324"
                          HPOS="1298"
                          CONTENT="nem"
                          SUBS_TYPE="HypPart2"
                          SUBS_CONTENT="volitionem"/>
                  <SP HEIGHT="71" WIDTH="21" VPOS="324" HPOS="1447"/>
                  <String HEIGHT="71" WIDTH="128" VPOS="324" HPOS="1383" CONTENT="ad"/>
                  <SP HEIGHT="71" WIDTH="21" VPOS="324" HPOS="1511"/>
                  <String HEIGHT="71"
                          WIDTH="192"
                          VPOS="324"
                          HPOS="1447"
                          CONTENT="malam"/>
                  <SP HEIGHT="71" WIDTH="21" VPOS="324" HPOS="1640"/>
                  <String HEIGHT="71"
                          WIDTH="299"
                          VPOS="324"
                          HPOS="1576"
                          CONTENT="voluntatem"/>
                  <SP HEIGHT="71" WIDTH="21" VPOS="324" HPOS="1875"/>
                  <String HEIGHT="71"
                          WIDTH="150"
                          VPOS="324"
                          HPOS="1811"
                          CONTENT="seu"/>
                  <SP HEIGHT="71" WIDTH="21" VPOS="324" HPOS="1961"/>
                  <String HEIGHT="71" WIDTH="128" VPOS="324" HPOS="1896" CONTENT="ad"/>
                  <SP HEIGHT="71" WIDTH="21" VPOS="324" HPOS="2025"/>
                  <String HEIGHT="71"
                          WIDTH="278"
                          VPOS="324"
                          HPOS="1961"
                          CONTENT="malitiam:"/>
                  <SP HEIGHT="71" WIDTH="21" VPOS="324" HPOS="2239"/>
                  <String HEIGHT="71"
                          WIDTH="107"
                          VPOS="324"
                          HPOS="2153"
                          CONTENT="opr"/>
               </TextLine>
               <TextLine ID="r3l5"
                         BASELINE="443"
                         HEIGHT="71"
                         WIDTH="947"
                         VPOS="372"
                         HPOS="1320">
                  <String HEIGHT="71"
                          WIDTH="274"
                          VPOS="372"
                          HPOS="1299"
                          CONTENT="imaginari"/>
                  <SP HEIGHT="71" WIDTH="21" VPOS="372" HPOS="1573"/>
                  <String HEIGHT="71"
                          WIDTH="168"
                          VPOS="372"
                          HPOS="1509"
                          CONTENT="quod"/>
                  <SP HEIGHT="71" WIDTH="21" VPOS="372" HPOS="1678"/>
                  <String HEIGHT="71"
                          WIDTH="147"
                          VPOS="372"
                          HPOS="1615"
                          CONTENT="per"/>
                  <SP HEIGHT="71" WIDTH="21" VPOS="372" HPOS="1762"/>
                  <String HEIGHT="71"
                          WIDTH="210"
                          VPOS="372"
                          HPOS="1699"
                          CONTENT="iustam"/>
                  <SP HEIGHT="71" WIDTH="21" VPOS="372" HPOS="1909"/>
                  <String HEIGHT="71"
                          WIDTH="295"
                          VPOS="372"
                          HPOS="1846"
                          CONTENT="volitionem"/>
                  <SP HEIGHT="71" WIDTH="21" VPOS="372" HPOS="2141"/>
                  <String HEIGHT="71"
                          WIDTH="189"
                          VPOS="372"
                          HPOS="2078"
                          CONTENT="mouit"/>
                  <SP HEIGHT="71" WIDTH="21" VPOS="372" HPOS="2267"/>
                  <String HEIGHT="71" WIDTH="84" VPOS="372" HPOS="2183" CONTENT="se"/>
               </TextLine>
               <TextLine ID="r3l6"
                         BASELINE="498"
                         HEIGHT="62"
                         WIDTH="946"
                         VPOS="436"
                         HPOS="1316">
                  <String HEIGHT="62" WIDTH="118" VPOS="436" HPOS="1296" CONTENT="ad"/>
                  <SP HEIGHT="62" WIDTH="20" VPOS="436" HPOS="1415"/>
                  <String HEIGHT="62"
                          WIDTH="237"
                          VPOS="436"
                          HPOS="1355"
                          CONTENT="volendum"/>
                  <SP HEIGHT="62" WIDTH="20" VPOS="436" HPOS="1592"/>
                  <String HEIGHT="62"
                          WIDTH="237"
                          VPOS="436"
                          HPOS="1533"
                          CONTENT="iniuste:"/>
                  <SP HEIGHT="62" WIDTH="20" VPOS="436" HPOS="1769"/>
                  <String HEIGHT="62"
                          WIDTH="158"
                          VPOS="436"
                          HPOS="1710"
                          CONTENT="quod"/>
                  <SP HEIGHT="62" WIDTH="20" VPOS="436" HPOS="1868"/>
                  <String HEIGHT="62"
                          WIDTH="138"
                          VPOS="436"
                          HPOS="1809"
                          CONTENT="est"/>
                  <SP HEIGHT="62" WIDTH="20" VPOS="436" HPOS="1947"/>
                  <String HEIGHT="62"
                          WIDTH="315"
                          VPOS="436"
                          HPOS="1888"
                          CONTENT="impossibile."/>
                  <SP HEIGHT="62" WIDTH="20" VPOS="436" HPOS="2203"/>
                  <String HEIGHT="62"
                          WIDTH="158"
                          VPOS="436"
                          HPOS="2144"
                          CONTENT="ergo"/>
                  <SP HEIGHT="62" WIDTH="20" VPOS="436" HPOS="2301"/>
                  <String HEIGHT="62" WIDTH="39" VPOS="436" HPOS="2223" CONTENT=""/>
               </TextLine>
               <TextLine ID="r3l7"
                         BASELINE="562"
                         HEIGHT="67"
                         WIDTH="950"
                         VPOS="495"
                         HPOS="1311">
                  <String HEIGHT="67"
                          WIDTH="171"
                          VPOS="495"
                          HPOS="1287"
                          CONTENT="etc"/>
                  <SP HEIGHT="67" WIDTH="24" VPOS="495" HPOS="1457"/>
                  <String HEIGHT="67"
                          WIDTH="268"
                          VPOS="495"
                          HPOS="1384"
                          CONTENT="Septimo"/>
                  <SP HEIGHT="67" WIDTH="24" VPOS="495" HPOS="1652"/>
                  <String HEIGHT="67" WIDTH="146" VPOS="495" HPOS="1579" CONTENT="si"/>
                  <SP HEIGHT="67" WIDTH="24" VPOS="495" HPOS="1725"/>
                  <String HEIGHT="67"
                          WIDTH="268"
                          VPOS="495"
                          HPOS="1652"
                          CONTENT="angelus"/>
                  <SP HEIGHT="67" WIDTH="24" VPOS="495" HPOS="1920"/>
                  <String HEIGHT="67"
                          WIDTH="292"
                          VPOS="495"
                          HPOS="1847"
                          CONTENT="peccauit"/>
                  <SP HEIGHT="67" WIDTH="24" VPOS="495" HPOS="2139"/>
                  <String HEIGHT="67"
                          WIDTH="244"
                          VPOS="495"
                          HPOS="2066"
                          CONTENT="quaero"/>
                  <SP HEIGHT="67" WIDTH="24" VPOS="495" HPOS="2310"/>
                  <String HEIGHT="67" WIDTH="49" VPOS="495" HPOS="2212" CONTENT=""/>
               </TextLine>
               <TextLine ID="r3l8"
                         BASELINE="624"
                         HEIGHT="75"
                         WIDTH="949"
                         VPOS="549"
                         HPOS="1317">
                  <String HEIGHT="75"
                          WIDTH="186"
                          VPOS="549"
                          HPOS="1296"
                          CONTENT="utrum"/>
                  <SP HEIGHT="75" WIDTH="21" VPOS="549" HPOS="1482"/>
                  <String HEIGHT="75"
                          WIDTH="289"
                          VPOS="549"
                          HPOS="1420"
                          CONTENT="praescivit"/>
                  <SP HEIGHT="75" WIDTH="21" VPOS="549" HPOS="1709"/>
                  <String HEIGHT="75" WIDTH="124" VPOS="549" HPOS="1647" CONTENT="se"/>
                  <SP HEIGHT="75" WIDTH="21" VPOS="549" HPOS="1771"/>
                  <String HEIGHT="75"
                          WIDTH="330"
                          VPOS="549"
                          HPOS="1709"
                          CONTENT="aeternaliter"/>
                  <SP HEIGHT="75" WIDTH="21" VPOS="549" HPOS="2039"/>
                  <String HEIGHT="75"
                          WIDTH="206"
                          VPOS="549"
                          HPOS="1977"
                          CONTENT="debere"/>
                  <SP HEIGHT="75" WIDTH="21" VPOS="549" HPOS="2183"/>
                  <String HEIGHT="75"
                          WIDTH="165"
                          VPOS="549"
                          HPOS="2101"
                          CONTENT="puniri"/>
               </TextLine>
               <TextLine ID="r3l9"
                         BASELINE="667"
                         HEIGHT="63"
                         WIDTH="936"
                         VPOS="604"
                         HPOS="1317">
                  <String HEIGHT="63"
                          WIDTH="134"
                          VPOS="604"
                          HPOS="1298"
                          CONTENT="pro"/>
                  <SP HEIGHT="63" WIDTH="19" VPOS="604" HPOS="1432"/>
                  <String HEIGHT="63"
                          WIDTH="229"
                          VPOS="604"
                          HPOS="1374"
                          CONTENT="peccato:"/>
                  <SP HEIGHT="63" WIDTH="19" VPOS="604" HPOS="1604"/>
                  <String HEIGHT="63" WIDTH="115" VPOS="604" HPOS="1546" CONTENT="an"/>
                  <SP HEIGHT="63" WIDTH="19" VPOS="604" HPOS="1661"/>
                  <String HEIGHT="63"
                          WIDTH="134"
                          VPOS="604"
                          HPOS="1604"
                          CONTENT="non"/>
                  <SP HEIGHT="63" WIDTH="19" VPOS="604" HPOS="1737"/>
                  <String HEIGHT="63"
                          WIDTH="287"
                          VPOS="604"
                          HPOS="1680"
                          CONTENT="praescivit:"/>
                  <SP HEIGHT="63" WIDTH="19" VPOS="604" HPOS="1966"/>
                  <String HEIGHT="63" WIDTH="115" VPOS="604" HPOS="1909" CONTENT="si"/>
                  <SP HEIGHT="63" WIDTH="19" VPOS="604" HPOS="2024"/>
                  <String HEIGHT="63"
                          WIDTH="287"
                          VPOS="604"
                          HPOS="1966"
                          CONTENT="praescivit:"/>
                  <SP HEIGHT="63" WIDTH="19" VPOS="604" HPOS="2253"/>
                  <String HEIGHT="63" WIDTH="76" VPOS="604" HPOS="2177" CONTENT="et"/>
               </TextLine>
               <TextLine ID="r3l10"
                         BASELINE="716"
                         HEIGHT="54"
                         WIDTH="954"
                         VPOS="662"
                         HPOS="1311">
                  <String HEIGHT="54" WIDTH="124" VPOS="662" HPOS="1290" CONTENT="go"/>
                  <SP HEIGHT="54" WIDTH="21" VPOS="662" HPOS="1415"/>
                  <String HEIGHT="54"
                          WIDTH="145"
                          VPOS="662"
                          HPOS="1352"
                          CONTENT="sic"/>
                  <SP HEIGHT="54" WIDTH="21" VPOS="662" HPOS="1498"/>
                  <String HEIGHT="54"
                          WIDTH="228"
                          VPOS="662"
                          HPOS="1435"
                          CONTENT="peccare"/>
                  <SP HEIGHT="54" WIDTH="21" VPOS="662" HPOS="1664"/>
                  <String HEIGHT="54"
                          WIDTH="145"
                          VPOS="662"
                          HPOS="1601"
                          CONTENT="non"/>
                  <SP HEIGHT="54" WIDTH="21" VPOS="662" HPOS="1747"/>
                  <String HEIGHT="54"
                          WIDTH="228"
                          VPOS="662"
                          HPOS="1684"
                          CONTENT="potuit:"/>
                  <SP HEIGHT="54" WIDTH="21" VPOS="662" HPOS="1912"/>
                  <String HEIGHT="54"
                          WIDTH="166"
                          VPOS="662"
                          HPOS="1850"
                          CONTENT="quia"/>
                  <SP HEIGHT="54" WIDTH="21" VPOS="662" HPOS="2016"/>
                  <String HEIGHT="54"
                          WIDTH="145"
                          VPOS="662"
                          HPOS="1954"
                          CONTENT="non"/>
                  <SP HEIGHT="54" WIDTH="21" VPOS="662" HPOS="2099"/>
                  <String HEIGHT="54"
                          WIDTH="207"
                          VPOS="662"
                          HPOS="2037"
                          CONTENT="potuit"/>
                  <SP HEIGHT="54" WIDTH="21" VPOS="662" HPOS="2244"/>
                  <String HEIGHT="54"
                          WIDTH="104"
                          VPOS="662"
                          HPOS="2161"
                          CONTENT="vel"/>
               </TextLine>
               <TextLine ID="r3l11"
                         BASELINE="778"
                         HEIGHT="66"
                         WIDTH="952"
                         VPOS="712"
                         HPOS="1307">
                  <String HEIGHT="66" WIDTH="104" VPOS="712" HPOS="1290" CONTENT="le"/>
                  <SP HEIGHT="66" WIDTH="17" VPOS="712" HPOS="1394"/>
                  <String HEIGHT="66"
                          WIDTH="138"
                          VPOS="712"
                          HPOS="1342"
                          CONTENT="vnde"/>
                  <SP HEIGHT="66" WIDTH="17" VPOS="712" HPOS="1480"/>
                  <String HEIGHT="66"
                          WIDTH="156"
                          VPOS="712"
                          HPOS="1428"
                          CONTENT="miser"/>
                  <SP HEIGHT="66" WIDTH="17" VPOS="712" HPOS="1584"/>
                  <String HEIGHT="66"
                          WIDTH="173"
                          VPOS="712"
                          HPOS="1532"
                          CONTENT="esset."/>
                  <SP HEIGHT="66" WIDTH="17" VPOS="712" HPOS="1705"/>
                  <String HEIGHT="66"
                          WIDTH="156"
                          VPOS="712"
                          HPOS="1653"
                          CONTENT="sicut"/>
                  <SP HEIGHT="66" WIDTH="17" VPOS="712" HPOS="1809"/>
                  <String HEIGHT="66"
                          WIDTH="156"
                          VPOS="712"
                          HPOS="1757"
                          CONTENT="patet"/>
                  <SP HEIGHT="66" WIDTH="17" VPOS="712" HPOS="1913"/>
                  <String HEIGHT="66"
                          WIDTH="121"
                          VPOS="712"
                          HPOS="1861"
                          CONTENT="per"/>
                  <SP HEIGHT="66" WIDTH="17" VPOS="712" HPOS="1982"/>
                  <String HEIGHT="66"
                          WIDTH="208"
                          VPOS="712"
                          HPOS="1930"
                          CONTENT="Anselmus"/>
                  <SP HEIGHT="66" WIDTH="17" VPOS="712" HPOS="2138"/>
                  <String HEIGHT="66"
                          WIDTH="121"
                          VPOS="712"
                          HPOS="2086"
                          CONTENT="vbi"/>
                  <SP HEIGHT="66" WIDTH="17" VPOS="712" HPOS="2207"/>
                  <String HEIGHT="66"
                          WIDTH="138"
                          VPOS="712"
                          HPOS="2155"
                          CONTENT="ergt"/>
                  <SP HEIGHT="66" WIDTH="17" VPOS="712" HPOS="2294"/>
                  <String HEIGHT="66" WIDTH="35" VPOS="712" HPOS="2224" CONTENT=""/>
               </TextLine>
               <TextLine ID="r3l12"
                         BASELINE="835"
                         HEIGHT="63"
                         WIDTH="948"
                         VPOS="772"
                         HPOS="1320">
                  <String HEIGHT="63"
                          WIDTH="130"
                          VPOS="772"
                          HPOS="1301"
                          CONTENT="it."/>
                  <SP HEIGHT="63" WIDTH="19" VPOS="772" HPOS="1432"/>
                  <String HEIGHT="63"
                          WIDTH="149"
                          VPOS="772"
                          HPOS="1376"
                          CONTENT="xii."/>
                  <SP HEIGHT="63" WIDTH="19" VPOS="772" HPOS="1524"/>
                  <String HEIGHT="63" WIDTH="112" VPOS="772" HPOS="1469" CONTENT="Si"/>
                  <SP HEIGHT="63" WIDTH="19" VPOS="772" HPOS="1580"/>
                  <String HEIGHT="63"
                          WIDTH="130"
                          VPOS="772"
                          HPOS="1524"
                          CONTENT="non"/>
                  <SP HEIGHT="63" WIDTH="19" VPOS="772" HPOS="1655"/>
                  <String HEIGHT="63"
                          WIDTH="260"
                          VPOS="772"
                          HPOS="1599"
                          CONTENT="praescivit"/>
                  <SP HEIGHT="63" WIDTH="19" VPOS="772" HPOS="1859"/>
                  <String HEIGHT="63"
                          WIDTH="149"
                          VPOS="772"
                          HPOS="1803"
                          CONTENT="hoc."/>
                  <SP HEIGHT="63" WIDTH="19" VPOS="772" HPOS="1952"/>
                  <String HEIGHT="63"
                          WIDTH="204"
                          VPOS="772"
                          HPOS="1896"
                          CONTENT="Contra."/>
                  <SP HEIGHT="63" WIDTH="19" VPOS="772" HPOS="2101"/>
                  <String HEIGHT="63"
                          WIDTH="260"
                          VPOS="772"
                          HPOS="2045"
                          CONTENT="praescivit"/>
                  <SP HEIGHT="63" WIDTH="19" VPOS="772" HPOS="2305"/>
                  <String HEIGHT="63" WIDTH="37" VPOS="772" HPOS="2231" CONTENT=""/>
               </TextLine>
               <TextLine ID="r3l13"
                         BASELINE="901"
                         HEIGHT="69"
                         WIDTH="950"
                         VPOS="832"
                         HPOS="1316">
                  <String HEIGHT="69"
                          WIDTH="152"
                          VPOS="832"
                          HPOS="1297"
                          CONTENT="quod"/>
                  <SP HEIGHT="69" WIDTH="19" VPOS="832" HPOS="1449"/>
                  <String HEIGHT="69" WIDTH="114" VPOS="832" HPOS="1392" CONTENT="si"/>
                  <SP HEIGHT="69" WIDTH="19" VPOS="832" HPOS="1506"/>
                  <String HEIGHT="69"
                          WIDTH="228"
                          VPOS="832"
                          HPOS="1449"
                          CONTENT="peccaret"/>
                  <SP HEIGHT="69" WIDTH="19" VPOS="832" HPOS="1677"/>
                  <String HEIGHT="69"
                          WIDTH="266"
                          VPOS="832"
                          HPOS="1620"
                          CONTENT="nuniretur:"/>
                  <SP HEIGHT="69" WIDTH="19" VPOS="832" HPOS="1886"/>
                  <String HEIGHT="69"
                          WIDTH="171"
                          VPOS="832"
                          HPOS="1829"
                          CONTENT="sicut"/>
                  <SP HEIGHT="69" WIDTH="19" VPOS="832" HPOS="2000"/>
                  <String HEIGHT="69"
                          WIDTH="171"
                          VPOS="832"
                          HPOS="1943"
                          CONTENT="patet"/>
                  <SP HEIGHT="69" WIDTH="19" VPOS="832" HPOS="2114"/>
                  <String HEIGHT="69"
                          WIDTH="133"
                          VPOS="832"
                          HPOS="2057"
                          CONTENT="per"/>
                  <SP HEIGHT="69" WIDTH="19" VPOS="832" HPOS="2190"/>
                  <String HEIGHT="69"
                          WIDTH="152"
                          VPOS="832"
                          HPOS="2114"
                          CONTENT="Ansel"
                          SUBS_TYPE="HypPart1"
                          SUBS_CONTENT="Anseleodem"/>
                  <HYP CONTENT="-"/>
               </TextLine>
               <TextLine ID="r3l14"
                         BASELINE="955"
                         HEIGHT="66"
                         WIDTH="942"
                         VPOS="889"
                         HPOS="1326">
                  <String HEIGHT="66"
                          WIDTH="173"
                          VPOS="889"
                          HPOS="1307"
                          CONTENT="eodem"
                          SUBS_TYPE="HypPart2"
                          SUBS_CONTENT="Anseleodem"/>
                  <SP HEIGHT="66" WIDTH="19" VPOS="889" HPOS="1480"/>
                  <String HEIGHT="66" WIDTH="115" VPOS="889" HPOS="1422" CONTENT="li"/>
                  <SP HEIGHT="66" WIDTH="19" VPOS="889" HPOS="1537"/>
                  <String HEIGHT="66"
                          WIDTH="231"
                          VPOS="889"
                          HPOS="1480"
                          CONTENT="capitulo"/>
                  <SP HEIGHT="66" WIDTH="19" VPOS="889" HPOS="1710"/>
                  <String HEIGHT="66"
                          WIDTH="135"
                          VPOS="889"
                          HPOS="1653"
                          CONTENT="xii"/>
                  <SP HEIGHT="66" WIDTH="19" VPOS="889" HPOS="1787"/>
                  <String HEIGHT="66"
                          WIDTH="135"
                          VPOS="889"
                          HPOS="1730"
                          CONTENT="Uel"/>
                  <SP HEIGHT="66" WIDTH="19" VPOS="889" HPOS="1864"/>
                  <String HEIGHT="66"
                          WIDTH="154"
                          VPOS="889"
                          HPOS="1807"
                          CONTENT="ergo"/>
                  <SP HEIGHT="66" WIDTH="19" VPOS="889" HPOS="1960"/>
                  <String HEIGHT="66"
                          WIDTH="231"
                          VPOS="889"
                          HPOS="1903"
                          CONTENT="credidit"/>
                  <SP HEIGHT="66" WIDTH="19" VPOS="889" HPOS="2133"/>
                  <String HEIGHT="66"
                          WIDTH="192"
                          VPOS="889"
                          HPOS="2076"
                          CONTENT="puniri"/>
                  <SP HEIGHT="66" WIDTH="19" VPOS="889" HPOS="2268"/>
                  <String HEIGHT="66" WIDTH="77" VPOS="889" HPOS="2191" CONTENT="pe"/>
               </TextLine>
               <TextLine ID="r3l15"
                         BASELINE="1003"
                         HEIGHT="57"
                         WIDTH="956"
                         VPOS="946"
                         HPOS="1307">
                  <String HEIGHT="57" WIDTH="112" VPOS="946" HPOS="1288" CONTENT="na"/>
                  <SP HEIGHT="57" WIDTH="19" VPOS="946" HPOS="1401"/>
                  <String HEIGHT="57"
                          WIDTH="225"
                          VPOS="946"
                          HPOS="1344"
                          CONTENT="aeterna:"/>
                  <SP HEIGHT="57" WIDTH="19" VPOS="946" HPOS="1569"/>
                  <String HEIGHT="57"
                          WIDTH="131"
                          VPOS="946"
                          HPOS="1513"
                          CONTENT="vel"/>
                  <SP HEIGHT="57" WIDTH="19" VPOS="946" HPOS="1644"/>
                  <String HEIGHT="57"
                          WIDTH="262"
                          VPOS="946"
                          HPOS="1588"
                          CONTENT="temporali."/>
                  <SP HEIGHT="57" WIDTH="19" VPOS="946" HPOS="1851"/>
                  <String HEIGHT="57" WIDTH="112" VPOS="946" HPOS="1794" CONTENT="si"/>
                  <SP HEIGHT="57" WIDTH="19" VPOS="946" HPOS="1907"/>
                  <String HEIGHT="57"
                          WIDTH="225"
                          VPOS="946"
                          HPOS="1851"
                          CONTENT="aeterna:"/>
                  <SP HEIGHT="57" WIDTH="19" VPOS="946" HPOS="2076"/>
                  <String HEIGHT="57"
                          WIDTH="150"
                          VPOS="946"
                          HPOS="2019"
                          CONTENT="stat"/>
                  <SP HEIGHT="57" WIDTH="19" VPOS="946" HPOS="2169"/>
                  <String HEIGHT="57"
                          WIDTH="169"
                          VPOS="946"
                          HPOS="2094"
                          CONTENT="argumen"/>
               </TextLine>
               <TextLine ID="r3l16"
                         BASELINE="1059"
                         HEIGHT="63"
                         WIDTH="958"
                         VPOS="996"
                         HPOS="1314">
                  <String HEIGHT="63"
                          WIDTH="139"
                          VPOS="996"
                          HPOS="1297"
                          CONTENT="tum."/>
                  <SP HEIGHT="63" WIDTH="17" VPOS="996" HPOS="1436"/>
                  <String HEIGHT="63" WIDTH="105" VPOS="996" HPOS="1384" CONTENT="si"/>
                  <SP HEIGHT="63" WIDTH="17" VPOS="996" HPOS="1488"/>
                  <String HEIGHT="63"
                          WIDTH="244"
                          VPOS="996"
                          HPOS="1436"
                          CONTENT="temporali:"/>
                  <SP HEIGHT="63" WIDTH="17" VPOS="996" HPOS="1680"/>
                  <String HEIGHT="63"
                          WIDTH="209"
                          VPOS="996"
                          HPOS="1628"
                          CONTENT="erravit:"/>
                  <SP HEIGHT="63" WIDTH="17" VPOS="996" HPOS="1837"/>
                  <String HEIGHT="63" WIDTH="105" VPOS="996" HPOS="1784" CONTENT="et"/>
                  <SP HEIGHT="63" WIDTH="17" VPOS="996" HPOS="1889"/>
                  <String HEIGHT="63"
                          WIDTH="122"
                          VPOS="996"
                          HPOS="1837"
                          CONTENT="sic"/>
                  <SP HEIGHT="63" WIDTH="17" VPOS="996" HPOS="1958"/>
                  <String HEIGHT="63"
                          WIDTH="157"
                          VPOS="996"
                          HPOS="1906"
                          CONTENT="poena"/>
                  <SP HEIGHT="63" WIDTH="17" VPOS="996" HPOS="2063"/>
                  <String HEIGHT="63"
                          WIDTH="244"
                          VPOS="996"
                          HPOS="2011"
                          CONTENT="praecessit"/>
                  <SP HEIGHT="63" WIDTH="17" VPOS="996" HPOS="2255"/>
                  <String HEIGHT="63" WIDTH="87" VPOS="996" HPOS="2185" CONTENT="cul"/>
               </TextLine>
               <TextLine ID="r3l17"
                         BASELINE="1116"
                         HEIGHT="60"
                         WIDTH="952"
                         VPOS="1056"
                         HPOS="1314">
                  <String HEIGHT="60"
                          WIDTH="155"
                          VPOS="1056"
                          HPOS="1295"
                          CONTENT="pam."/>
                  <SP HEIGHT="60" WIDTH="19" VPOS="1056" HPOS="1450"/>
                  <String HEIGHT="60"
                          WIDTH="253"
                          VPOS="1056"
                          HPOS="1392"
                          CONTENT="Similiter"/>
                  <SP HEIGHT="60" WIDTH="19" VPOS="1056" HPOS="1644"/>
                  <String HEIGHT="60"
                          WIDTH="117"
                          VPOS="1056"
                          HPOS="1586"
                          CONTENT="si"/>
                  <SP HEIGHT="60" WIDTH="19" VPOS="1056" HPOS="1703"/>
                  <String HEIGHT="60"
                          WIDTH="233"
                          VPOS="1056"
                          HPOS="1644"
                          CONTENT="credidit"/>
                  <SP HEIGHT="60" WIDTH="19" VPOS="1056" HPOS="1877"/>
                  <String HEIGHT="60"
                          WIDTH="155"
                          VPOS="1056"
                          HPOS="1819"
                          CONTENT="quod"/>
                  <SP HEIGHT="60" WIDTH="19" VPOS="1056" HPOS="1975"/>
                  <String HEIGHT="60"
                          WIDTH="253"
                          VPOS="1056"
                          HPOS="1916"
                          CONTENT="debuisset"/>
                  <SP HEIGHT="60" WIDTH="19" VPOS="1056" HPOS="2169"/>
                  <String HEIGHT="60"
                          WIDTH="194"
                          VPOS="1056"
                          HPOS="2111"
                          CONTENT="tantum"/>
                  <SP HEIGHT="60" WIDTH="19" VPOS="1056" HPOS="2305"/>
                  <String HEIGHT="60" WIDTH="39" VPOS="1056" HPOS="2227" CONTENT=""/>
               </TextLine>
               <TextLine ID="r3l18"
                         BASELINE="1171"
                         HEIGHT="64"
                         WIDTH="957"
                         VPOS="1107"
                         HPOS="1310">
                  <String HEIGHT="64"
                          WIDTH="181"
                          VPOS="1107"
                          HPOS="1292"
                          CONTENT="puniri"/>
                  <SP HEIGHT="64" WIDTH="18" VPOS="1107" HPOS="1473"/>
                  <String HEIGHT="64"
                          WIDTH="307"
                          VPOS="1107"
                          HPOS="1418"
                          CONTENT="temporaliter:"/>
                  <SP HEIGHT="64" WIDTH="18" VPOS="1107" HPOS="1725"/>
                  <String HEIGHT="64"
                          WIDTH="144"
                          VPOS="1107"
                          HPOS="1671"
                          CONTENT="ergo"/>
                  <SP HEIGHT="64" WIDTH="18" VPOS="1107" HPOS="1816"/>
                  <String HEIGHT="64"
                          WIDTH="217"
                          VPOS="1107"
                          HPOS="1761"
                          CONTENT="credidit"/>
                  <SP HEIGHT="64" WIDTH="18" VPOS="1107" HPOS="1978"/>
                  <String HEIGHT="64"
                          WIDTH="217"
                          VPOS="1107"
                          HPOS="1924"
                          CONTENT="peccatum"/>
                  <SP HEIGHT="64" WIDTH="18" VPOS="1107" HPOS="2141"/>
                  <String HEIGHT="64"
                          WIDTH="144"
                          VPOS="1107"
                          HPOS="2086"
                          CONTENT="suum"/>
                  <SP HEIGHT="64" WIDTH="18" VPOS="1107" HPOS="2231"/>
                  <String HEIGHT="64"
                          WIDTH="108"
                          VPOS="1107"
                          HPOS="2159"
                          CONTENT="fore"/>
               </TextLine>
               <TextLine ID="r3l19"
                         BASELINE="1242"
                         HEIGHT="71"
                         WIDTH="945"
                         VPOS="1171"
                         HPOS="1320">
                  <String HEIGHT="71"
                          WIDTH="226"
                          VPOS="1171"
                          HPOS="1299"
                          CONTENT="veniale"/>
                  <SP HEIGHT="71" WIDTH="21" VPOS="1171" HPOS="1525"/>
                  <String HEIGHT="71"
                          WIDTH="123"
                          VPOS="1171"
                          HPOS="1464"
                          CONTENT="si"/>
                  <SP HEIGHT="71" WIDTH="21" VPOS="1171" HPOS="1587"/>
                  <String HEIGHT="71"
                          WIDTH="267"
                          VPOS="1171"
                          HPOS="1525"
                          CONTENT="peccaret:"/>
                  <SP HEIGHT="71" WIDTH="21" VPOS="1171" HPOS="1793"/>
                  <String HEIGHT="71"
                          WIDTH="164"
                          VPOS="1171"
                          HPOS="1731"
                          CONTENT="ergo"/>
                  <SP HEIGHT="71" WIDTH="21" VPOS="1171" HPOS="1895"/>
                  <String HEIGHT="71"
                          WIDTH="226"
                          VPOS="1171"
                          HPOS="1834"
                          CONTENT="errauit"/>
                  <SP HEIGHT="71" WIDTH="21" VPOS="1171" HPOS="2060"/>
                  <String HEIGHT="71"
                          WIDTH="185"
                          VPOS="1171"
                          HPOS="1998"
                          CONTENT="sicut"/>
                  <SP HEIGHT="71" WIDTH="21" VPOS="1171" HPOS="2183"/>
                  <String HEIGHT="71"
                          WIDTH="185"
                          VPOS="1171"
                          HPOS="2121"
                          CONTENT="prius"/>
                  <SP HEIGHT="71" WIDTH="21" VPOS="1171" HPOS="2306"/>
                  <String HEIGHT="71" WIDTH="41" VPOS="1171" HPOS="2224" CONTENT=""/>
               </TextLine>
               <TextLine ID="r3l20"
                         BASELINE="1291"
                         HEIGHT="63"
                         WIDTH="954"
                         VPOS="1228"
                         HPOS="1317">
                  <String HEIGHT="63"
                          WIDTH="249"
                          VPOS="1228"
                          HPOS="1296"
                          CONTENT="antequam"/>
                  <SP HEIGHT="63" WIDTH="21" VPOS="1228" HPOS="1545"/>
                  <String HEIGHT="63"
                          WIDTH="270"
                          VPOS="1228"
                          HPOS="1483"
                          CONTENT="peccauit."/>
                  <SP HEIGHT="63" WIDTH="21" VPOS="1228" HPOS="1753"/>
                  <String HEIGHT="63"
                          WIDTH="124"
                          VPOS="1228"
                          HPOS="1690"
                          CONTENT="Et"/>
                  <SP HEIGHT="63" WIDTH="21" VPOS="1228" HPOS="1815"/>
                  <String HEIGHT="63"
                          WIDTH="270"
                          VPOS="1228"
                          HPOS="1753"
                          CONTENT="similiter"/>
                  <SP HEIGHT="63" WIDTH="21" VPOS="1228" HPOS="2022"/>
                  <String HEIGHT="63"
                          WIDTH="166"
                          VPOS="1228"
                          HPOS="1960"
                          CONTENT="deus"/>
                  <SP HEIGHT="63" WIDTH="21" VPOS="1228" HPOS="2126"/>
                  <String HEIGHT="63"
                          WIDTH="249"
                          VPOS="1228"
                          HPOS="2064"
                          CONTENT="iniuste:"/>
                  <SP HEIGHT="63" WIDTH="21" VPOS="1228" HPOS="2312"/>
                  <String HEIGHT="63" WIDTH="41" VPOS="1228" HPOS="2230" CONTENT=""/>
               </TextLine>
               <TextLine ID="r3l21"
                         BASELINE="1339"
                         HEIGHT="56"
                         WIDTH="958"
                         VPOS="1283"
                         HPOS="1314">
                  <String HEIGHT="56"
                          WIDTH="117"
                          VPOS="1283"
                          HPOS="1294"
                          CONTENT="ut"/>
                  <SP HEIGHT="56" WIDTH="20" VPOS="1283" HPOS="1412"/>
                  <String HEIGHT="56"
                          WIDTH="235"
                          VPOS="1283"
                          HPOS="1353"
                          CONTENT="videtur:"/>
                  <SP HEIGHT="56" WIDTH="20" VPOS="1283" HPOS="1588"/>
                  <String HEIGHT="56"
                          WIDTH="215"
                          VPOS="1283"
                          HPOS="1529"
                          CONTENT="egisset"/>
                  <SP HEIGHT="56" WIDTH="20" VPOS="1283" HPOS="1744"/>
                  <String HEIGHT="56"
                          WIDTH="137"
                          VPOS="1283"
                          HPOS="1685"
                          CONTENT="cum"/>
                  <SP HEIGHT="56" WIDTH="20" VPOS="1283" HPOS="1822"/>
                  <String HEIGHT="56"
                          WIDTH="137"
                          VPOS="1283"
                          HPOS="1764"
                          CONTENT="eis"/>
                  <SP HEIGHT="56" WIDTH="20" VPOS="1283" HPOS="1901"/>
                  <String HEIGHT="56"
                          WIDTH="176"
                          VPOS="1283"
                          HPOS="1842"
                          CONTENT="dando"/>
                  <SP HEIGHT="56" WIDTH="20" VPOS="1283" HPOS="2018"/>
                  <String HEIGHT="56"
                          WIDTH="293"
                          VPOS="1283"
                          HPOS="1959"
                          CONTENT="praeceptum:"/>
                  <SP HEIGHT="56" WIDTH="20" VPOS="1283" HPOS="2252"/>
                  <String HEIGHT="56"
                          WIDTH="98"
                          VPOS="1283"
                          HPOS="2174"
                          CONTENT="ni"
                          SUBS_TYPE="HypPart1"
                          SUBS_CONTENT="nisi"/>
                  <HYP CONTENT="-"/>
               </TextLine>
               <TextLine ID="r3l22"
                         BASELINE="1395"
                         HEIGHT="63"
                         WIDTH="960"
                         VPOS="1332"
                         HPOS="1314">
                  <String HEIGHT="63"
                          WIDTH="131"
                          VPOS="1332"
                          HPOS="1292"
                          CONTENT="si"
                          SUBS_TYPE="HypPart2"
                          SUBS_CONTENT="nisi"/>
                  <SP HEIGHT="63" WIDTH="22" VPOS="1332" HPOS="1423"/>
                  <String HEIGHT="63"
                          WIDTH="349"
                          VPOS="1332"
                          HPOS="1358"
                          CONTENT="demonstraret"/>
                  <SP HEIGHT="63" WIDTH="22" VPOS="1332" HPOS="1707"/>
                  <String HEIGHT="63"
                          WIDTH="175"
                          VPOS="1332"
                          HPOS="1641"
                          CONTENT="quae"/>
                  <SP HEIGHT="63" WIDTH="22" VPOS="1332" HPOS="1816"/>
                  <String HEIGHT="63"
                          WIDTH="196"
                          VPOS="1332"
                          HPOS="1750"
                          CONTENT="poena"/>
                  <SP HEIGHT="63" WIDTH="22" VPOS="1332" HPOS="1947"/>
                  <String HEIGHT="63"
                          WIDTH="305"
                          VPOS="1332"
                          HPOS="1881"
                          CONTENT="sequeretur"/>
                  <SP HEIGHT="63" WIDTH="22" VPOS="1332" HPOS="2187"/>
                  <String HEIGHT="63"
                          WIDTH="175"
                          VPOS="1332"
                          HPOS="2099"
                          CONTENT="trans"
                          SUBS_TYPE="HypPart1"
                          SUBS_CONTENT="transgressionem"/>
                  <HYP CONTENT="-"/>
               </TextLine>
               <TextLine ID="r3l23"
                         BASELINE="1453"
                         HEIGHT="58"
                         WIDTH="962"
                         VPOS="1395"
                         HPOS="1316">
                  <String HEIGHT="58"
                          WIDTH="299"
                          VPOS="1395"
                          HPOS="1295"
                          CONTENT="gressionem"
                          SUBS_TYPE="HypPart2"
                          SUBS_CONTENT="transgressionem"/>
                  <SP HEIGHT="58" WIDTH="21" VPOS="1395" HPOS="1594"/>
                  <String HEIGHT="58"
                          WIDTH="299"
                          VPOS="1395"
                          HPOS="1530"
                          CONTENT="praecepti."/>
                  <SP HEIGHT="58" WIDTH="21" VPOS="1395" HPOS="1829"/>
                  <String HEIGHT="58"
                          WIDTH="278"
                          VPOS="1395"
                          HPOS="1765"
                          CONTENT="Similiter"/>
                  <SP HEIGHT="58" WIDTH="21" VPOS="1395" HPOS="2043"/>
                  <String HEIGHT="58"
                          WIDTH="235"
                          VPOS="1395"
                          HPOS="1979"
                          CONTENT="videtur"/>
                  <SP HEIGHT="58" WIDTH="21" VPOS="1395" HPOS="2214"/>
                  <String HEIGHT="58"
                          WIDTH="150"
                          VPOS="1395"
                          HPOS="2128"
                          CONTENT="irra"
                          SUBS_TYPE="HypPart1"
                          SUBS_CONTENT="irrationabile"/>
                  <HYP CONTENT="-"/>
               </TextLine>
               <TextLine ID="r3l24"
                         BASELINE="1515"
                         HEIGHT="63"
                         WIDTH="946"
                         VPOS="1452"
                         HPOS="1316">
                  <String HEIGHT="63"
                          WIDTH="251"
                          VPOS="1452"
                          HPOS="1297"
                          CONTENT="tionabile"
                          SUBS_TYPE="HypPart2"
                          SUBS_CONTENT="irrationabile"/>
                  <SP HEIGHT="63" WIDTH="19" VPOS="1452" HPOS="1548"/>
                  <String HEIGHT="63"
                          WIDTH="154"
                          VPOS="1452"
                          HPOS="1490"
                          CONTENT="quod"/>
                  <SP HEIGHT="63" WIDTH="19" VPOS="1452" HPOS="1644"/>
                  <String HEIGHT="63"
                          WIDTH="193"
                          VPOS="1452"
                          HPOS="1586"
                          CONTENT="tantum"/>
                  <SP HEIGHT="63" WIDTH="19" VPOS="1452" HPOS="1779"/>
                  <String HEIGHT="63"
                          WIDTH="212"
                          VPOS="1452"
                          HPOS="1721"
                          CONTENT="lateret"/>
                  <SP HEIGHT="63" WIDTH="19" VPOS="1452" HPOS="1934"/>
                  <String HEIGHT="63"
                          WIDTH="212"
                          VPOS="1452"
                          HPOS="1876"
                          CONTENT="angelum"/>
                  <SP HEIGHT="63" WIDTH="19" VPOS="1452" HPOS="2088"/>
                  <String HEIGHT="63"
                          WIDTH="116"
                          VPOS="1452"
                          HPOS="2030"
                          CONTENT="de"/>
                  <SP HEIGHT="63" WIDTH="19" VPOS="1452" HPOS="2146"/>
                  <String HEIGHT="63"
                          WIDTH="193"
                          VPOS="1452"
                          HPOS="2069"
                          CONTENT="conditio"/>
               </TextLine>
               <TextLine ID="r3l25"
                         BASELINE="1572"
                         HEIGHT="65"
                         WIDTH="952"
                         VPOS="1507"
                         HPOS="1317">
                  <String HEIGHT="65"
                          WIDTH="175"
                          VPOS="1507"
                          HPOS="1298"
                          CONTENT="nibus"/>
                  <SP HEIGHT="65" WIDTH="19" VPOS="1507" HPOS="1472"/>
                  <String HEIGHT="65"
                          WIDTH="155"
                          VPOS="1507"
                          HPOS="1414"
                          CONTENT="suae"/>
                  <SP HEIGHT="65" WIDTH="19" VPOS="1507" HPOS="1570"/>
                  <String HEIGHT="65"
                          WIDTH="233"
                          VPOS="1507"
                          HPOS="1511"
                          CONTENT="naturae:"/>
                  <SP HEIGHT="65" WIDTH="19" VPOS="1507" HPOS="1744"/>
                  <String HEIGHT="65"
                          WIDTH="155"
                          VPOS="1507"
                          HPOS="1686"
                          CONTENT="quod"/>
                  <SP HEIGHT="65" WIDTH="19" VPOS="1507" HPOS="1842"/>
                  <String HEIGHT="65"
                          WIDTH="233"
                          VPOS="1507"
                          HPOS="1783"
                          CONTENT="nesciret"/>
                  <SP HEIGHT="65" WIDTH="19" VPOS="1507" HPOS="2016"/>
                  <String HEIGHT="65"
                          WIDTH="117"
                          VPOS="1507"
                          HPOS="1958"
                          CONTENT="se"/>
                  <SP HEIGHT="65" WIDTH="19" VPOS="1507" HPOS="2075"/>
                  <String HEIGHT="65"
                          WIDTH="194"
                          VPOS="1507"
                          HPOS="2016"
                          CONTENT="semper"/>
                  <SP HEIGHT="65" WIDTH="19" VPOS="1507" HPOS="2211"/>
                  <String HEIGHT="65"
                          WIDTH="155"
                          VPOS="1507"
                          HPOS="2152"
                          CONTENT="fore"/>
                  <SP HEIGHT="65" WIDTH="19" VPOS="1507" HPOS="2308"/>
                  <String HEIGHT="65" WIDTH="39" VPOS="1507" HPOS="2230" CONTENT=""/>
               </TextLine>
               <TextLine ID="r3l26"
                         BASELINE="1630"
                         HEIGHT="66"
                         WIDTH="952"
                         VPOS="1564"
                         HPOS="1314">
                  <String HEIGHT="66"
                          WIDTH="218"
                          VPOS="1564"
                          HPOS="1294"
                          CONTENT="miserum"/>
                  <SP HEIGHT="66" WIDTH="20" VPOS="1564" HPOS="1512"/>
                  <String HEIGHT="66"
                          WIDTH="119"
                          VPOS="1564"
                          HPOS="1453"
                          CONTENT="si"/>
                  <SP HEIGHT="66" WIDTH="20" VPOS="1564" HPOS="1572"/>
                  <String HEIGHT="66"
                          WIDTH="119"
                          VPOS="1564"
                          HPOS="1512"
                          CONTENT="in"/>
                  <SP HEIGHT="66" WIDTH="20" VPOS="1564" HPOS="1631"/>
                  <String HEIGHT="66"
                          WIDTH="238"
                          VPOS="1564"
                          HPOS="1572"
                          CONTENT="peccatum"/>
                  <SP HEIGHT="66" WIDTH="20" VPOS="1564" HPOS="1810"/>
                  <String HEIGHT="66"
                          WIDTH="179"
                          VPOS="1564"
                          HPOS="1750"
                          CONTENT="semel"/>
                  <SP HEIGHT="66" WIDTH="20" VPOS="1564" HPOS="1929"/>
                  <String HEIGHT="66"
                          WIDTH="238"
                          VPOS="1564"
                          HPOS="1869"
                          CONTENT="caderet:"/>
                  <SP HEIGHT="66" WIDTH="20" VPOS="1564" HPOS="2107"/>
                  <String HEIGHT="66"
                          WIDTH="119"
                          VPOS="1564"
                          HPOS="2048"
                          CONTENT="et"/>
                  <SP HEIGHT="66" WIDTH="20" VPOS="1564" HPOS="2167"/>
                  <String HEIGHT="66"
                          WIDTH="119"
                          VPOS="1564"
                          HPOS="2107"
                          CONTENT="si"/>
                  <SP HEIGHT="66" WIDTH="20" VPOS="1564" HPOS="2226"/>
                  <String HEIGHT="66"
                          WIDTH="139"
                          VPOS="1564"
                          HPOS="2167"
                          CONTENT="hoc"/>
                  <SP HEIGHT="66" WIDTH="20" VPOS="1564" HPOS="2306"/>
                  <String HEIGHT="66" WIDTH="40" VPOS="1564" HPOS="2226" CONTENT=""/>
               </TextLine>
               <TextLine ID="r3l27"
                         BASELINE="1674"
                         HEIGHT="63"
                         WIDTH="939"
                         VPOS="1611"
                         HPOS="1314">
                  <String HEIGHT="63"
                          WIDTH="157"
                          VPOS="1611"
                          HPOS="1294"
                          CONTENT="sibi"/>
                  <SP HEIGHT="63" WIDTH="20" VPOS="1611" HPOS="1451"/>
                  <String HEIGHT="63"
                          WIDTH="274"
                          VPOS="1611"
                          HPOS="1392"
                          CONTENT="constabat:"/>
                  <SP HEIGHT="63" WIDTH="20" VPOS="1611" HPOS="1666"/>
                  <String HEIGHT="63"
                          WIDTH="176"
                          VPOS="1611"
                          HPOS="1607"
                          CONTENT="nullo"/>
                  <SP HEIGHT="63" WIDTH="20" VPOS="1611" HPOS="1784"/>
                  <String HEIGHT="63"
                          WIDTH="157"
                          VPOS="1611"
                          HPOS="1725"
                          CONTENT="modo"/>
                  <SP HEIGHT="63" WIDTH="20" VPOS="1611" HPOS="1881"/>
                  <String HEIGHT="63"
                          WIDTH="215"
                          VPOS="1611"
                          HPOS="1823"
                          CONTENT="peccare"/>
                  <SP HEIGHT="63" WIDTH="20" VPOS="1611" HPOS="2038"/>
                  <String HEIGHT="63"
                          WIDTH="235"
                          VPOS="1611"
                          HPOS="1979"
                          CONTENT="poterat:"/>
                  <SP HEIGHT="63" WIDTH="20" VPOS="1611" HPOS="2214"/>
                  <String HEIGHT="63"
                          WIDTH="137"
                          VPOS="1611"
                          HPOS="2155"
                          CONTENT="nis"/>
                  <SP HEIGHT="63" WIDTH="20" VPOS="1611" HPOS="2292"/>
                  <String HEIGHT="63" WIDTH="39" VPOS="1611" HPOS="2214" CONTENT=""/>
               </TextLine>
               <TextLine ID="r3l28"
                         BASELINE="1739"
                         HEIGHT="73"
                         WIDTH="946"
                         VPOS="1666"
                         HPOS="1320">
                  <String HEIGHT="73"
                          WIDTH="237"
                          VPOS="1666"
                          HPOS="1296"
                          CONTENT="posset"/>
                  <SP HEIGHT="73" WIDTH="24" VPOS="1666" HPOS="1533"/>
                  <String HEIGHT="73"
                          WIDTH="213"
                          VPOS="1666"
                          HPOS="1462"
                          CONTENT="velle"/>
                  <SP HEIGHT="73" WIDTH="24" VPOS="1666" HPOS="1675"/>
                  <String HEIGHT="73"
                          WIDTH="307"
                          VPOS="1666"
                          HPOS="1604"
                          CONTENT="miseriam."/>
                  <SP HEIGHT="73" WIDTH="24" VPOS="1666" HPOS="1911"/>
                  <String HEIGHT="73"
                          WIDTH="260"
                          VPOS="1666"
                          HPOS="1840"
                          CONTENT="Octavs."/>
                  <SP HEIGHT="73" WIDTH="24" VPOS="1666" HPOS="2100"/>
                  <String HEIGHT="73"
                          WIDTH="142"
                          VPOS="1666"
                          HPOS="2030"
                          CONTENT="si"/>
                  <SP HEIGHT="73" WIDTH="24" VPOS="1666" HPOS="2171"/>
                  <String HEIGHT="73"
                          WIDTH="189"
                          VPOS="1666"
                          HPOS="2077"
                          CONTENT="angeli"/>
               </TextLine>
               <TextLine ID="r3l29"
                         BASELINE="1787"
                         HEIGHT="61"
                         WIDTH="952"
                         VPOS="1726"
                         HPOS="1301">
                  <String HEIGHT="61"
                          WIDTH="298"
                          VPOS="1726"
                          HPOS="1281"
                          CONTENT="peccauerunt"/>
                  <SP HEIGHT="61" WIDTH="20" VPOS="1726" HPOS="1579"/>
                  <String HEIGHT="61"
                          WIDTH="179"
                          VPOS="1726"
                          HPOS="1519"
                          CONTENT="omnes"/>
                  <SP HEIGHT="61" WIDTH="20" VPOS="1726" HPOS="1698"/>
                  <String HEIGHT="61"
                          WIDTH="258"
                          VPOS="1726"
                          HPOS="1638"
                          CONTENT="occasione"/>
                  <SP HEIGHT="61" WIDTH="20" VPOS="1726" HPOS="1896"/>
                  <String HEIGHT="61"
                          WIDTH="198"
                          VPOS="1726"
                          HPOS="1837"
                          CONTENT="unius:"/>
                  <SP HEIGHT="61" WIDTH="20" VPOS="1726" HPOS="2035"/>
                  <String HEIGHT="61"
                          WIDTH="198"
                          VPOS="1726"
                          HPOS="1975"
                          CONTENT="igitur"/>
                  <SP HEIGHT="61" WIDTH="20" VPOS="1726" HPOS="2174"/>
                  <String HEIGHT="61"
                          WIDTH="159"
                          VPOS="1726"
                          HPOS="2114"
                          CONTENT="illi"/>
                  <SP HEIGHT="61" WIDTH="20" VPOS="1726" HPOS="2273"/>
                  <String HEIGHT="61" WIDTH="60" VPOS="1726" HPOS="2194" CONTENT="v"/>
               </TextLine>
               <TextLine ID="r3l30"
                         BASELINE="1844"
                         HEIGHT="62"
                         WIDTH="955"
                         VPOS="1782"
                         HPOS="1311">
                  <String HEIGHT="62"
                          WIDTH="212"
                          VPOS="1782"
                          HPOS="1290"
                          CONTENT="derunt"/>
                  <SP HEIGHT="62" WIDTH="21" VPOS="1782" HPOS="1502"/>
                  <String HEIGHT="62"
                          WIDTH="149"
                          VPOS="1782"
                          HPOS="1438"
                          CONTENT="eum"/>
                  <SP HEIGHT="62" WIDTH="21" VPOS="1782" HPOS="1587"/>
                  <String HEIGHT="62"
                          WIDTH="191"
                          VPOS="1782"
                          HPOS="1523"
                          CONTENT="prius"/>
                  <SP HEIGHT="62" WIDTH="21" VPOS="1782" HPOS="1714"/>
                  <String HEIGHT="62"
                          WIDTH="276"
                          VPOS="1782"
                          HPOS="1651"
                          CONTENT="peccasse."/>
                  <SP HEIGHT="62" WIDTH="21" VPOS="1782" HPOS="1926"/>
                  <String HEIGHT="62"
                          WIDTH="149"
                          VPOS="1782"
                          HPOS="1863"
                          CONTENT="sed"/>
                  <SP HEIGHT="62" WIDTH="21" VPOS="1782" HPOS="2011"/>
                  <String HEIGHT="62"
                          WIDTH="191"
                          VPOS="1782"
                          HPOS="1948"
                          CONTENT="nullo"/>
                  <SP HEIGHT="62" WIDTH="21" VPOS="1782" HPOS="2139"/>
                  <String HEIGHT="62"
                          WIDTH="233"
                          VPOS="1782"
                          HPOS="2075"
                          CONTENT="momento"/>
                  <SP HEIGHT="62" WIDTH="21" VPOS="1782" HPOS="2308"/>
                  <String HEIGHT="62" WIDTH="42" VPOS="1782" HPOS="2224" CONTENT=""/>
               </TextLine>
               <TextLine ID="r3l31"
                         BASELINE="1900"
                         HEIGHT="64"
                         WIDTH="954"
                         VPOS="1836"
                         HPOS="1308">
                  <String HEIGHT="64"
                          WIDTH="264"
                          VPOS="1836"
                          HPOS="1288"
                          CONTENT="dividitur"/>
                  <SP HEIGHT="64" WIDTH="20" VPOS="1836" HPOS="1552"/>
                  <String HEIGHT="64"
                          WIDTH="183"
                          VPOS="1836"
                          HPOS="1491"
                          CONTENT="poena"/>
                  <SP HEIGHT="64" WIDTH="20" VPOS="1836" HPOS="1673"/>
                  <String HEIGHT="64"
                          WIDTH="122"
                          VPOS="1836"
                          HPOS="1612"
                          CONTENT="et"/>
                  <SP HEIGHT="64" WIDTH="20" VPOS="1836" HPOS="1734"/>
                  <String HEIGHT="64"
                          WIDTH="203"
                          VPOS="1836"
                          HPOS="1673"
                          CONTENT="culpa:"/>
                  <SP HEIGHT="64" WIDTH="20" VPOS="1836" HPOS="1876"/>
                  <String HEIGHT="64"
                          WIDTH="162"
                          VPOS="1836"
                          HPOS="1815"
                          CONTENT="ergo"/>
                  <SP HEIGHT="64" WIDTH="20" VPOS="1836" HPOS="1978"/>
                  <String HEIGHT="64"
                          WIDTH="203"
                          VPOS="1836"
                          HPOS="1917"
                          CONTENT="statim"/>
                  <SP HEIGHT="64" WIDTH="20" VPOS="1836" HPOS="2120"/>
                  <String HEIGHT="64"
                          WIDTH="244"
                          VPOS="1836"
                          HPOS="2059"
                          CONTENT="viderunt"/>
                  <SP HEIGHT="64" WIDTH="20" VPOS="1836" HPOS="2303"/>
                  <String HEIGHT="64" WIDTH="41" VPOS="1836" HPOS="2221" CONTENT=""/>
               </TextLine>
               <TextLine ID="r3l32"
                         BASELINE="1955"
                         HEIGHT="59"
                         WIDTH="946"
                         VPOS="1896"
                         HPOS="1310">
                  <String HEIGHT="59"
                          WIDTH="147"
                          VPOS="1896"
                          HPOS="1289"
                          CONTENT="eum"/>
                  <SP HEIGHT="59" WIDTH="21" VPOS="1896" HPOS="1436"/>
                  <String HEIGHT="59"
                          WIDTH="252"
                          VPOS="1896"
                          HPOS="1373"
                          CONTENT="privatum"/>
                  <SP HEIGHT="59" WIDTH="21" VPOS="1896" HPOS="1625"/>
                  <String HEIGHT="59"
                          WIDTH="210"
                          VPOS="1896"
                          HPOS="1562"
                          CONTENT="gratia"/>
                  <SP HEIGHT="59" WIDTH="21" VPOS="1896" HPOS="1772"/>
                  <String HEIGHT="59"
                          WIDTH="126"
                          VPOS="1896"
                          HPOS="1709"
                          CONTENT="et"/>
                  <SP HEIGHT="59" WIDTH="21" VPOS="1896" HPOS="1836"/>
                  <String HEIGHT="59"
                          WIDTH="126"
                          VPOS="1896"
                          HPOS="1772"
                          CONTENT="in"/>
                  <SP HEIGHT="59" WIDTH="21" VPOS="1896" HPOS="1899"/>
                  <String HEIGHT="59"
                          WIDTH="189"
                          VPOS="1896"
                          HPOS="1836"
                          CONTENT="pena:"/>
                  <SP HEIGHT="59" WIDTH="21" VPOS="1896" HPOS="2025"/>
                  <String HEIGHT="59"
                          WIDTH="168"
                          VPOS="1896"
                          HPOS="1962"
                          CONTENT="ergo"/>
                  <SP HEIGHT="59" WIDTH="21" VPOS="1896" HPOS="2130"/>
                  <String HEIGHT="59"
                          WIDTH="189"
                          VPOS="1896"
                          HPOS="2067"
                          CONTENT="nullo"/>
                  <SP HEIGHT="59" WIDTH="21" VPOS="1896" HPOS="2256"/>
                  <String HEIGHT="59" WIDTH="84" VPOS="1896" HPOS="2172" CONTENT="mo"/>
               </TextLine>
               <TextLine ID="r3l33"
                         BASELINE="2012"
                         HEIGHT="63"
                         WIDTH="951"
                         VPOS="1949"
                         HPOS="1302">
                  <String HEIGHT="63"
                          WIDTH="130"
                          VPOS="1949"
                          HPOS="1280"
                          CONTENT="do"/>
                  <SP HEIGHT="63" WIDTH="22" VPOS="1949" HPOS="1410"/>
                  <String HEIGHT="63"
                          WIDTH="281"
                          VPOS="1949"
                          HPOS="1345"
                          CONTENT="habuerunt"/>
                  <SP HEIGHT="63" WIDTH="22" VPOS="1949" HPOS="1626"/>
                  <String HEIGHT="63"
                          WIDTH="130"
                          VPOS="1949"
                          HPOS="1561"
                          CONTENT="ab"/>
                  <SP HEIGHT="63" WIDTH="22" VPOS="1949" HPOS="1691"/>
                  <String HEIGHT="63"
                          WIDTH="130"
                          VPOS="1949"
                          HPOS="1626"
                          CONTENT="eo"/>
                  <SP HEIGHT="63" WIDTH="22" VPOS="1949" HPOS="1756"/>
                  <String HEIGHT="63"
                          WIDTH="303"
                          VPOS="1949"
                          HPOS="1691"
                          CONTENT="occasionem"/>
                  <SP HEIGHT="63" WIDTH="22" VPOS="1949" HPOS="1994"/>
                  <String HEIGHT="63"
                          WIDTH="281"
                          VPOS="1949"
                          HPOS="1929"
                          CONTENT="peccandi:"/>
                  <SP HEIGHT="63" WIDTH="22" VPOS="1949" HPOS="2210"/>
                  <String HEIGHT="63"
                          WIDTH="151"
                          VPOS="1949"
                          HPOS="2145"
                          CONTENT="sed"/>
                  <SP HEIGHT="63" WIDTH="22" VPOS="1949" HPOS="2296"/>
                  <String HEIGHT="63" WIDTH="43" VPOS="1949" HPOS="2210" CONTENT=""/>
               </TextLine>
               <TextLine ID="r3l34"
                         BASELINE="2067"
                         HEIGHT="67"
                         WIDTH="964"
                         VPOS="2000"
                         HPOS="1298">
                  <String HEIGHT="67"
                          WIDTH="222"
                          VPOS="2000"
                          HPOS="1273"
                          CONTENT="magis"/>
                  <SP HEIGHT="67" WIDTH="25" VPOS="2000" HPOS="1496"/>
                  <String HEIGHT="67"
                          WIDTH="297"
                          VPOS="2000"
                          HPOS="1422"
                          CONTENT="cauendi."/>
                  <SP HEIGHT="67" WIDTH="25" VPOS="2000" HPOS="1718"/>
                  <String HEIGHT="67"
                          WIDTH="198"
                          VPOS="2000"
                          HPOS="1644"
                          CONTENT="Nono"/>
                  <SP HEIGHT="67" WIDTH="25" VPOS="2000" HPOS="1842"/>
                  <String HEIGHT="67"
                          WIDTH="198"
                          VPOS="2000"
                          HPOS="1768"
                          CONTENT="sic."/>
                  <SP HEIGHT="67" WIDTH="25" VPOS="2000" HPOS="1965"/>
                  <String HEIGHT="67"
                          WIDTH="148"
                          VPOS="2000"
                          HPOS="1891"
                          CONTENT="si"/>
                  <SP HEIGHT="67" WIDTH="25" VPOS="2000" HPOS="2040"/>
                  <String HEIGHT="67"
                          WIDTH="272"
                          VPOS="2000"
                          HPOS="1965"
                          CONTENT="angelus"/>
                  <SP HEIGHT="67" WIDTH="25" VPOS="2000" HPOS="2237"/>
                  <String HEIGHT="67"
                          WIDTH="124"
                          VPOS="2000"
                          HPOS="2138"
                          CONTENT="po"
                          SUBS_TYPE="HypPart1"
                          SUBS_CONTENT="potuit"/>
                  <HYP CONTENT="-"/>
               </TextLine>
               <TextLine ID="r3l35"
                         BASELINE="2125"
                         HEIGHT="73"
                         WIDTH="956"
                         VPOS="2052"
                         HPOS="1307">
                  <String HEIGHT="73"
                          WIDTH="163"
                          VPOS="2052"
                          HPOS="1287"
                          CONTENT="tuit"
                          SUBS_TYPE="HypPart2"
                          SUBS_CONTENT="potuit"/>
                  <SP HEIGHT="73" WIDTH="20" VPOS="2052" HPOS="1449"/>
                  <String HEIGHT="73"
                          WIDTH="244"
                          VPOS="2052"
                          HPOS="1388"
                          CONTENT="peccare:"/>
                  <SP HEIGHT="73" WIDTH="20" VPOS="2052" HPOS="1632"/>
                  <String HEIGHT="73"
                          WIDTH="183"
                          VPOS="2052"
                          HPOS="1571"
                          CONTENT="vtrum"/>
                  <SP HEIGHT="73" WIDTH="20" VPOS="2052" HPOS="1754"/>
                  <String HEIGHT="73"
                          WIDTH="163"
                          VPOS="2052"
                          HPOS="1693"
                          CONTENT="ergo"/>
                  <SP HEIGHT="73" WIDTH="20" VPOS="2052" HPOS="1856"/>
                  <String HEIGHT="73"
                          WIDTH="224"
                          VPOS="2052"
                          HPOS="1795"
                          CONTENT="peccare"/>
                  <SP HEIGHT="73" WIDTH="20" VPOS="2052" HPOS="2019"/>
                  <String HEIGHT="73"
                          WIDTH="203"
                          VPOS="2052"
                          HPOS="1958"
                          CONTENT="potuit"/>
                  <SP HEIGHT="73" WIDTH="20" VPOS="2052" HPOS="2161"/>
                  <String HEIGHT="73"
                          WIDTH="122"
                          VPOS="2052"
                          HPOS="2100"
                          CONTENT="in"/>
                  <SP HEIGHT="73" WIDTH="20" VPOS="2052" HPOS="2222"/>
                  <String HEIGHT="73"
                          WIDTH="142"
                          VPOS="2052"
                          HPOS="2161"
                          CONTENT="pri"/>
                  <SP HEIGHT="73" WIDTH="20" VPOS="2052" HPOS="2304"/>
                  <String HEIGHT="73" WIDTH="41" VPOS="2052" HPOS="2222" CONTENT=""/>
               </TextLine>
               <TextLine ID="r3l36"
                         BASELINE="2179"
                         HEIGHT="63"
                         WIDTH="964"
                         VPOS="2116"
                         HPOS="1296">
                  <String HEIGHT="63"
                          WIDTH="116"
                          VPOS="2116"
                          HPOS="1277"
                          CONTENT="mo"/>
                  <SP HEIGHT="63" WIDTH="19" VPOS="2116" HPOS="1392"/>
                  <String HEIGHT="63"
                          WIDTH="231"
                          VPOS="2116"
                          HPOS="1335"
                          CONTENT="instanti"/>
                  <SP HEIGHT="63" WIDTH="19" VPOS="2116" HPOS="1566"/>
                  <String HEIGHT="63"
                          WIDTH="154"
                          VPOS="2116"
                          HPOS="1508"
                          CONTENT="suae"/>
                  <SP HEIGHT="63" WIDTH="19" VPOS="2116" HPOS="1662"/>
                  <String HEIGHT="63"
                          WIDTH="289"
                          VPOS="2116"
                          HPOS="1604"
                          CONTENT="creationis:"/>
                  <SP HEIGHT="63" WIDTH="19" VPOS="2116" HPOS="1894"/>
                  <String HEIGHT="63"
                          WIDTH="116"
                          VPOS="2116"
                          HPOS="1836"
                          CONTENT="an"/>
                  <SP HEIGHT="63" WIDTH="19" VPOS="2116" HPOS="1952"/>
                  <String HEIGHT="63"
                          WIDTH="154"
                          VPOS="2116"
                          HPOS="1894"
                          CONTENT="non:"/>
                  <SP HEIGHT="63" WIDTH="19" VPOS="2116" HPOS="2048"/>
                  <String HEIGHT="63"
                          WIDTH="135"
                          VPOS="2116"
                          HPOS="1990"
                          CONTENT="sed"/>
                  <SP HEIGHT="63" WIDTH="19" VPOS="2116" HPOS="2125"/>
                  <String HEIGHT="63"
                          WIDTH="154"
                          VPOS="2116"
                          HPOS="2067"
                          CONTENT="post"/>
                  <SP HEIGHT="63" WIDTH="19" VPOS="2116" HPOS="2221"/>
                  <String HEIGHT="63"
                          WIDTH="135"
                          VPOS="2116"
                          HPOS="2164"
                          CONTENT="pri"/>
                  <SP HEIGHT="63" WIDTH="19" VPOS="2116" HPOS="2299"/>
                  <String HEIGHT="63" WIDTH="39" VPOS="2116" HPOS="2221" CONTENT=""/>
               </TextLine>
               <TextLine ID="r3l37"
                         BASELINE="2236"
                         HEIGHT="72"
                         WIDTH="961"
                         VPOS="2164"
                         HPOS="1302">
                  <String HEIGHT="72"
                          WIDTH="146"
                          VPOS="2164"
                          HPOS="1281"
                          CONTENT="mum"/>
                  <SP HEIGHT="72" WIDTH="21" VPOS="2164" HPOS="1427"/>
                  <String HEIGHT="72"
                          WIDTH="251"
                          VPOS="2164"
                          HPOS="1365"
                          CONTENT="instans:"/>
                  <SP HEIGHT="72" WIDTH="21" VPOS="2164" HPOS="1615"/>
                  <String HEIGHT="72"
                          WIDTH="209"
                          VPOS="2164"
                          HPOS="1553"
                          CONTENT="Primum"/>
                  <SP HEIGHT="72" WIDTH="21" VPOS="2164" HPOS="1762"/>
                  <String HEIGHT="72"
                          WIDTH="146"
                          VPOS="2164"
                          HPOS="1699"
                          CONTENT="non"/>
                  <SP HEIGHT="72" WIDTH="21" VPOS="2164" HPOS="1845"/>
                  <String HEIGHT="72"
                          WIDTH="209"
                          VPOS="2164"
                          HPOS="1783"
                          CONTENT="potest"/>
                  <SP HEIGHT="72" WIDTH="21" VPOS="2164" HPOS="1991"/>
                  <String HEIGHT="72"
                          WIDTH="188"
                          VPOS="2164"
                          HPOS="1929"
                          CONTENT="dari."/>
                  <SP HEIGHT="72" WIDTH="21" VPOS="2164" HPOS="2117"/>
                  <String HEIGHT="72"
                          WIDTH="146"
                          VPOS="2164"
                          HPOS="2054"
                          CONTENT="Tum"/>
                  <SP HEIGHT="72" WIDTH="21" VPOS="2164" HPOS="2200"/>
                  <String HEIGHT="72"
                          WIDTH="167"
                          VPOS="2164"
                          HPOS="2138"
                          CONTENT="quod"/>
                  <SP HEIGHT="72" WIDTH="21" VPOS="2164" HPOS="2305"/>
                  <String HEIGHT="72" WIDTH="42" VPOS="2164" HPOS="2221" CONTENT=""/>
               </TextLine>
               <TextLine ID="r3l38"
                         BASELINE="2277"
                         HEIGHT="66"
                         WIDTH="964"
                         VPOS="2211"
                         HPOS="1303">
                  <String HEIGHT="66"
                          WIDTH="135"
                          VPOS="2211"
                          HPOS="1284"
                          CONTENT="sic"/>
                  <SP HEIGHT="66" WIDTH="19" VPOS="2211" HPOS="1419"/>
                  <String HEIGHT="66"
                          WIDTH="212"
                          VPOS="2211"
                          HPOS="1361"
                          CONTENT="nunquam"/>
                  <SP HEIGHT="66" WIDTH="19" VPOS="2211" HPOS="1573"/>
                  <String HEIGHT="66"
                          WIDTH="212"
                          VPOS="2211"
                          HPOS="1515"
                          CONTENT="fuisset"/>
                  <SP HEIGHT="66" WIDTH="19" VPOS="2211" HPOS="1727"/>
                  <String HEIGHT="66"
                          WIDTH="193"
                          VPOS="2211"
                          HPOS="1669"
                          CONTENT="bonus:"/>
                  <SP HEIGHT="66" WIDTH="19" VPOS="2211" HPOS="1862"/>
                  <String HEIGHT="66"
                          WIDTH="116"
                          VPOS="2211"
                          HPOS="1804"
                          CONTENT="et"/>
                  <SP HEIGHT="66" WIDTH="19" VPOS="2211" HPOS="1920"/>
                  <String HEIGHT="66"
                          WIDTH="135"
                          VPOS="2211"
                          HPOS="1862"
                          CONTENT="sic"/>
                  <SP HEIGHT="66" WIDTH="19" VPOS="2211" HPOS="1997"/>
                  <String HEIGHT="66"
                          WIDTH="212"
                          VPOS="2211"
                          HPOS="1939"
                          CONTENT="nunquam"/>
                  <SP HEIGHT="66" WIDTH="19" VPOS="2211" HPOS="2151"/>
                  <String HEIGHT="66"
                          WIDTH="193"
                          VPOS="2211"
                          HPOS="2074"
                          CONTENT="cecidii"
                          SUBS_TYPE="HypPart1"
                          SUBS_CONTENT="cecidiiset"/>
                  <HYP CONTENT="-"/>
               </TextLine>
               <TextLine ID="r3l39"
                         BASELINE="2339"
                         HEIGHT="71"
                         WIDTH="948"
                         VPOS="2268"
                         HPOS="1311">
                  <String HEIGHT="71"
                          WIDTH="130"
                          VPOS="2268"
                          HPOS="1292"
                          CONTENT="set"
                          SUBS_TYPE="HypPart2"
                          SUBS_CONTENT="cecidiiset"/>
                  <SP HEIGHT="71" WIDTH="19" VPOS="2268" HPOS="1423"/>
                  <String HEIGHT="71" WIDTH="93" VPOS="2268" HPOS="1367" CONTENT="a"/>
                  <SP HEIGHT="71" WIDTH="19" VPOS="2268" HPOS="1460"/>
                  <String HEIGHT="71"
                          WIDTH="149"
                          VPOS="2268"
                          HPOS="1404"
                          CONTENT="bono"/>
                  <SP HEIGHT="71" WIDTH="19" VPOS="2268" HPOS="1553"/>
                  <String HEIGHT="71"
                          WIDTH="204"
                          VPOS="2268"
                          HPOS="1497"
                          CONTENT="habitu."/>
                  <SP HEIGHT="71" WIDTH="19" VPOS="2268" HPOS="1701"/>
                  <String HEIGHT="71"
                          WIDTH="130"
                          VPOS="2268"
                          HPOS="1646"
                          CONTENT="Tum"/>
                  <SP HEIGHT="71" WIDTH="19" VPOS="2268" HPOS="1776"/>
                  <String HEIGHT="71"
                          WIDTH="149"
                          VPOS="2268"
                          HPOS="1720"
                          CONTENT="quia"/>
                  <SP HEIGHT="71" WIDTH="19" VPOS="2268" HPOS="1869"/>
                  <String HEIGHT="71"
                          WIDTH="223"
                          VPOS="2268"
                          HPOS="1813"
                          CONTENT="secundum"/>
                  <SP HEIGHT="71" WIDTH="19" VPOS="2268" HPOS="2036"/>
                  <String HEIGHT="71"
                          WIDTH="223"
                          VPOS="2268"
                          HPOS="1980"
                          CONTENT="Anselmum"/>
                  <SP HEIGHT="71" WIDTH="19" VPOS="2268" HPOS="2203"/>
                  <String HEIGHT="71"
                          WIDTH="112"
                          VPOS="2268"
                          HPOS="2147"
                          CONTENT="de"/>
                  <SP HEIGHT="71" WIDTH="19" VPOS="2268" HPOS="2259"/>
                  <String HEIGHT="71" WIDTH="74" VPOS="2268" HPOS="2185" CONTENT="ca"/>
               </TextLine>
               <TextLine ID="r3l40"
                         BASELINE="2399"
                         HEIGHT="77"
                         WIDTH="952"
                         VPOS="2322"
                         HPOS="1311">
                  <String HEIGHT="77"
                          WIDTH="102"
                          VPOS="2322"
                          HPOS="1294"
                          CONTENT="su"/>
                  <SP HEIGHT="77" WIDTH="17" VPOS="2322" HPOS="1396"/>
                  <String HEIGHT="77"
                          WIDTH="153"
                          VPOS="2322"
                          HPOS="1345"
                          CONTENT="diabo"/>
                  <SP HEIGHT="77" WIDTH="17" VPOS="2322" HPOS="1498"/>
                  <String HEIGHT="77"
                          WIDTH="187"
                          VPOS="2322"
                          HPOS="1447"
                          CONTENT="capit.o"/>
                  <SP HEIGHT="77" WIDTH="17" VPOS="2322" HPOS="1634"/>
                  <String HEIGHT="77"
                          WIDTH="136"
                          VPOS="2322"
                          HPOS="1583"
                          CONTENT="xii."/>
                  <SP HEIGHT="77" WIDTH="17" VPOS="2322" HPOS="1719"/>
                  <String HEIGHT="77"
                          WIDTH="204"
                          VPOS="2322"
                          HPOS="1668"
                          CONTENT="Creatura"/>
                  <SP HEIGHT="77" WIDTH="17" VPOS="2322" HPOS="1872"/>
                  <String HEIGHT="77"
                          WIDTH="119"
                          VPOS="2322"
                          HPOS="1821"
                          CONTENT="non"/>
                  <SP HEIGHT="77" WIDTH="17" VPOS="2322" HPOS="1940"/>
                  <String HEIGHT="77"
                          WIDTH="170"
                          VPOS="2322"
                          HPOS="1889"
                          CONTENT="potest"/>
                  <SP HEIGHT="77" WIDTH="17" VPOS="2322" HPOS="2059"/>
                  <String HEIGHT="77"
                          WIDTH="170"
                          VPOS="2322"
                          HPOS="2008"
                          CONTENT="habere"/>
                  <SP HEIGHT="77" WIDTH="17" VPOS="2322" HPOS="2178"/>
                  <String HEIGHT="77"
                          WIDTH="170"
                          VPOS="2322"
                          HPOS="2127"
                          CONTENT="primum"/>
                  <SP HEIGHT="77" WIDTH="17" VPOS="2322" HPOS="2297"/>
                  <String HEIGHT="77" WIDTH="34" VPOS="2322" HPOS="2229" CONTENT=""/>
               </TextLine>
               <TextLine ID="r3l41"
                         BASELINE="2459"
                         HEIGHT="71"
                         WIDTH="966"
                         VPOS="2388"
                         HPOS="1305">
                  <String HEIGHT="71"
                          WIDTH="198"
                          VPOS="2388"
                          HPOS="1283"
                          CONTENT="actum"/>
                  <SP HEIGHT="71" WIDTH="22" VPOS="2388" HPOS="1481"/>
                  <String HEIGHT="71"
                          WIDTH="176"
                          VPOS="2388"
                          HPOS="1415"
                          CONTENT="nisi"/>
                  <SP HEIGHT="71" WIDTH="22" VPOS="2388" HPOS="1590"/>
                  <String HEIGHT="71" WIDTH="110" VPOS="2388" HPOS="1525" CONTENT="a"/>
                  <SP HEIGHT="71" WIDTH="22" VPOS="2388" HPOS="1634"/>
                  <String HEIGHT="71"
                          WIDTH="176"
                          VPOS="2388"
                          HPOS="1568"
                          CONTENT="deo."/>
                  <SP HEIGHT="71" WIDTH="22" VPOS="2388" HPOS="1744"/>
                  <String HEIGHT="71"
                          WIDTH="132"
                          VPOS="2388"
                          HPOS="1678"
                          CONTENT="Si"/>
                  <SP HEIGHT="71" WIDTH="22" VPOS="2388" HPOS="1810"/>
                  <String HEIGHT="71"
                          WIDTH="176"
                          VPOS="2388"
                          HPOS="1744"
                          CONTENT="ergo"/>
                  <SP HEIGHT="71" WIDTH="22" VPOS="2388" HPOS="1920"/>
                  <String HEIGHT="71"
                          WIDTH="132"
                          VPOS="2388"
                          HPOS="1854"
                          CONTENT="in"/>
                  <SP HEIGHT="71" WIDTH="22" VPOS="2388" HPOS="1986"/>
                  <String HEIGHT="71"
                          WIDTH="198"
                          VPOS="2388"
                          HPOS="1920"
                          CONTENT="primo"/>
                  <SP HEIGHT="71" WIDTH="22" VPOS="2388" HPOS="2117"/>
                  <String HEIGHT="71"
                          WIDTH="263"
                          VPOS="2388"
                          HPOS="2051"
                          CONTENT="instanti"/>
                  <SP HEIGHT="71" WIDTH="22" VPOS="2388" HPOS="2315"/>
                  <String HEIGHT="71" WIDTH="44" VPOS="2388" HPOS="2227" CONTENT=""/>
               </TextLine>
               <TextLine ID="r3l42"
                         BASELINE="2515"
                         HEIGHT="78"
                         WIDTH="968"
                         VPOS="2437"
                         HPOS="1307">
                  <String HEIGHT="78"
                          WIDTH="248"
                          VPOS="2437"
                          HPOS="1284"
                          CONTENT="fuisset"/>
                  <SP HEIGHT="78" WIDTH="23" VPOS="2437" HPOS="1532"/>
                  <String HEIGHT="78"
                          WIDTH="225"
                          VPOS="2437"
                          HPOS="1465"
                          CONTENT="malus:"/>
                  <SP HEIGHT="78" WIDTH="23" VPOS="2437" HPOS="1690"/>
                  <String HEIGHT="78"
                          WIDTH="225"
                          VPOS="2437"
                          HPOS="1622"
                          CONTENT="factus"/>
                  <SP HEIGHT="78" WIDTH="23" VPOS="2437" HPOS="1847"/>
                  <String HEIGHT="78"
                          WIDTH="248"
                          VPOS="2437"
                          HPOS="1780"
                          CONTENT="fuisset"/>
                  <SP HEIGHT="78" WIDTH="23" VPOS="2437" HPOS="2027"/>
                  <String HEIGHT="78"
                          WIDTH="203"
                          VPOS="2437"
                          HPOS="1960"
                          CONTENT="malus"/>
                  <SP HEIGHT="78" WIDTH="23" VPOS="2437" HPOS="2162"/>
                  <String HEIGHT="78" WIDTH="113" VPOS="2437" HPOS="2095" CONTENT="a"/>
                  <SP HEIGHT="78" WIDTH="23" VPOS="2437" HPOS="2207"/>
                  <String HEIGHT="78"
                          WIDTH="180"
                          VPOS="2437"
                          HPOS="2140"
                          CONTENT="deo:"/>
                  <SP HEIGHT="78" WIDTH="23" VPOS="2437" HPOS="2320"/>
                  <String HEIGHT="78" WIDTH="45" VPOS="2437" HPOS="2230" CONTENT=""/>
               </TextLine>
               <TextLine ID="r3l43"
                         BASELINE="2571"
                         HEIGHT="72"
                         WIDTH="972"
                         VPOS="2499"
                         HPOS="1299">
                  <String HEIGHT="72"
                          WIDTH="158"
                          VPOS="2499"
                          HPOS="1276"
                          CONTENT="Tum"/>
                  <SP HEIGHT="72" WIDTH="23" VPOS="2499" HPOS="1435"/>
                  <String HEIGHT="72"
                          WIDTH="181"
                          VPOS="2499"
                          HPOS="1367"
                          CONTENT="quia"/>
                  <SP HEIGHT="72" WIDTH="23" VPOS="2499" HPOS="1548"/>
                  <String HEIGHT="72"
                          WIDTH="226"
                          VPOS="2499"
                          HPOS="1480"
                          CONTENT="statim"/>
                  <SP HEIGHT="72" WIDTH="23" VPOS="2499" HPOS="1706"/>
                  <String HEIGHT="72"
                          WIDTH="136"
                          VPOS="2499"
                          HPOS="1638"
                          CONTENT="in"/>
                  <SP HEIGHT="72" WIDTH="23" VPOS="2499" HPOS="1774"/>
                  <String HEIGHT="72"
                          WIDTH="271"
                          VPOS="2499"
                          HPOS="1706"
                          CONTENT="peccando"/>
                  <SP HEIGHT="72" WIDTH="23" VPOS="2499" HPOS="1977"/>
                  <String HEIGHT="72"
                          WIDTH="181"
                          VPOS="2499"
                          HPOS="1909"
                          CONTENT="fuit"/>
                  <SP HEIGHT="72" WIDTH="23" VPOS="2499" HPOS="2090"/>
                  <String HEIGHT="72"
                          WIDTH="294"
                          VPOS="2499"
                          HPOS="2022"
                          CONTENT="corruptus"/>
                  <SP HEIGHT="72" WIDTH="23" VPOS="2499" HPOS="2316"/>
                  <String HEIGHT="72" WIDTH="45" VPOS="2499" HPOS="2226" CONTENT=""/>
               </TextLine>
               <TextLine ID="r3l44"
                         BASELINE="2626"
                         HEIGHT="76"
                         WIDTH="967"
                         VPOS="2550"
                         HPOS="1302">
                  <String HEIGHT="76"
                          WIDTH="104"
                          VPOS="2550"
                          HPOS="1285"
                          CONTENT="in"/>
                  <SP HEIGHT="76" WIDTH="17" VPOS="2550" HPOS="1388"/>
                  <String HEIGHT="76"
                          WIDTH="276"
                          VPOS="2550"
                          HPOS="1337"
                          CONTENT="naturalibus:"/>
                  <SP HEIGHT="76" WIDTH="17" VPOS="2550" HPOS="1613"/>
                  <String HEIGHT="76"
                          WIDTH="104"
                          VPOS="2550"
                          HPOS="1561"
                          CONTENT="et"/>
                  <SP HEIGHT="76" WIDTH="17" VPOS="2550" HPOS="1665"/>
                  <String HEIGHT="76"
                          WIDTH="224"
                          VPOS="2550"
                          HPOS="1613"
                          CONTENT="depressus"/>
                  <SP HEIGHT="76" WIDTH="17" VPOS="2550" HPOS="1837"/>
                  <String HEIGHT="76"
                          WIDTH="104"
                          VPOS="2550"
                          HPOS="1786"
                          CONTENT="in"/>
                  <SP HEIGHT="76" WIDTH="17" VPOS="2550" HPOS="1889"/>
                  <String HEIGHT="76"
                          WIDTH="138"
                          VPOS="2550"
                          HPOS="1837"
                          CONTENT="libe"/>
                  <SP HEIGHT="76" WIDTH="17" VPOS="2550" HPOS="1975"/>
                  <String HEIGHT="76"
                          WIDTH="224"
                          VPOS="2550"
                          HPOS="1924"
                          CONTENT="arbitrium"/>
                  <SP HEIGHT="76" WIDTH="17" VPOS="2550" HPOS="2148"/>
                  <String HEIGHT="76"
                          WIDTH="207"
                          VPOS="2550"
                          HPOS="2096"
                          CONTENT="secundum"/>
                  <SP HEIGHT="76" WIDTH="17" VPOS="2550" HPOS="2304"/>
                  <String HEIGHT="76" WIDTH="35" VPOS="2550" HPOS="2234" CONTENT=""/>
               </TextLine>
               <TextLine ID="r3l45"
                         BASELINE="2676"
                         HEIGHT="65"
                         WIDTH="957"
                         VPOS="2611"
                         HPOS="1304">
                  <String HEIGHT="65"
                          WIDTH="147"
                          VPOS="2611"
                          HPOS="1286"
                          CONTENT="quod"/>
                  <SP HEIGHT="65" WIDTH="18" VPOS="2611" HPOS="1433"/>
                  <String HEIGHT="65"
                          WIDTH="166"
                          VPOS="2611"
                          HPOS="1378"
                          CONTENT="dicit"/>
                  <SP HEIGHT="65" WIDTH="18" VPOS="2611" HPOS="1543"/>
                  <String HEIGHT="65"
                          WIDTH="110"
                          VPOS="2611"
                          HPOS="1488"
                          CONTENT="ma"/>
                  <SP HEIGHT="65" WIDTH="18" VPOS="2611" HPOS="1598"/>
                  <String HEIGHT="65"
                          WIDTH="184"
                          VPOS="2611"
                          HPOS="1543"
                          CONTENT="rister"/>
                  <SP HEIGHT="65" WIDTH="18" VPOS="2611" HPOS="1727"/>
                  <String HEIGHT="65"
                          WIDTH="166"
                          VPOS="2611"
                          HPOS="1672"
                          CONTENT="libro"/>
                  <SP HEIGHT="65" WIDTH="18" VPOS="2611" HPOS="1838"/>
                  <String HEIGHT="65"
                          WIDTH="110"
                          VPOS="2611"
                          HPOS="1783"
                          CONTENT="ii"/>
                  <SP HEIGHT="65" WIDTH="18" VPOS="2611" HPOS="1893"/>
                  <String HEIGHT="65"
                          WIDTH="147"
                          VPOS="2611"
                          HPOS="1838"
                          CONTENT="dist"/>
                  <SP HEIGHT="65" WIDTH="18" VPOS="2611" HPOS="1985"/>
                  <String HEIGHT="65"
                          WIDTH="129"
                          VPOS="2611"
                          HPOS="1930"
                          CONTENT="vii"/>
                  <SP HEIGHT="65" WIDTH="18" VPOS="2611" HPOS="2059"/>
                  <String HEIGHT="65"
                          WIDTH="110"
                          VPOS="2611"
                          HPOS="2003"
                          CONTENT="et"/>
                  <SP HEIGHT="65" WIDTH="18" VPOS="2611" HPOS="2114"/>
                  <String HEIGHT="65"
                          WIDTH="129"
                          VPOS="2611"
                          HPOS="2059"
                          CONTENT="sic"/>
                  <SP HEIGHT="65" WIDTH="18" VPOS="2611" HPOS="2187"/>
                  <String HEIGHT="65"
                          WIDTH="110"
                          VPOS="2611"
                          HPOS="2132"
                          CONTENT="si"/>
                  <SP HEIGHT="65" WIDTH="18" VPOS="2611" HPOS="2243"/>
                  <String HEIGHT="65"
                          WIDTH="92"
                          VPOS="2611"
                          HPOS="2169"
                          CONTENT="pec"/>
               </TextLine>
               <TextLine ID="r3l46"
                         BASELINE="2739"
                         HEIGHT="73"
                         WIDTH="943"
                         VPOS="2666"
                         HPOS="1308">
                  <String HEIGHT="73"
                          WIDTH="196"
                          VPOS="2666"
                          HPOS="1288"
                          CONTENT="casset"/>
                  <SP HEIGHT="73" WIDTH="20" VPOS="2666" HPOS="1485"/>
                  <String HEIGHT="73"
                          WIDTH="118"
                          VPOS="2666"
                          HPOS="1426"
                          CONTENT="in"/>
                  <SP HEIGHT="73" WIDTH="20" VPOS="2666" HPOS="1544"/>
                  <String HEIGHT="73"
                          WIDTH="177"
                          VPOS="2666"
                          HPOS="1485"
                          CONTENT="primo"/>
                  <SP HEIGHT="73" WIDTH="20" VPOS="2666" HPOS="1662"/>
                  <String HEIGHT="73"
                          WIDTH="255"
                          VPOS="2666"
                          HPOS="1603"
                          CONTENT="instanti:"/>
                  <SP HEIGHT="73" WIDTH="20" VPOS="2666" HPOS="1858"/>
                  <String HEIGHT="73"
                          WIDTH="177"
                          VPOS="2666"
                          HPOS="1799"
                          CONTENT="simul"/>
                  <SP HEIGHT="73" WIDTH="20" VPOS="2666" HPOS="1976"/>
                  <String HEIGHT="73"
                          WIDTH="216"
                          VPOS="2666"
                          HPOS="1917"
                          CONTENT="fuisset"/>
                  <SP HEIGHT="73" WIDTH="20" VPOS="2666" HPOS="2133"/>
                  <String HEIGHT="73"
                          WIDTH="216"
                          VPOS="2666"
                          HPOS="2074"
                          CONTENT="integer"/>
                  <SP HEIGHT="73" WIDTH="20" VPOS="2666" HPOS="2290"/>
                  <String HEIGHT="73" WIDTH="39" VPOS="2666" HPOS="2212" CONTENT=""/>
               </TextLine>
               <TextLine ID="r3l47"
                         BASELINE="2794"
                         HEIGHT="82"
                         WIDTH="952"
                         VPOS="2712"
                         HPOS="1310">
                  <String HEIGHT="82"
                          WIDTH="136"
                          VPOS="2712"
                          HPOS="1287"
                          CONTENT="in"/>
                  <SP HEIGHT="82" WIDTH="23" VPOS="2712" HPOS="1423"/>
                  <String HEIGHT="82"
                          WIDTH="340"
                          VPOS="2712"
                          HPOS="1355"
                          CONTENT="naturalibus"/>
                  <SP HEIGHT="82" WIDTH="23" VPOS="2712" HPOS="1695"/>
                  <String HEIGHT="82"
                          WIDTH="136"
                          VPOS="2712"
                          HPOS="1627"
                          CONTENT="et"/>
                  <SP HEIGHT="82" WIDTH="23" VPOS="2712" HPOS="1763"/>
                  <String HEIGHT="82"
                          WIDTH="295"
                          VPOS="2712"
                          HPOS="1695"
                          CONTENT="corruptus"/>
                  <SP HEIGHT="82" WIDTH="23" VPOS="2712" HPOS="1990"/>
                  <String HEIGHT="82"
                          WIDTH="159"
                          VPOS="2712"
                          HPOS="1922"
                          CONTENT="vel"/>
                  <SP HEIGHT="82" WIDTH="23" VPOS="2712" HPOS="2081"/>
                  <String HEIGHT="82"
                          WIDTH="295"
                          VPOS="2712"
                          HPOS="2013"
                          CONTENT="depressus"/>
                  <SP HEIGHT="82" WIDTH="23" VPOS="2712" HPOS="2307"/>
                  <String HEIGHT="82" WIDTH="45" VPOS="2712" HPOS="2217" CONTENT=""/>
               </TextLine>
               <TextLine ID="r3l48"
                         BASELINE="2843"
                         HEIGHT="70"
                         WIDTH="942"
                         VPOS="2773"
                         HPOS="1308">
                  <String HEIGHT="70"
                          WIDTH="123"
                          VPOS="2773"
                          HPOS="1288"
                          CONTENT="Si"/>
                  <SP HEIGHT="70" WIDTH="20" VPOS="2773" HPOS="1410"/>
                  <String HEIGHT="70"
                          WIDTH="184"
                          VPOS="2773"
                          HPOS="1349"
                          CONTENT="autem"/>
                  <SP HEIGHT="70" WIDTH="20" VPOS="2773" HPOS="1533"/>
                  <String HEIGHT="70"
                          WIDTH="287"
                          VPOS="2773"
                          HPOS="1472"
                          CONTENT="concedatur"/>
                  <SP HEIGHT="70" WIDTH="20" VPOS="2773" HPOS="1759"/>
                  <String HEIGHT="70"
                          WIDTH="164"
                          VPOS="2773"
                          HPOS="1697"
                          CONTENT="quod"/>
                  <SP HEIGHT="70" WIDTH="20" VPOS="2773" HPOS="1861"/>
                  <String HEIGHT="70"
                          WIDTH="143"
                          VPOS="2773"
                          HPOS="1799"
                          CONTENT="non"/>
                  <SP HEIGHT="70" WIDTH="20" VPOS="2773" HPOS="1943"/>
                  <String HEIGHT="70"
                          WIDTH="205"
                          VPOS="2773"
                          HPOS="1881"
                          CONTENT="potuit"/>
                  <SP HEIGHT="70" WIDTH="20" VPOS="2773" HPOS="2086"/>
                  <String HEIGHT="70"
                          WIDTH="225"
                          VPOS="2773"
                          HPOS="2025"
                          CONTENT="peccare"/>
                  <SP HEIGHT="70" WIDTH="20" VPOS="2773" HPOS="2250"/>
                  <String HEIGHT="70" WIDTH="82" VPOS="2773" HPOS="2168" CONTENT="in"/>
               </TextLine>
               <TextLine ID="r3l49"
                         BASELINE="2900"
                         HEIGHT="58"
                         WIDTH="928"
                         VPOS="2842"
                         HPOS="1314">
                  <String HEIGHT="58"
                          WIDTH="174"
                          VPOS="2842"
                          HPOS="1295"
                          CONTENT="primo"/>
                  <SP HEIGHT="58" WIDTH="19" VPOS="2842" HPOS="1469"/>
                  <String HEIGHT="58"
                          WIDTH="232"
                          VPOS="2842"
                          HPOS="1411"
                          CONTENT="instanti"/>
                  <SP HEIGHT="58" WIDTH="19" VPOS="2842" HPOS="1643"/>
                  <String HEIGHT="58"
                          WIDTH="155"
                          VPOS="2842"
                          HPOS="1585"
                          CONTENT="suae"/>
                  <SP HEIGHT="58" WIDTH="19" VPOS="2842" HPOS="1739"/>
                  <String HEIGHT="58"
                          WIDTH="290"
                          VPOS="2842"
                          HPOS="1681"
                          CONTENT="creationis:"/>
                  <SP HEIGHT="58" WIDTH="19" VPOS="2842" HPOS="1971"/>
                  <String HEIGHT="58"
                          WIDTH="135"
                          VPOS="2842"
                          HPOS="1913"
                          CONTENT="sed"/>
                  <SP HEIGHT="58" WIDTH="19" VPOS="2842" HPOS="2049"/>
                  <String HEIGHT="58"
                          WIDTH="155"
                          VPOS="2842"
                          HPOS="1991"
                          CONTENT="post"/>
                  <SP HEIGHT="58" WIDTH="19" VPOS="2842" HPOS="2145"/>
                  <String HEIGHT="58"
                          WIDTH="193"
                          VPOS="2842"
                          HPOS="2087"
                          CONTENT="tantum"/>
                  <SP HEIGHT="58" WIDTH="19" VPOS="2842" HPOS="2281"/>
                  <String HEIGHT="58" WIDTH="39" VPOS="2842" HPOS="2203" CONTENT=""/>
               </TextLine>
               <TextLine ID="r3l50"
                         BASELINE="2956"
                         HEIGHT="64"
                         WIDTH="932"
                         VPOS="2892"
                         HPOS="1307">
                  <String HEIGHT="64"
                          WIDTH="228"
                          VPOS="2892"
                          HPOS="1286"
                          CONTENT="Contra."/>
                  <SP HEIGHT="64" WIDTH="21" VPOS="2892" HPOS="1514"/>
                  <String HEIGHT="64"
                          WIDTH="145"
                          VPOS="2892"
                          HPOS="1452"
                          CONTENT="aut"/>
                  <SP HEIGHT="64" WIDTH="21" VPOS="2892" HPOS="1597"/>
                  <String HEIGHT="64"
                          WIDTH="145"
                          VPOS="2892"
                          HPOS="1535"
                          CONTENT="est"/>
                  <SP HEIGHT="64" WIDTH="21" VPOS="2892" HPOS="1680"/>
                  <String HEIGHT="64"
                          WIDTH="166"
                          VPOS="2892"
                          HPOS="1618"
                          CONTENT="dare"/>
                  <SP HEIGHT="64" WIDTH="21" VPOS="2892" HPOS="1783"/>
                  <String HEIGHT="64"
                          WIDTH="207"
                          VPOS="2892"
                          HPOS="1721"
                          CONTENT="primum"/>
                  <SP HEIGHT="64" WIDTH="21" VPOS="2892" HPOS="1928"/>
                  <String HEIGHT="64"
                          WIDTH="228"
                          VPOS="2892"
                          HPOS="1866"
                          CONTENT="instans"/>
                  <SP HEIGHT="64" WIDTH="21" VPOS="2892" HPOS="2094"/>
                  <String HEIGHT="64"
                          WIDTH="124"
                          VPOS="2892"
                          HPOS="2032"
                          CONTENT="in"/>
                  <SP HEIGHT="64" WIDTH="21" VPOS="2892" HPOS="2156"/>
                  <String HEIGHT="64"
                          WIDTH="145"
                          VPOS="2892"
                          HPOS="2094"
                          CONTENT="quo"/>
                  <SP HEIGHT="64" WIDTH="21" VPOS="2892" HPOS="2239"/>
                  <String HEIGHT="64" WIDTH="83" VPOS="2892" HPOS="2156" CONTENT="po"/>
               </TextLine>
               <TextLine ID="r3l51"
                         BASELINE="2998"
                         HEIGHT="51"
                         WIDTH="929"
                         VPOS="2947"
                         HPOS="1314">
                  <String HEIGHT="51"
                          WIDTH="146"
                          VPOS="2947"
                          HPOS="1296"
                          CONTENT="tuit"/>
                  <SP HEIGHT="51" WIDTH="18" VPOS="2947" HPOS="1442"/>
                  <String HEIGHT="51"
                          WIDTH="219"
                          VPOS="2947"
                          HPOS="1387"
                          CONTENT="peccare:"/>
                  <SP HEIGHT="51" WIDTH="18" VPOS="2947" HPOS="1605"/>
                  <String HEIGHT="51"
                          WIDTH="128"
                          VPOS="2947"
                          HPOS="1551"
                          CONTENT="vel"/>
                  <SP HEIGHT="51" WIDTH="18" VPOS="2947" HPOS="1678"/>
                  <String HEIGHT="51"
                          WIDTH="146"
                          VPOS="2947"
                          HPOS="1624"
                          CONTENT="non."/>
                  <SP HEIGHT="51" WIDTH="18" VPOS="2947" HPOS="1769"/>
                  <String HEIGHT="51"
                          WIDTH="109"
                          VPOS="2947"
                          HPOS="1715"
                          CONTENT="Si"/>
                  <SP HEIGHT="51" WIDTH="18" VPOS="2947" HPOS="1824"/>
                  <String HEIGHT="51"
                          WIDTH="146"
                          VPOS="2947"
                          HPOS="1769"
                          CONTENT="sic:"/>
                  <SP HEIGHT="51" WIDTH="18" VPOS="2947" HPOS="1915"/>
                  <String HEIGHT="51"
                          WIDTH="128"
                          VPOS="2947"
                          HPOS="1860"
                          CONTENT="sit"/>
                  <SP HEIGHT="51" WIDTH="18" VPOS="2947" HPOS="1988"/>
                  <String HEIGHT="51"
                          WIDTH="109"
                          VPOS="2947"
                          HPOS="1933"
                          CONTENT="a."/>
                  <SP HEIGHT="51" WIDTH="18" VPOS="2947" HPOS="2043"/>
                  <String HEIGHT="51"
                          WIDTH="146"
                          VPOS="2947"
                          HPOS="1988"
                          CONTENT="tun:"/>
                  <SP HEIGHT="51" WIDTH="18" VPOS="2947" HPOS="2134"/>
                  <String HEIGHT="51"
                          WIDTH="164"
                          VPOS="2947"
                          HPOS="2079"
                          CONTENT="inter"/>
                  <SP HEIGHT="51" WIDTH="18" VPOS="2947" HPOS="2243"/>
                  <String HEIGHT="51" WIDTH="73" VPOS="2947" HPOS="2170" CONTENT="in"/>
               </TextLine>
               <TextLine ID="r3l52"
                         BASELINE="3069"
                         HEIGHT="78"
                         WIDTH="942"
                         VPOS="2991"
                         HPOS="1308">
                  <String HEIGHT="78"
                          WIDTH="160"
                          VPOS="2991"
                          HPOS="1290"
                          CONTENT="stans"/>
                  <SP HEIGHT="78" WIDTH="18" VPOS="2991" HPOS="1450"/>
                  <String HEIGHT="78" WIDTH="89" VPOS="2991" HPOS="1397" CONTENT="a"/>
                  <SP HEIGHT="78" WIDTH="18" VPOS="2991" HPOS="1486"/>
                  <String HEIGHT="78"
                          WIDTH="107"
                          VPOS="2991"
                          HPOS="1432"
                          CONTENT="et"/>
                  <SP HEIGHT="78" WIDTH="18" VPOS="2991" HPOS="1539"/>
                  <String HEIGHT="78"
                          WIDTH="178"
                          VPOS="2991"
                          HPOS="1486"
                          CONTENT="tempus"/>
                  <SP HEIGHT="78" WIDTH="18" VPOS="2991" HPOS="1663"/>
                  <String HEIGHT="78"
                          WIDTH="249"
                          VPOS="2991"
                          HPOS="1610"
                          CONTENT="creationis"/>
                  <SP HEIGHT="78" WIDTH="18" VPOS="2991" HPOS="1859"/>
                  <String HEIGHT="78"
                          WIDTH="142"
                          VPOS="2991"
                          HPOS="1806"
                          CONTENT="fuit"/>
                  <SP HEIGHT="78" WIDTH="18" VPOS="2991" HPOS="1948"/>
                  <String HEIGHT="78"
                          WIDTH="178"
                          VPOS="2991"
                          HPOS="1895"
                          CONTENT="medium"/>
                  <SP HEIGHT="78" WIDTH="18" VPOS="2991" HPOS="2072"/>
                  <String HEIGHT="78"
                          WIDTH="178"
                          VPOS="2991"
                          HPOS="2019"
                          CONTENT="tempus"/>
                  <SP HEIGHT="78" WIDTH="18" VPOS="2991" HPOS="2197"/>
                  <String HEIGHT="78"
                          WIDTH="142"
                          VPOS="2991"
                          HPOS="2143"
                          CONTENT="ergo"/>
                  <SP HEIGHT="78" WIDTH="18" VPOS="2991" HPOS="2286"/>
                  <String HEIGHT="78" WIDTH="36" VPOS="2991" HPOS="2214" CONTENT=""/>
               </TextLine>
               <TextLine ID="r3l53"
                         BASELINE="3123"
                         HEIGHT="69"
                         WIDTH="956"
                         VPOS="3054"
                         HPOS="1295">
                  <String HEIGHT="69"
                          WIDTH="112"
                          VPOS="3054"
                          HPOS="1276"
                          CONTENT="in"/>
                  <SP HEIGHT="69" WIDTH="19" VPOS="3054" HPOS="1389"/>
                  <String HEIGHT="69"
                          WIDTH="150"
                          VPOS="3054"
                          HPOS="1332"
                          CONTENT="illo"/>
                  <SP HEIGHT="69" WIDTH="19" VPOS="3054" HPOS="1482"/>
                  <String HEIGHT="69"
                          WIDTH="150"
                          VPOS="3054"
                          HPOS="1426"
                          CONTENT="toto"/>
                  <SP HEIGHT="69" WIDTH="19" VPOS="3054" HPOS="1576"/>
                  <String HEIGHT="69"
                          WIDTH="206"
                          VPOS="3054"
                          HPOS="1520"
                          CONTENT="tempore"/>
                  <SP HEIGHT="69" WIDTH="19" VPOS="3054" HPOS="1726"/>
                  <String HEIGHT="69"
                          WIDTH="169"
                          VPOS="3054"
                          HPOS="1670"
                          CONTENT="medio"/>
                  <SP HEIGHT="69" WIDTH="19" VPOS="3054" HPOS="1839"/>
                  <String HEIGHT="69"
                          WIDTH="150"
                          VPOS="3054"
                          HPOS="1782"
                          CONTENT="fuit"/>
                  <SP HEIGHT="69" WIDTH="19" VPOS="3054" HPOS="1932"/>
                  <String HEIGHT="69"
                          WIDTH="319"
                          VPOS="3054"
                          HPOS="1876"
                          CONTENT="impeccabilis."/>
                  <SP HEIGHT="69" WIDTH="19" VPOS="3054" HPOS="2195"/>
                  <String HEIGHT="69"
                          WIDTH="150"
                          VPOS="3054"
                          HPOS="2139"
                          CONTENT="quod"/>
                  <SP HEIGHT="69" WIDTH="19" VPOS="3054" HPOS="2288"/>
                  <String HEIGHT="69" WIDTH="37" VPOS="3054" HPOS="2214" CONTENT=""/>
               </TextLine>
               <TextLine ID="r3l54"
                         BASELINE="3195"
                         HEIGHT="80"
                         WIDTH="963"
                         VPOS="3115"
                         HPOS="1305">
                  <String HEIGHT="80"
                          WIDTH="138"
                          VPOS="3115"
                          HPOS="1285"
                          CONTENT="non"/>
                  <SP HEIGHT="80" WIDTH="20" VPOS="3115" HPOS="1423"/>
                  <String HEIGHT="80"
                          WIDTH="216"
                          VPOS="3115"
                          HPOS="1364"
                          CONTENT="apparet"/>
                  <SP HEIGHT="80" WIDTH="20" VPOS="3115" HPOS="1580"/>
                  <String HEIGHT="80"
                          WIDTH="314"
                          VPOS="3115"
                          HPOS="1521"
                          CONTENT="rationabile:"/>
                  <SP HEIGHT="80" WIDTH="20" VPOS="3115" HPOS="1836"/>
                  <String HEIGHT="80"
                          WIDTH="157"
                          VPOS="3115"
                          HPOS="1777"
                          CONTENT="tunc"/>
                  <SP HEIGHT="80" WIDTH="20" VPOS="3115" HPOS="1934"/>
                  <String HEIGHT="80"
                          WIDTH="157"
                          VPOS="3115"
                          HPOS="1875"
                          CONTENT="enim"/>
                  <SP HEIGHT="80" WIDTH="20" VPOS="3115" HPOS="2032"/>
                  <String HEIGHT="80"
                          WIDTH="177"
                          VPOS="3115"
                          HPOS="1973"
                          CONTENT="esset"/>
                  <SP HEIGHT="80" WIDTH="20" VPOS="3115" HPOS="2150"/>
                  <String HEIGHT="80"
                          WIDTH="157"
                          VPOS="3115"
                          HPOS="2091"
                          CONTENT="dare"/>
                  <SP HEIGHT="80" WIDTH="20" VPOS="3115" HPOS="2248"/>
                  <String HEIGHT="80" WIDTH="98" VPOS="3115" HPOS="2170" CONTENT="in"/>
               </TextLine>
            </TextBlock>
         </PrintSpace>
      </Page>
   </Layout>
</alto>
