2550 3300
242 172 167 63 ergo
347 172 167 63 fuit
451 172 293 63 acceptator
682 172 314 63 personarum:
933 172 167 63 ergo
1038 172 230 63 errauit

314 232 167 57 Nono
419 232 147 57 sic
502 232 272 57 probatur.
712 232 167 57 sint
816 232 147 57 duo
900 232 209 57 angeli
1047 232 105 57 a
1088 232 126 57 et
1130 232 84 57 b.

241 291 284 57 procipiat
460 291 175 57 deus
569 291 262 57 cuilibet
765 291 306 57 alternatim
984 291 240 57 custodire

260 336 185 59 sortem
389 336 221 59 secundum
555 336 185 59 partes
684 336 369 59 proportionabiles
998 336 185 59 istius
1108 336 111 59 diei

256 393 136 58 ita
333 393 156 58 quod
431 393 97 58 a
470 393 253 58 custodiat
665 393 117 58 in
723 393 175 58 prima
840 393 273 58 medietate:
1055 393 117 58 et
1113 393 97 58 b
1152 393 117 58 in

264 442 201 65 secunda:
415 442 101 65 et
465 442 117 65 sic
533 442 235 65 alternatim
717 442 151 65 usque
818 442 101 65 ad
868 442 151 65 finem
968 442 151 65 diei:
1069 442 117 65 qui
1136 442 117 65 sit

249 496 117 68 c.
308 496 117 68 in
367 496 137 68 quo
445 496 235 68 moriatur
621 496 215 68 sortes.
777 496 117 68 et
836 496 156 68 pono
934 496 156 68 quod
1031 496 196 68 sortes
1149 496 78 68 in

248 569 213 50 tendat
397 569 234 50 meritum
567 569 170 50 suum
673 569 255 50 continue
865 569 192 50 donec
993 569 277 50 moriatur.

255 621 149 54 isto
348 621 149 54 casu
441 621 204 54 posito:
590 621 149 54 quis
683 621 204 54 istorum
831 621 297 54 praesentabit
1072 621 186 54 animam

255 670 196 62 sortis
393 670 137 62 deo
471 670 137 62 cum
549 670 216 62 meritis
706 670 176 62 iuis:
824 670 216 62 Uidetur
981 670 157 62 quod
1059 670 157 62 neute-

261 740 138 54 quia
347 740 190 54 vterque
485 740 155 54 eorum
589 740 190 54 dimisit
727 740 121 54 eum
796 740 138 54 ante
883 740 104 54 c.
934 740 138 54 ergo
1021 740 104 54 ad
1073 740 190 54 neutrum

253 784 168 54 eorum
365 784 224 54 pertinet
533 784 280 54 praesentare
757 784 168 54 istam
869 784 186 54 animam
999 784 224 54 christo.
1148 784 75 54 An

263 839 215 60 tecedens
424 839 179 60 patet:
550 839 143 60 quia
639 839 107 60 si
693 839 161 60 alter
800 839 161 60 eorum
908 839 215 60 continue
1069 839 197 60 custodi

264 899 127 56 uit
336 899 163 56 vsque
445 899 109 56 ad
499 899 163 56 finem
608 899 109 56 c.
662 899 217 56 sequitur
825 899 145 56 quod
916 899 199 56 vterque
1061 899 199 56 errauit

258 948 166 71 contra
374 948 166 71 primum
491 948 249 71 praeceptum.
689 948 133 71 quia
772 948 99 71 si
822 948 232 71 custodiuit
1004 948 216 71 continuae
1154 948 66 71 ul

263 1006 116 74 quem
336 1006 87 74 ad
380 1006 87 74 c:
423 1006 102 74 sit
481 1006 131 74 illud
568 1006 145 74 tempus
670 1006 87 74 d:
713 1006 116 74 tunc
786 1006 102 74 sic
844 1006 73 74 d
873 1006 102 74 est
931 1006 160 74 tempus:
1047 1006 116 74 ergo
1119 1006 131 74 habet

258 1059 185 68 partes
388 1059 389 68 proportionabiles.
721 1059 148 68 ergo
814 1059 148 68 isti
906 1059 130 68 non
980 1059 278 68 alternauert

255 1124 187 70 secundum
396 1124 156 70 partes
505 1124 312 70 proportionabiles
770 1124 156 70 ipsius
880 1124 94 70 b.
926 1124 94 70 et
973 1124 109 70 per
1036 1124 218 70 consequens

248 1172 137 63 nec
327 1172 177 63 huius
445 1172 157 63 dici
543 1172 177 63 vsque
660 1172 118 63 ad
719 1172 118 63 c.
778 1172 157 63 quod
876 1172 137 63 est
954 1172 196 63 contra
1072 1172 157 63 praece

249 1237 146 62 ptum
340 1237 128 62 eis
413 1237 183 62 datum.
542 1237 183 62 igitur
670 1237 183 62 neuter
798 1237 201 62 istorum
944 1237 256 62 custodivit
1145 1237 128 62 eum

259 1292 182 63 usque
380 1292 121 63 ad
440 1292 121 63 c.
501 1292 121 63 Et
561 1292 202 63 vltra.
703 1292 161 63 ergo
803 1292 222 63 vterque
965 1292 222 63 dimisit
1126 1292 141 63 eum

252 1353 165 58 ante
356 1353 124 58 c.
417 1353 124 58 et
479 1353 206 58 vltra:
624 1353 165 58 ergo
727 1353 206 58 sortes
871 1353 165 58 fuit
974 1353 248 58 dimissus
1139 1353 83 58 so

254 1403 129 71 lus
327 1403 166 71 ante.
438 1403 111 71 c.
494 1403 148 71 ergo
586 1403 203 71 vterque
734 1403 222 71 errauit.
901 1403 240 71 Praeterea
1067 1403 148 71 neuter

254 1460 190 62 eorum
381 1460 190 62 nouit
507 1460 211 62 summam
655 1460 232 62 gratiam
824 1460 169 62 quam
930 1460 232 62 habuit.
1099 1460 169 62 ergo

243 1512 193 67 neuter
378 1512 212 67 istorum
532 1512 174 67 nouit
648 1512 154 67 suum
744 1512 231 67 meritum.
918 1512 154 67 ergo
1014 1512 212 67 neuteri
1149 1512 77 67 pt

256 1567 273 68 sufficienter
478 1567 120 68 sua
546 1567 171 68 merita
666 1567 256 68 praesentare
871 1567 205 68 christo.
1025 1567 239 68 Antecedens

244 1631 175 56 patet
360 1631 273 56 inductive:
575 1631 156 56 quia
672 1631 97 56 a
711 1631 136 56 non
789 1631 175 56 nouit
906 1631 195 56 summam
1043 1631 214 56 gratiam

241 1687 143 72 quam
330 1687 178 72 habuit
455 1687 196 72 sortes:
597 1687 143 72 quia
687 1687 143 72 post
776 1687 232 72 quodlibet
954 1687 178 72 tempus
1078 1687 107 72 in
1132 1687 125 72 quo

237 1732 101 79 a
277 1732 303 79 custodivit:
520 1732 202 79 sortes
662 1732 243 79 profecit
844 1732 121 79 ad
904 1732 202 79 maiore
1046 1732 223 79 gertram

250 1803 177 54 ergo
361 1803 111 54 a
405 1803 155 54 non
493 1803 199 54 nouit
626 1803 221 54 summam
781 1803 244 54 gratiam
958 1803 177 54 quam
1047 1803 177 54 sortes

251 1843 202 69 habuit.
398 1843 165 69 Codem
508 1843 147 69 modo
600 1843 184 69 potest
728 1843 165 69 argui
838 1843 110 69 de
893 1843 110 69 b.
949 1843 239 69 Similiter
1114 1843 110 69 nul-

249 1905 127 66 la
312 1905 169 66 fuit
418 1905 190 66 summa
544 1905 211 66 gratia
692 1905 169 66 quam
797 1905 211 66 sortes
945 1905 211 66 habuit
1092 1905 169 66 ante

252 1969 121 58 c:
312 1969 162 58 ergo
414 1969 202 58 neuter
555 1969 182 58 eorum
677 1969 182 58 nouit
798 1969 202 58 summam
940 1969 223 58 gratiam
1102 1969 162 58 quam

250 2015 224 63 sortes
406 2015 224 63 habuit
563 2015 134 63 in
630 2015 179 63 vita
742 2015 179 63 sua.
853 2015 224 63 Decimo
1010 2015 157 63 sub
1099 2015 157 63 hac

249 2072 178 67 forma
368 2072 217 67 retento
526 2072 158 67 casu
625 2072 198 67 priori
763 2072 119 67 de
823 2072 178 67 sorte
941 2072 138 67 per
1020 2072 198 67 omnia:
1139 2072 79 67 po

259 2131 122 64 non
328 2131 140 64 tres
416 2131 157 64 malos
520 2131 192 64 angelos
660 2131 105 64 as
712 2131 209 64 scilitet
869 2131 140 64 ergo
956 2131 122 64 qui
1026 2131 227 64 alternent

242 2196 299 56 pugnationem
481 2196 179 56 circa
601 2196 199 56 sortem
740 2196 199 56 omnino
879 2196 179 56 sicut
999 2196 219 56 faciunt
1158 2196 100 56 a

250 2250 111 63 et
306 2250 111 63 b.
362 2250 148 63 isto
454 2250 148 63 casu
547 2250 204 63 adiecto
696 2250 111 63 ad
751 2250 204 63 prorem:
900 2250 167 63 probo
1011 2250 148 63 quod
1104 2250 130 63 nec
1159 2250 56 63 a

260 2299 133 56 nec
336 2299 95 56 b
374 2299 152 56 bene
469 2299 266 56 custodiet:
678 2299 114 56 et
735 2299 171 56 tamen
849 2299 171 56 casus
963 2299 133 56 est
1020 2299 190 56 possibi-

257 2349 125 78 lis
329 2349 108 78 et
383 2349 287 78 rationabilis
616 2349 108 78 si
669 2349 125 78 deo
741 2349 251 78 placuerit.
938 2349 143 78 ergo
1028 2349 161 78 alter
1117 2349 90 78 eo-

238 2411 117 56 rum
305 2411 201 56 etrabit.
456 2411 235 56 Antecedens
640 2411 168 56 probo:
758 2411 134 56 quia
841 2411 101 56 si
892 2411 184 56 vterque
1026 2411 151 56 eorum
1109 2411 101 56 bene

236 2467 274 55 custodiet:
452 2467 157 55 ergo
550 2467 215 55 vterque
706 2467 215 55 istorum
863 2467 176 55 sciet
980 2467 235 55 accusare

248 2521 144 59 iur.
338 2521 144 59 ergo
428 2521 108 59 et
482 2521 180 59 dicere
608 2521 144 59 quis
698 2521 162 59 eorum
807 2521 270 59 frequentius
1023 2521 216 59 restitit

249 2584 316 51 consequentia
506 2584 198 51 patet:
645 2584 158 51 quia
743 2584 198 51 fatuus
882 2584 198 51 custos
1000 2584 198 51 videretu

238 2641 152 58 qui
325 2641 130 58 de
390 2641 217 58 tribus
542 2641 260 58 hostibus
737 2641 260 58 nesciret
931 2641 173 58 quis
1018 2641 195 58 frequen

236 2691 166 61 tius
340 2691 145 61 vel
423 2691 228 61 brevius
588 2691 248 61 restitit
774 2691 145 61 ei.
857 2691 269 61 Similiter
1064 2691 124 61 si
1106 2691 103 61 neu

247 2748 137 70 ter
326 2748 176 70 eorum
443 2748 157 70 scit
541 2748 157 70 quis
639 2748 235 70 restitit
815 2748 117 70 de
873 2748 137 70 his
952 2748 196 70 tribus
1089 2748 157 70 plus

247 2804 140 55 aut
327 2804 240 55 brevius:
507 2804 160 55 ergo
607 2804 180 55 circa
727 2804 140 55 hoc
807 2804 200 55 potest
947 2804 220 55 errare.
1107 2804 140 55 sed

248 2851 251 64 falsitas
436 2851 188 64 primi
562 2851 335 64 consequentis
834 2851 314 64 ostenditur:
1085 2851 167 64 tumn

242 2912 154 55 quia
338 2912 230 55 quilibet
511 2912 173 55 eorum
626 2912 269 55 infinities
837 2912 134 55 eis
914 2912 250 55 restitit:
1106 2912 154 55 tumn

251 2965 126 55 quia
330 2965 95 55 si
377 2965 173 55 dicitur
503 2965 126 55 quod
582 2965 173 55 aliquis
708 2965 173 55 istorum
834 2965 142 55 trium
929 2965 236 55 frequentius
1102 2965 110 55 resti

250 3020 131 63 tit
325 3020 150 63 ipsi
419 3020 112 63 a:
475 3020 131 63 sit
550 3020 187 63 gratia
680 3020 206 63 exempli
830 3020 112 63 c.
886 3020 131 63 aut
961 3020 150 63 ergo
1054 3020 112 63 in
1092 3020 112 63 intf

248 3075 156 81 nitu
345 3075 215 81 resitit
501 3075 312 81 frequentius:
755 3075 137 81 aut
833 3075 195 81 finite
969 3075 215 81 tantum.
1125 3075 117 81 Si

1263 180 102 70 in
1314 180 238 70 infinitum:
1501 180 119 70 hoc
1568 180 119 70 est
1636 180 288 70 irrationabile
1874 180 102 70 et
1925 180 170 70 contra
2043 180 170 70 casum.
2162 180 102 70 Si
2196 180 68 70 si

1262 251 179 47 nitae:
1388 251 126 47 sit
1459 251 179 47 igitur
1585 251 144 47 quod
1675 251 269 47 frequentius
1890 251 108 47 in
1944 251 179 47 tribus
2070 251 215 47 partibus

1263 292 364 71 proportionabilibus
1578 292 199 71 restitit
1727 292 83 71 e
1760 292 132 71 quam
1842 292 116 71 sfo
1909 292 116 71 vel
1975 292 116 71 er.
2041 292 132 71 ergo
2124 292 132 71 etur
2190 292 66 71 et

1264 359 163 60 ergo
1365 359 143 60 non
1447 359 163 60 bene
1549 359 346 60 alternaverunt
1834 359 204 60 partes
1956 359 285 60 proportiona-

1257 400 204 79 biles.
1400 400 164 79 quod
1502 400 143 79 est
1584 400 204 79 contra
1727 400 204 79 casum.
1870 400 225 79 Secundo
2034 400 123 79 ad
2095 400 184 79 princ

1261 462 160 69 pale
1361 462 160 69 sic.
1461 462 120 69 Si
1522 462 220 69 angelus
1682 462 301 69 confirmatus
1922 462 301 69 deputaretur
2163 462 120 69 ad

1263 524 291 63 custodiendum
1499 524 200 63 hominem
1644 524 236 63 viatorem:
1826 524 254 63 sequeretur
2026 524 145 63 quod
2117 524 164 63 talis

1255 580 237 62 angelus
1428 580 215 62 sciret
1578 580 258 62 occultas
1772 580 345 62 cogitationes
2052 580 237 62 hominis

1258 635 135 64 et
1325 635 336 64 affectiones
1594 635 314 64 voluntatis
1840 635 224 64 humane
1997 635 291 64 occultas:

1271 692 91 66 et
1316 692 167 66 angelus
1438 692 137 66 malus
1529 692 213 66 similiter.
1697 692 243 66 consequentia
1894 692 152 66 patet:
2001 692 122 66 quia
2077 692 167 66 angelus
2183 692 61 66 ma

1253 732 159 80 lus
1344 732 204 80 tetat
1480 732 272 80 hominem:
1684 732 159 80 sed
1775 732 181 80 homo
1888 732 159 80 per
1979 732 204 80 actum
2092 732 159 80 volun

1264 804 174 63 tatis
1380 804 174 63 primo
1496 804 194 63 vincit
1632 804 155 63 eum.
1729 804 194 63 probo:
1865 804 155 63 quia
1962 804 155 63 sola
2039 804 194 63 volunta-

1270 850 93 73 te
1317 850 140 73 primo
1410 850 186 73 peccatur
1550 850 93 73 et
1597 850 140 73 recte
1690 850 171 73 vivitur
1814 850 186 73 secundum
1954 850 218 73 Augustinum
2125 850 140 73 primo

1261 897 387 82 retractationum.
1587 897 143 82 sed
1668 897 224 82 constat
1831 897 163 82 bono
1933 897 204 82 angelo
2076 897 122 82 et
2117 897 122 82 malo

1267 959 194 77 imiliter
1412 959 162 77 quando
1526 959 146 77 recte
1623 959 178 77 vivitur
1752 959 97 77 ab
1800 959 129 77 illo
1881 959 129 77 quem
1962 959 210 77 custodit:
2124 959 129 77 quia
2188 959 65 77 di

1267 1028 174 63 abolus
1388 1028 139 63 scit
1475 1028 104 63 se
1528 1028 191 63 victum:
1667 1028 139 63 quia
1754 1028 139 63 tunc
1841 1028 174 63 cessat
1963 1028 209 63 tentare:
2119 1028 122 63 sed
2171 1028 70 63 vo

1256 1076 228 71 luntate
1422 1076 228 71 occulta
1588 1076 187 71 primo
1712 1076 269 71 vincitur:
1919 1076 207 71 aliter
2064 1076 145 71 cum
2147 1076 145 71 tam

1267 1140 206 64 meritum
1417 1140 150 64 quam
1511 1140 243 64 demeritum
1698 1140 243 64 consistat
1885 1140 112 64 in
1941 1140 243 64 interiori
2129 1140 150 64 actu

1270 1196 324 54 voluntatis:
1529 1196 129 54 et
1594 1196 194 54 multa
1723 1196 216 54 merita
1874 1196 129 54 et
1939 1196 237 54 peccata
2090 1196 151 54 fiant

1271 1247 151 84 quae
1365 1247 207 84 numquam
1516 1247 226 84 ulterius
1685 1247 113 84 ad
1742 1247 207 84 aliquas
1892 1247 282 84 extrinsecas
2099 1247 151 84 opera-

1268 1309 213 53 tiones
1417 1309 149 53 vel
1502 1309 319 53 affectiones
1757 1309 298 53 transeunt:
1992 1309 234 53 angelus
2141 1309 106 53 cu-

1263 1359 163 68 stos
1364 1359 143 68 non
1446 1359 204 68 sciret
1588 1359 183 68 tales
1711 1359 326 68 cogitationes
1975 1359 143 68 vel
2036 1359 204 68 affectio

1263 1428 162 55 nes
1355 1428 300 55 occultas:
1586 1428 185 55 ergo
1702 1428 231 55 nlagna
1863 1428 185 55 pars
1979 1428 300 55 bonitatis

1267 1473 198 66 humane
1406 1473 139 66 eum
1485 1473 238 66 lateret.
1664 1473 278 66 Praeterea:
1882 1473 139 66 cum
1961 1473 139 66 oro
2041 1473 238 66 secundum

1262 1534 234 61 Augustinum
1446 1534 117 61 sit
1513 1534 201 61 ascensus
1664 1534 167 61 mentis
1781 1534 100 61 in
1831 1534 151 61 deum:
1931 1534 100 61 et
1981 1534 117 61 hoc
2048 1534 117 61 non
2115 1534 167 61 potest

1262 1583 173 68 scire
1377 1583 153 68 nisi
1473 1583 173 68 sciat
1588 1583 307 68 cogitationes
1837 1583 249 68 occultas:
2029 1583 153 68 ergo
2125 1583 153 68 tunc

1263 1651 199 56 angelus
1408 1651 127 56 non
1480 1651 181 56 posset
1607 1651 272 56 praesentare
1824 1651 163 56 illam
1933 1651 254 56 orationem.
2114 1651 109 56 Prae

1257 1703 211 68 terea.
1405 1703 148 68 non
1489 1703 190 68 minus
1615 1703 148 68 est
1700 1703 316 68 cognoscenda
1953 1703 253 68 operatio
2122 1703 105 68 men

1255 1763 138 52 tis
1334 1763 158 52 quam
1433 1763 197 52 gratia
1571 1763 237 52 existens
1748 1763 118 52 in
1807 1763 197 52 mente:
1945 1763 138 52 vel
2024 1763 217 52 aliquis
2162 1763 79 52 ha

1258 1812 177 76 bitus
1376 1812 236 76 infusus:
1553 1812 157 76 ergo
1651 1812 118 76 si
1710 1812 216 76 angelus
1868 1812 197 76 custos
2005 1812 138 76 non
2084 1812 197 76 possit

1255 1868 206 62 videre
1400 1868 248 62 occultam
1585 1868 351 62 cogitationem:
1874 1868 144 62 non
1957 1868 227 62 poterit
2101 1868 124 62 sci-

1253 1924 92 63 re
1299 1924 153 63 quando
1405 1924 122 63 homo
1482 1924 107 63 est
1543 1924 92 63 in
1588 1924 153 63 gratia
1695 1924 92 63 et
1741 1924 153 63 quando
1848 1924 107 63 non
1909 1924 76 63 :
1939 1924 122 63 quod
2015 1924 168 63 videtur
2122 1924 107 63 incon

1248 1985 212 66 veniens:
1408 1985 142 66 quia
1496 1985 142 66 tunc
1585 1985 212 66 nesciret
1744 1985 177 66 statum
1868 1985 195 66 hominis
2010 1985 142 66 quem
2098 1985 159 66 custo

1246 2033 193 65 diret.
1381 2033 251 65 Praeterea
1573 2033 116 65 si
1631 2033 154 65 sic:
1728 2033 231 65 christus
1901 2033 212 65 fuisset
2055 2033 212 65 incarua

1246 2091 129 62 tus
1319 2091 221 62 antequam
1485 2091 129 62 hoc
1558 2091 202 62 Gabriel
1705 2091 257 62 scivisset.
1907 2091 147 62 quia
1999 2091 221 62 assensus
2146 2091 74 62 fu

1251 2140 108 71 it
1305 2140 108 71 in
1359 2140 163 71 mente
1468 2140 163 71 beate
1576 2140 217 71 verginis
1739 2140 145 71 ante
1829 2140 289 71 expressionem
2064 2140 199 71 vocalem

1245 2211 236 60 constat.
1422 2211 137 60 sed
1501 2211 137 60 ita
1579 2211 236 60 occultus
1756 2211 137 60 est
1834 2211 236 60 assensus
2011 2211 177 60 sicut
2109 2211 118 60 cogi

1239 2264 211 60 tatio:
1387 2264 169 60 quia
1492 2264 190 60 aeque
1619 2264 338 60 immaterialis
1894 2264 148 60 est
1978 2264 254 60 voluntas
2147 2264 85 60 si

1246 2316 118 63 ue
1305 2316 315 63 intellectus:
1561 2316 138 63 cum
1640 2316 177 63 eadem
1758 2316 197 63 natura
1896 2316 138 63 sit
1974 2316 236 63 voluntas
2151 2316 118 63 et

1248 2370 292 73 intellectus:
1485 2370 164 73 patet
1594 2370 146 73 ergo
1685 2370 146 73 quod
1776 2370 109 73 si
1831 2370 200 73 angelus
1977 2370 182 73 debeat
2086 2370 146 73 deputa

1251 2431 111 52 ri
1306 2431 111 52 ad
1362 2431 296 52 custodiendum
1602 2431 222 52 hominem:
1769 2431 259 52 conveniens
1972 2431 130 52 est
2046 2431 148 52 quod
2120 2431 111 52 sci-

1242 2485 120 62 at
1302 2485 319 62 cogitationes
1561 2485 120 62 et
1621 2485 240 62 occultas
1801 2485 299 62 affectiones
2040 2485 220 62 hominis

1256 2531 93 73 sed
1309 2531 106 73 hoac
1375 2531 186 73 consequens
1521 2531 93 73 est
1574 2531 133 73 contra
1667 2531 172 73 sectuons.
1799 2531 93 73 vnd
1852 2531 186 73 Augustinum
1998 2531 80 73 de
2038 2531 212 73 eccliasticis

1254 2592 244 68 dogmatibus
1446 2592 210 68 capitulo
1603 2592 122 68 xlx
1673 2592 210 68 secundum
1830 2592 175 68 librum
1952 2592 192 68 nostrm.
2074 2592 140 68 Inter-

1241 2648 156 67 nas
1330 2648 200 67 animi
1463 2648 356 67 cogitationes
1753 2648 267 67 diabolum
1953 2648 156 67 non
2042 2648 223 67 videre

1241 2707 192 64 certi
1369 2707 213 64 sumus:
1518 2707 235 64 motibus
1689 2707 149 64 eas
1774 2707 256 64 corporis
1966 2707 128 64 ab
2030 2707 171 64 illo
2137 2707 128 64 et

1244 2765 325 62 affectionem
1505 2765 260 62 indiciis
1700 2765 239 62 colligi
1873 2765 325 62 experimento
2112 2765 108 62 di-

1242 2813 249 62 dicimus.
1429 2813 124 62 Et
1491 2813 228 62 subdit.
1657 2813 228 62 Secreta
1823 2813 187 62 autem
1947 2813 207 62 cordis
2093 2813 166 62 ille

1248 2877 166 58 nouit
1358 2877 166 58 solus
1469 2877 111 58 ad
1525 2877 148 58 quem
1617 2877 203 58 dicitur
1765 2877 111 58 tu
1821 2877 166 58 solus
1932 2877 166 58 nosti
2043 2877 166 58 corda
2135 2877 74 58 fi

1242 2919 177 60 liorum
1366 2919 212 60 hominim.
1525 2919 141 60 haec
1613 2919 247 60 Augustinus
1807 2919 141 60 Item
1896 2919 177 60 hiere.
2019 2919 159 60 xvii.
2108 2919 88 60 Pra

1246 2978 135 64 uvum
1330 2978 118 64 est
1398 2978 118 64 cor
1465 2978 185 64 hominis
1600 2978 101 64 et
1651 2978 287 64 inscrutabile.
1887 2978 135 64 quis
1971 2978 219 64 cognoscet
2123 2978 84 64 il-

1241 3027 153 82 lud:
1337 3027 134 82 ego
1413 3027 192 82 dicens
1548 3027 230 82 scrutans
1720 3027 173 82 corda
1836 3027 115 82 et
1893 3027 211 82 probans
2047 3027 192 82 renes:

1240 3084 120 87 qui
1308 3084 103 87 do
1360 3084 223 87 unicuique
1531 3084 206 87 secundum
1686 3084 137 87 suam
1771 3084 154 87 viam.
1874 3084 171 87 Dlorim
1994 3084 171 87 patet:
2097 3084 103 87 quia
