2550 3300
309 203 238 72 stinctas
488 203 218 72 habebit
646 203 258 72 processum
844 203 277 72 infinitum.
1062 203 119 72 et
1122 203 139 72 sic
1181 203 99 72 an-

321 260 181 79 gelus
442 260 181 79 foret
562 260 241 79 infinite
743 260 241 79 virtutis
924 260 121 79 in
984 260 281 79 cogitando.
1206 260 121 79 Si

331 322 194 58 dicatur
472 322 141 58 quod
560 322 141 58 sic:
649 322 141 58 tunc
737 322 194 58 angelus
878 322 229 58 solicitus
1054 322 159 58 circa
1160 322 159 58 custo

326 372 141 67 diam
414 372 158 67 debet
520 372 228 67 diminuere
695 372 141 67 suam
783 372 299 67 beatitudinem.
1029 372 246 67 consequens
1205 372 88 67 fal

324 422 171 70 sum.
431 422 214 70 Decimo
580 422 128 70 ad
644 422 321 70 principale.
901 422 128 70 si
965 422 171 70 sic:
1072 422 171 70 tunc
1158 422 128 70 chri

327 488 129 61 stus
408 488 161 61 habuit
521 488 178 61 angelum
650 488 210 61 custodem.
811 488 258 61 consequentia
1021 488 161 61 patet:
1134 488 129 61 quia
1214 488 97 61 de

326 539 144 65 buit
416 539 126 65 per
488 539 162 65 omnia
596 539 234 65 fratribus
776 539 234 65 similari:
957 539 162 65 sicut
1065 539 198 65 dicitur
1209 539 108 65 ad

325 592 177 67 haeb.
443 592 137 67 ii.
522 592 314 67 Confirmatur:
777 592 157 67 quia
875 592 137 67 ita
953 592 157 67 fuit
1052 592 118 67 de
1091 592 196 67 factoqia

314 651 188 63 Tucet
439 651 188 63 xxii.
565 651 250 63 Apparuit
752 651 167 63 illi
857 651 230 63 angelus
1024 651 125 63 de
1086 651 167 63 celo
1170 651 104 63 com

323 708 175 64 fortans
451 708 128 64 eum.
530 708 191 64 falsitas
674 708 255 64 consequentis
881 708 159 64 patet:
993 708 128 64 quia
1073 708 112 64 hoc
1136 708 175 64 fuisset

327 759 220 64 trustra:
492 759 128 64 cum
565 759 165 64 anima
675 759 128 64 sua
749 759 147 64 fuit
841 759 202 64 beatior
987 759 239 64 quicumque
1153 759 128 64 ange-

318 817 122 66 lo
379 817 122 66 in
440 817 183 66 primo
562 817 244 66 instanti
745 817 163 66 suae
847 817 346 66 conceptionis.
1132 817 122 66 Ad
1172 817 102 66 op-

323 876 197 71 positum
466 876 125 71 est
538 876 215 71 magister
699 876 107 71 ii
753 876 304 71 sententiarum.
1003 876 107 71 Et
1057 876 179 71 hiero.
1182 876 125 71 sup

325 933 178 63 llud
436 933 156 63 Mat
525 933 223 63 xviii.
682 933 223 63 Angeli
838 933 201 63 eorum
972 933 134 63 in
1039 933 201 63 celis
1172 933 156 63 etc

312 996 237 56 Mhagna
478 996 284 56 dignitas
692 996 284 56 animarum
905 996 142 56 ut
976 996 308 56 vnaqueque
1189 996 95 56 ha

310 1045 165 62 beat
413 1045 124 62 ab
475 1045 226 62 exordio
640 1045 309 62 nativitatis
887 1045 165 62 suae
990 1045 124 62 in
1052 1045 268 62 custodiam

310 1100 132 63 sui
386 1100 208 63 angelum
537 1100 265 63 deputatum.
745 1100 246 63 Similiter
934 1100 132 63 est
1009 1100 113 63 ad
1066 1100 151 63 idem
1161 1100 151 63 Are.

312 1156 155 62 sicut
415 1156 172 62 ibidem
535 1156 189 62 allegat
673 1156 189 62 magiter
811 1156 275 62 sententiarum
1034 1156 138 62 Item
1120 1156 103 62 in
1172 1156 138 62 psal

319 1211 266 65 singelis
518 1211 177 65 suis
629 1211 177 65 deus
740 1211 266 65 mandauit
940 1211 133 65 de
1006 1211 133 65 te
1073 1211 177 65 etc.
1183 1211 133 65 Ad

319 1267 150 72 istam
419 1267 233 72 quastionem
603 1267 133 72 dico
686 1267 133 72 quod
769 1267 133 72 sic:
852 1267 133 72 quia
936 1267 117 72 hoc
1002 1267 117 72 est
1069 1267 150 72 sctis
1152 1267 117 72 perri

304 1323 162 68 bus
397 1323 325 68 reuelatum:
652 1323 139 68 et
721 1323 302 68 miraculis
953 1323 371 68 confirmatum.

360 1384 127 59 Ad
423 1384 211 59 primum
571 1384 317 59 principale:
825 1384 190 59 cuius
952 1384 233 59 questio
1100 1384 169 59 princi

309 1441 179 66 palis
428 1441 159 66 est:
528 1441 119 66 an
587 1441 139 66 cum
666 1441 298 66 beatitudine
905 1441 258 66 creaturae
1103 1441 199 66 possit

319 1495 172 60 stare
434 1495 191 60 error.
567 1495 134 60 Non
644 1495 172 60 video
759 1495 134 60 pro
835 1495 153 60 nunc
931 1495 153 60 quin
1026 1495 153 60 ista
1103 1495 172 60 conclu-

315 1556 132 55 sio
391 1556 132 55 sit
466 1556 283 55 concedenda:
693 1556 245 55 videlicet
882 1556 151 55 quod
976 1556 208 55 angelus
1127 1556 189 55 beatus

312 1611 123 56 vel
382 1611 158 56 anima
487 1611 158 56 beata
592 1611 175 56 possit
714 1611 245 56 consentire
907 1611 333 56 propositionibus
1169 1611 105 56 fal-

311 1664 130 59 sis
386 1664 111 59 et
441 1664 204 59 errare:
589 1664 167 59 licet
700 1664 111 59 de
756 1664 167 59 facto
867 1664 130 59 non
941 1664 185 59 erret.
1070 1664 130 59 hoc
1126 1664 148 59 potest

313 1713 133 67 sic
389 1713 286 67 persuaderi.
618 1713 171 67 nulla
732 1713 209 67 notitia
884 1713 248 67 creaturae
1075 1713 133 67 est
1151 1713 133 67 sic
1208 1713 76 67 ne

308 1775 239 61 cessaria
487 1775 119 61 ad
547 1775 338 61 beatitudinem:
825 1775 159 61 quin
925 1775 139 61 cum
1004 1775 279 61 ignorantia
1203 1775 80 61 ve

313 1824 217 70 ritatis
471 1824 118 70 de
530 1824 256 70 creaturis
727 1824 158 70 stet
825 1824 236 70 perfecta
1002 1824 256 70 beatitudo
1199 1824 118 70 ex

312 1886 183 65 sola
426 1886 320 65 cognitione
677 1886 160 65 dei
769 1886 320 65 manuteneat
1020 1886 183 65 ergo
1134 1886 183 65 deus

309 1940 296 64 cognitionem
546 1940 158 64 suam
644 1940 276 64 beatificam
861 1940 118 64 in
920 1940 177 64 mente
1039 1940 217 64 angeli:
1196 1940 118 64 et

311 1995 207 68 ponatur
462 1995 132 68 cum
537 1995 169 68 eadem
650 1995 188 68 error:
782 1995 113 68 et
838 1995 151 68 tunc
932 1995 169 68 erunt
1045 1995 169 68 simul
1158 1995 151 68 ista

309 2049 125 62 duo
381 2049 161 62 vera.
488 2049 143 62 iste
578 2049 125 62 est
650 2049 197 62 beatus:
793 2049 108 62 et
847 2049 161 62 istae
954 2049 179 62 errat.
1080 2049 125 62 vde
1152 2049 161 62 istud

321 2108 178 55 fieri
440 2108 139 55 non
519 2108 238 55 includit
698 2108 396 55 contradictionem.
1034 2108 277 55 Praeterea.

317 2163 161 64 sicut
425 2163 161 64 omnis
532 2163 144 64 homo
622 2163 269 64 naturaliter
837 2163 197 64 appetit
981 2163 126 64 non
1053 2163 179 64 falli:
1178 2163 126 64 ita

313 2219 217 56 appetit
471 2219 138 56 non
550 2219 256 56 ignorare:
747 2219 158 56 quia
846 2219 178 56 omnes
964 2219 217 56 homines
1102 2219 178 56 natura-

315 2268 177 62 liter
433 2268 177 62 scire
552 2268 295 62 desiderant.
788 2268 138 62 sed
867 2268 276 62 ignorantia
1083 2268 236 62 multarum

310 2323 295 63 scientiarum
547 2323 158 63 stat
645 2323 138 63 cum
724 2323 315 63 beatitudine:
980 2323 118 63 et
1039 2323 276 63 ignorantia

309 2393 291 54 veritatum
532 2393 134 54 de
600 2393 157 54 deo
689 2393 246 54 quantum
868 2393 134 54 ad
913 2393 358 54 administratio-

316 2437 136 65 nem
393 2437 311 65 creaturarum.
646 2437 156 65 Unde
743 2437 194 65 hiero.
879 2437 175 65 super
996 2437 175 65 illud
1093 2437 175 65 Epehen.

310 2491 153 65 iii.
405 2491 115 65 Ut
463 2491 267 65 innotescat
673 2491 325 65 principatibus
940 2491 115 65 et
998 2491 306 65 potestatibus

304 2555 116 64 in
362 2555 270 64 celestibus
574 2555 135 64 per
651 2555 251 64 ecclesiam
844 2555 290 64 multiformis
1057 2555 212 64 sapientia

309 2606 166 57 dei.
413 2606 187 57 dicit
538 2606 166 57 quod
642 2606 312 57 sacramentum
892 2606 354 57 incarnationis
1162 2606 104 57 non

292 2655 162 62 fuit
393 2655 243 62 plenarie
575 2655 304 62 intellectum
818 2655 121 62 ab
879 2655 223 62 angelis
1040 2655 162 62 ante
1142 2655 162 62 pas-

308 2708 183 70 sionem
436 2708 220 70 christi.
601 2708 110 70 Et
656 2708 128 70 hoc
729 2708 183 70 probat
857 2708 146 70 per:
948 2708 275 70 quaestiones
1168 2708 146 70 quis

313 2768 261 61 fecerunt
509 2768 239 61 minores
683 2768 152 61 deo
770 2768 327 61 ascendente:
1032 2768 218 61 quarum
1162 2768 109 61 vna

310 2820 252 71 scribitur
504 2820 136 71 esa
581 2820 175 71 lxiii
698 2820 175 71 Quins
814 2820 136 71 est
892 2820 194 71 istae:
1028 2820 136 71 qui
1105 2820 175 71 venit
1202 2820 78 71 de

309 2886 142 54 edom
398 2886 142 54 etc:
487 2886 195 54 Secunda
629 2886 107 54 in
682 2886 160 54 psao.
789 2886 160 54 Quins
895 2886 124 54 est
966 2886 160 54 istae
1073 2886 124 54 rex
1144 2886 160 54 glie:

311 2945 298 59 Confirmatur
549 2945 159 59 ista
648 2945 179 59 ratio
767 2945 179 59 primo
886 2945 139 59 per
966 2945 179 59 illud
1085 2945 238 59 Augusti.

311 2995 133 65 ueio
394 2995 199 65 confelis
544 2995 199 65 capitulo
693 2995 116 65 iii
760 2995 183 65 Infelix
892 2995 133 65 ille
975 2995 133 65 homo
1058 2995 116 65 qui
1125 2995 133 65 scit
1191 2995 83 65 ora

303 3042 118 64 te
362 3042 176 64 autem
480 3042 216 64 nescit.
636 3042 196 64 beatus
774 3042 176 64 autem
891 3042 137 64 qui
970 3042 118 64 te
1028 3042 176 64 scit:
1146 3042 176 64 etiam

313 3107 114 63 si
370 3107 152 63 illa
465 3107 228 63 nesciat.
636 3107 133 63 qui
712 3107 152 63 vero
807 3107 114 63 te
863 3107 114 63 et
920 3107 152 63 illa
1015 3107 228 63 nouerit:
1186 3107 133 63 non

1306 204 243 63 propter
1482 204 176 63 illa
1593 204 265 63 beatior:
1791 204 154 63 sed
1879 204 243 63 propter
2056 204 132 63 te
2122 204 198 63 solum

1313 264 210 59 beatus
1460 264 168 59 est.
1565 264 168 59 ergo
1670 264 231 59 notitia
1838 264 126 59 de
1901 264 210 59 multis
2048 264 273 59 creaturis

1314 324 147 55 non
1398 324 147 55 est
1482 324 295 55 necessaria
1714 324 126 55 ad
1777 324 337 55 beatitudinem
2051 324 274 55 creature:

1316 381 227 54 notitia
1481 381 185 54 tamen
1605 381 268 54 creaturae
1811 381 185 54 beate
1934 381 144 54 est
2017 381 288 54 necessaria

1311 436 135 63 ad
1379 436 384 63 beatitudinem.
1695 436 293 63 Praeterea
1921 436 248 63 Dionvsi
2101 436 158 63 iii
2192 436 135 63 et

1308 484 174 76 iiii.
1424 484 233 76 celestis
1598 484 271 76 hierarchie
1812 484 174 76 dicit
1928 484 155 76 quod
2025 484 194 76 angeli
2141 484 136 76 supe-

1313 540 211 62 riores
1461 540 295 62 illuminant
1693 540 316 62 inferiores:
1946 540 127 62 et
2009 540 232 62 purgant
2178 540 105 62 a
2199 540 84 62 ne

1308 595 227 69 scientia:
1482 595 140 69 ergo
1570 595 105 69 in
1622 595 175 69 beatis
1744 595 122 69 est
1814 595 262 69 nescientia.
2024 595 140 69 ergo
2111 595 140 69 etc.
2199 595 122 69 Sed

1319 652 240 56 ubicumque
1503 652 129 56 est
1577 652 277 56 nescientia:
1799 652 185 56 potest
1928 652 148 56 esse
2020 652 166 56 error
2131 652 111 56 de
2168 652 111 56 crea

1309 702 217 77 turis.
1461 702 303 77 Praeterea.
1699 702 217 77 causet
1851 702 173 77 deus
1959 702 130 77 in
2024 702 217 77 angelo
2154 702 108 77 no-

1311 764 172 63 titiam
1431 764 172 63 istius
1552 764 86 63 /
1587 764 121 63 sol
1655 764 190 63 orietur
1793 764 155 63 cras.
1897 764 121 63 non
1966 764 207 63 obstante
2121 764 138 63 ista
2190 764 86 63 no-

1307 818 193 63 titia:
1442 818 155 63 deus
1539 818 193 63 potest
1674 818 232 63 impedire
1848 818 116 63 ne
1906 818 135 63 sol
1983 818 232 63 oriatur:
2138 818 135 63 alio-

1316 884 149 63 quin
1409 884 130 63 non
1484 884 167 63 esset
1596 884 279 63 omnipotens:
1819 884 149 63 quia
1912 884 223 63 creasset
2079 884 149 63 vnam
2154 884 130 63 noti-

1308 932 164 71 tiam
1411 932 123 71 in
1473 932 206 71 angelo
1617 932 103 71 /
1658 932 164 71 quam
1761 932 144 71 non
1843 932 206 71 posset
1987 932 267 71 destruere
2172 932 123 71 vel-

1314 995 222 57 mutare.
1475 995 202 57 igitur
1617 995 202 57 potest
1758 995 202 57 facere
1899 995 162 57 quod
2000 995 222 57 angelus
2142 995 141 57 erra-

1312 1053 134 67 uit
1388 1053 115 67 et
1446 1053 172 67 tamen
1561 1053 134 67 non
1638 1053 153 67 fuit
1733 1053 115 67 eo
1791 1053 172 67 minus
1906 1053 211 67 beatus.
2059 1053 134 67 Sic
2136 1053 153 67 ergo
2212 1053 77 67 pa

1308 1100 136 63 tet
1385 1100 155 63 quod
1482 1100 174 63 illud
1598 1100 155 63 quod
1695 1100 136 63 pro
1772 1100 329 63 inconvenienti
2043 1100 252 63 deducitur
2218 1100 77 63 in

1309 1164 178 63 primo
1428 1164 296 63 principali:
1665 1164 138 63 non
1744 1164 138 63 est
1823 1164 198 63 saltem
1961 1164 316 63 impossibile.
2198 1164 79 63 Se

1307 1220 174 61 cundo
1423 1220 155 61 dico
1519 1220 155 61 quod
1616 1220 174 61 forte
1732 1220 193 61 angeli
1867 1220 116 61 de
1925 1220 174 61 facto
2041 1220 135 61 non
2118 1220 193 61 errant

1313 1275 142 65 quia
1402 1275 178 65 potest
1526 1275 142 65 esse
1615 1275 142 65 quod
1704 1275 142 65 deus
1793 1275 124 65 non
1864 1275 178 65 coagit
1988 1275 124 65 eis
2059 1275 107 65 ad
2094 1275 178 65 elicien-

1313 1332 131 57 dum
1388 1332 205 57 aliquod
1537 1332 224 57 iudicium
1705 1332 243 57 erroneum.
1892 1332 149 57 vnde
1985 1332 168 57 nulli
2097 1332 224 57 iudicio:

1312 1388 210 67 erroneo
1465 1388 287 67 assentiunt.
1694 1388 153 67 Item
1789 1388 153 67 sic.
1885 1388 153 67 vnus
1980 1388 210 67 angelus
2133 1388 191 67 potest

1308 1436 161 71 loqui
1416 1436 179 71 alteri
1541 1436 215 71 secundum
1703 1436 179 71 omnes.
1828 1436 144 71 pono
1918 1436 144 71 ergo
2008 1436 144 71 quod
2098 1436 144 71 deus
2169 1436 108 71 sine

1303 1500 293 60 voluntate
1529 1500 225 60 angeli
1687 1500 203 60 ponat
1822 1500 135 60 in
1890 1500 225 60 angelo
2048 1500 271 60 notitiam

1307 1549 177 77 istius
1431 1549 88 77 a
1466 1549 106 77 et
1520 1549 159 77 omnia
1626 1549 141 77 quae
1714 1549 195 77 angelus
1856 1549 177 77 causat
1979 1549 177 77 quando
2103 1549 212 77 loquitur

1315 1612 181 69 alteri:
1446 1612 198 69 scilicet
1595 1612 99 69 b.
1644 1612 132 69 tunc
1727 1612 82 69 a
1760 1612 115 69 cum
1826 1612 82 69 b
1859 1612 264 69 praesentabit
2073 1612 115 69 eum
2139 1612 165 69 loquoi

1309 1660 184 63 ergo
1424 1660 275 63 errabit.
1630 1660 230 63 Contra
1791 1660 207 63 tamen
1929 1660 230 63 primam
2066 1660 207 63 conclu-

1315 1715 174 80 sionem
1436 1715 209 80 occurrit
1593 1715 209 80 Anselmus
1749 1715 104 80 de
1802 1715 226 80 similibus
1975 1715 157 80 capc.
2080 1715 104 80 vi
2132 1715 122 80 ubi
2184 1715 87 80 lo-

1303 1782 198 61 quens
1435 1782 132 61 de
1501 1782 286 61 sapientia
1721 1782 242 61 futurae
1897 1782 352 61 beatitudinis
2161 1782 110 61 aii

1305 1828 146 62 sic.
1396 1828 146 62 Itus
1488 1828 128 62 est
1561 1828 128 62 qui
1634 1828 128 62 cum
1707 1828 128 62 deo
1780 1828 146 62 est.
1872 1828 219 62 perfecta
2036 1828 146 62 enim
2109 1828 165 62 sapien-

1304 1889 132 66 tia
1379 1889 282 66 replebitur:
1605 1889 188 66 eumque
1737 1889 169 66 facie
1849 1889 113 66 ad
1906 1889 188 66 faciem
2037 1889 263 66 intuebitur

1305 1940 202 64 quadiu
1446 1940 162 64 ista
1547 1940 323 64 prospexerit:
1810 1940 262 64 creaturae
2012 1940 202 64 totius
2133 1940 141 64 natu-

1308 2003 145 69 ram
1391 2003 248 69 videbit:
1577 2003 165 69 quae
1680 2003 124 69 in
1742 2003 145 69 deo
1825 2003 207 69 melius
1969 2003 165 69 quam
2072 2003 124 69 in
2114 2003 165 69 seipsa

1306 2060 277 63 consistit.
1524 2060 158 63 Tunc
1622 2060 217 63 aetenim
1780 2060 178 63 iusti
1899 2060 198 63 cuncta
2037 2060 198 63 scient
2156 2060 119 63 quae

1305 2104 168 68 deus
1410 2104 189 68 facit
1536 2104 251 68 scienda:
1724 2104 147 68 tam
1808 2104 126 68 ea
1871 2104 168 68 quae
1976 2104 168 68 sunt
2059 2104 231 68 praeteri-

1302 2165 110 69 ta
1357 2165 92 69 /
1393 2165 147 69 quam
1485 2165 110 69 ea
1540 2165 147 69 quae
1631 2165 165 69 sutem
1741 2165 202 69 futura.
1888 2165 128 69 Ibi
1961 2165 92 69 a
1998 2165 220 69 singulis
2163 2165 165 69 omnes

1319 2212 154 71 lli
1407 2212 132 71 ab
1473 2212 286 71 hominibus
1693 2212 242 71 singuli
1868 2212 374 71 cognoscentur:
2176 2212 154 71 nec

1318 2275 239 72 quicquam
1497 2275 199 72 omnino
1636 2275 239 72 latebit:
1815 2275 139 72 qua
1895 2275 219 72 patria:
2054 2275 139 72 qua
2133 2275 199 72 gente:

1320 2331 144 72 qua
1403 2331 206 72 slirpe
1547 2331 165 72 quis
1650 2331 206 72 editus
1794 2331 227 72 fuerit:
1959 2331 144 72 vel
2042 2331 185 72 etiam
2165 2331 165 72 quid

1314 2391 128 60 in
1378 2391 171 60 vita
1485 2391 150 60 sua
1570 2391 256 60 fecerit.
1762 2391 128 60 Et
1826 2391 128 60 in
1890 2391 192 60 caplo
2019 2391 256 60 sequenti
2190 2391 85 60 de

1306 2436 163 71 hoc
1399 2436 209 71 verbo
1538 2436 209 71 mouet
1677 2436 232 71 vltimo
1840 2436 418 71 dubitationem;:
2165 2436 116 71 nun

1310 2498 151 66 quid
1405 2498 170 66 omnia
1518 2498 208 66 peccata
1669 2498 227 66 singulis
1839 2498 246 66 patebunt:
2028 2498 113 66 Et
2085 2498 246 66 respondet

1311 2556 147 56 quod
1403 2556 147 56 sic:
1494 2556 110 56 et
1550 2556 221 56 quicquid
1715 2556 202 56 fecerit
1862 2556 276 56 vnusquisque
2083 2556 147 56 vnde
2175 2556 147 56 deus

1306 2612 153 61 est
1394 2612 306 61 laudandus:
1634 2612 153 61 sed
1721 2612 240 61 propter
1896 2612 153 61 rem
1983 2612 218 61 factam
2136 2612 197 61 deus:

1297 2658 315 78 laudandus:
1545 2658 180 78 ergo
1658 2658 248 78 nullius
1838 2658 293 78 veritatis
2064 2658 270 78 ignoram:

1292 2707 144 80 tia
1375 2707 165 80 erit
1478 2707 124 80 in
1539 2707 329 80 beatitudine:
1807 2707 144 80 nec
1889 2707 226 80 aliquid
2054 2707 247 80 erroris.

1297 2771 138 63 Sed
1376 2771 118 63 ad
1435 2771 178 63 illud
1554 2771 197 63 potest
1692 2771 158 63 dici
1791 2771 158 63 quod
1889 2771 237 63 Anselmum
2067 2771 237 63 loquitur

1311 2834 101 57 de
1362 2834 168 57 facto:
1479 2834 118 57 non
1546 2834 134 57 quin
1630 2834 168 57 aliter
1748 2834 134 57 esse
1832 2834 185 57 posset.
1966 2834 218 57 Similiter
2134 2834 168 57 dictum

1304 2876 152 82 suum
1399 2876 133 82 est
1475 2876 171 82 valde
1589 2876 209 82 dubium:
1741 2876 133 82 cum
1816 2876 171 82 ponat
1930 2876 152 82 quod
2025 2876 228 82 quilibet
2177 2876 95 82 bea

1303 2932 110 80 tus
1366 2932 141 80 sciet
1460 2932 141 80 omnia
1555 2932 189 80 scibilis
1696 2932 157 80 simul:
1806 2932 94 80 et
1853 2932 110 80 per
1916 2932 220 80 consequens
2089 2932 110 80 tot
2152 2932 141 80 sciet

1307 2996 173 60 minimus
1433 2996 157 60 beatus
1543 2996 142 60 sicut
1638 2996 142 60 anima
1732 2996 173 60 christi
1858 2996 126 60 ergo
1937 2996 189 60 secundum
2079 2996 110 60 eum
2142 2996 142 60 quili

1308 3047 137 61 bet
1387 3047 195 61 beatus
1523 3047 176 61 sciet
1640 3047 254 61 infinita:
1835 3047 156 61 quia
1933 3047 156 61 spes
2030 3047 254 61 numerorum
2206 3047 78 61 et

1302 3094 269 93 figurarum
1509 3094 124 93 et
1571 3094 331 93 conclusiones
1840 3094 269 93 geometrie
2047 3094 124 93 et
2089 3094 186 93 arithr
