2550 3300
339 219 140 64 non
419 219 360 64 comprehendunt.
719 219 180 64 sicut
839 219 140 64 ibi
919 219 180 64 dicit
1039 219 200 64 Graes.
1179 219 160 64 Unde

327 274 127 58 in
390 274 254 58 diversis
580 274 254 58 gentibus
771 274 296 58 contingunt
1003 274 232 58 diversa
1172 274 169 58 meri

330 332 133 55 ta:
406 332 208 55 propter
557 332 152 55 quae
652 332 303 55 consideranti
898 332 189 55 merita
1031 332 170 55 vnius
1144 332 189 55 posset

324 383 195 68 videri
461 383 156 68 quod
559 383 156 68 illa
656 383 215 68 deberet
813 383 195 68 alteri
949 383 195 68 pesse:
1086 383 117 68 et
1125 383 176 68 conside

330 436 162 55 ranti
438 436 216 55 alterius
601 436 144 55 quod
691 436 216 55 reliquom
853 436 253 55 viceversa.
1052 436 144 55 Unde
1142 436 144 55 isti
1214 436 72 55 an

329 496 164 61 geli
431 496 286 61 referebant
656 496 225 61 diversa
820 496 205 61 merita
963 496 225 61 hominim
1126 496 123 61 in
1167 496 123 61 con-

330 542 171 60 ipectu
450 542 137 60 dei:
535 542 256 60 consulentes
740 542 137 60 eius
826 542 256 60 sententiam.
1031 542 103 60 Et
1082 542 137 60 quia
1150 542 137 60 diuer-

329 602 110 65 sa
384 602 184 65 merita
513 602 203 65 tendunt
660 602 110 65 in
715 602 239 65 oppositos
899 602 239 65 effectus:
1083 602 147 65 ideo
1176 602 147 65 isle

329 659 263 56 relationes
536 659 244 56 angelorum
724 659 225 56 dicuntur
893 659 300 56 resistentiae
1137 659 131 56 vel
1193 659 94 56 pu-

313 715 166 61 gne.
417 715 166 61 Unde
521 715 125 61 ex
583 715 145 61 vna
666 715 187 61 parte
791 715 208 61 merita
936 715 249 61 Panielis
1123 715 125 61 et
1185 715 145 61 oro

322 773 156 55 nes
411 773 289 55 exigebant
633 773 356 55 liberationem
922 773 200 55 ppli:
1056 773 133 55 ex
1100 773 178 55 altera

315 828 179 56 parte
434 828 298 56 divuulgatio
672 828 218 56 nominis
831 828 139 56 dei
910 828 119 56 in
970 828 179 56 gente
1089 828 238 56 Persarum

306 880 165 58 fuit
410 880 186 58 magna
534 880 186 58 causa
658 880 186 58 quare
782 880 269 58 impediuit
989 880 186 58 illam
1113 880 207 58 libera

324 934 174 70 tionem
446 934 122 70 iam
515 934 157 70 fier.
620 934 105 70 Et
672 934 209 70 secundum
829 934 139 70 ista
916 934 244 70 manitestum
1108 934 122 70 est
1177 934 139 70 quod

310 999 187 53 angeli
441 999 187 53 houent
573 999 281 53 ignorantiam
798 999 131 53 vel
873 999 300 53 nescientiam:
1116 999 131 53 vel
1173 999 112 53 dubi

312 1047 234 69 tationem:
492 1047 126 69 cum
564 1047 162 69 tamen
672 1047 144 69 sint
762 1047 180 69 beati.
889 1047 108 69 Ad
943 1047 198 69 octavum
1087 1047 180 69 quando
1195 1047 90 69 ar-

311 1108 168 59 guitur
429 1108 135 59 quod
513 1108 236 59 principiat
698 1108 135 59 deus
783 1108 168 59 angelo
901 1108 135 59 quod
985 1108 236 59 aequaliter
1153 1108 118 59 causa

314 1165 132 67 ret
389 1165 113 67 de
446 1165 188 67 duobus
578 1165 151 67 etc.
672 1165 151 67 Dico
766 1165 151 67 quod
860 1165 113 67 in
916 1165 151 67 isto
1011 1165 151 67 casu
1086 1165 188 67 angelus-

304 1221 136 63 non
381 1221 194 63 errat.
517 1221 213 63 Contra.
672 1221 233 63 proponit
846 1221 136 63 non
924 1221 291 63 prponendum.
1157 1221 155 63 nego

312 1275 302 56 consequentiam:
564 1275 134 56 quia
648 1275 151 56 licet
748 1275 134 56 sibi
832 1275 235 56 praeponere
1016 1275 134 56 quem
1100 1275 151 56 vult.
1201 1275 101 56 Ad

311 1331 169 56 nonum
424 1331 225 56 dicendum
593 1331 150 56 quod
687 1331 113 56 in
743 1331 150 56 isto
837 1331 150 56 casu
931 1331 207 56 vterque
1081 1331 169 56 debet
1175 1331 94 56 ad-

308 1387 146 56 esse
399 1387 109 56 et
454 1387 273 56 praesentare
672 1387 128 56 pro
745 1387 146 56 rata
836 1387 146 56 sua.
928 1387 128 56 nec
1001 1387 146 56 ille
1092 1387 128 56 qui
1146 1387 128 56 vlti-

308 1444 116 57 mo
366 1444 231 57 custodit
539 1444 154 57 plus
636 1444 231 57 tenetur:
809 1444 154 57 quia
906 1444 193 57 neuter
1041 1444 174 57 eorum
1137 1444 135 57 ulti-

298 1500 120 56 mo
358 1500 300 56 custodiuit.
598 1500 120 56 Et
658 1500 200 56 quando
798 1500 260 56 quaeritur
998 1500 160 56 quis
1098 1500 180 56 eorum
1198 1500 80 56 cu

305 1551 231 60 stodiuit
478 1551 135 60 eum
555 1551 173 60 vsque
671 1551 116 60 ad
729 1551 116 60 d:
786 1551 135 60 sit
863 1551 96 60 d
902 1551 212 60 ultimum
1056 1551 212 60 instans
1191 1551 77 60 vi

297 1603 122 64 te
358 1603 224 64 hominis
520 1603 284 64 custoditi.
744 1603 244 64 Dicendum
927 1603 163 64 quod
1028 1603 224 64 neuter.
1191 1603 122 64 Si

293 1667 153 56 tunc
388 1667 229 56 arguatur
560 1667 114 56 in
617 1667 286 56 contrarium:
846 1667 191 56 neuter
980 1667 172 56 eorum
1075 1667 191 56 custodi-

297 1723 138 56 vit
376 1723 138 56 eum
455 1723 177 56 vsque
573 1723 118 56 ad
632 1723 118 56 b.
691 1723 158 56 ergo
790 1723 158 56 fuit
888 1723 236 56 dimissus
1065 1723 118 56 ab
1124 1723 177 56 istis

308 1779 131 57 ante
390 1779 98 57 d.
439 1779 180 57 neganda
570 1779 115 57 est
636 1779 279 57 consequentia:
865 1779 131 57 quia
947 1779 213 57 immediate
1111 1779 131 57 ante
1193 1779 98 57 db
1226 1779 49 57 a

292 1837 298 61 custodivit:
531 1837 119 61 et
591 1837 259 61 immediate
789 1837 139 61 ane
869 1837 99 61 e
909 1837 99 61 b
949 1837 298 61 custodivit:
1187 1837 119 61 et

295 1883 166 62 tamen
405 1883 185 62 neuter
535 1883 259 62 custodiuit
738 1883 166 62 vsque
849 1883 111 62 ad
905 1883 111 62 b.
960 1883 148 62 quia
1053 1883 148 62 post
1127 1883 129 62 quodi

286 1940 134 63 bet
362 1940 191 63 tempus
496 1940 153 63 ante
592 1940 96 63 d
630 1940 115 63 in
687 1940 134 63 quo
763 1940 267 63 custodivit
973 1940 115 63 a:
1031 1940 267 63 custodivit

285 1991 120 60 b.
345 1991 120 60 et
405 1991 159 60 post
504 1991 259 60 quodlibet
703 1991 199 60 tempus
843 1991 159 60 ante
942 1991 100 60 d
982 1991 120 60 in
1042 1991 139 60 quo
1122 1991 179 60 custo

297 2044 180 69 diuit
417 2044 120 69 b:
477 2044 280 69 custodivit
697 2044 120 69 a.
757 2044 160 69 ideo
857 2044 200 69 neuter
997 2044 180 69 eorum
1117 2044 180 69 custo

293 2107 173 55 divit
408 2107 173 55 vique
523 2107 115 55 ad
581 2107 115 55 b.
638 2107 153 55 quia
734 2107 192 55 neuter
868 2107 173 55 eorum
983 2107 153 55 fuit
1079 2107 211 55 vltimus

285 2164 140 58 per
365 2164 200 58 casum.
505 2164 120 58 Et
566 2164 200 58 quando
706 2164 241 58 arguitur
886 2164 160 58 quod
986 2164 200 58 neuter
1127 2164 180 58 eorum

289 2220 199 50 nouit
422 2220 222 50 summam
577 2220 244 50 gratiam
754 2220 177 50 quam
865 2220 177 50 iste
976 2220 222 50 habuit
1131 2220 177 50 ante

283 2268 262 64 mortem:
474 2268 191 64 ideo
593 2268 238 64 neuter
760 2268 214 64 nouit
903 2268 238 64 summum
1069 2268 238 64 gradum

293 2324 175 59 meriti.
420 2324 127 59 Nego
500 2324 286 59 consequentiam:
739 2324 127 59 quia
818 2324 111 59 cum
882 2324 191 59 veritate
1025 2324 255 59 consequentis

285 2380 157 62 stat
383 2380 157 62 quod
481 2380 216 62 vterque
638 2380 176 62 eorum
756 2380 176 62 nouit
873 2380 196 62 summum
1010 2380 196 62 gradum
1147 2380 157 62 quem

298 2435 222 64 habuit
453 2435 245 64 tempore
631 2435 245 64 mortis.
809 2435 133 64 Ad
876 2435 245 64 decimum
1054 2435 245 64 admisso

306 2492 158 55 casu:
412 2492 176 55 quando
535 2492 211 55 arguitur
694 2492 141 55 quod
782 2492 141 55 male
870 2492 264 55 custodient:
1081 2492 141 55 quia
1151 2492 106 55 neu-

302 2549 133 57 ter
378 2549 171 57 eorum
492 2549 190 57 sciret
625 2549 190 57 dicere
758 2549 209 57 quoties
909 2549 171 57 istae
1023 2549 266 57 custoditus

300 2602 155 65 vicit
403 2602 86 65 e
437 2602 120 65 vel
506 2602 103 65 li
558 2602 103 65 et
609 2602 103 65 an
661 2602 258 65 frequentius
867 2602 155 65 vicit
970 2602 86 65 e
1004 2602 241 65 quaestici.
1176 2602 69 65 Tn

299 2659 224 56 cedatur.
468 2659 112 56 et
524 2659 168 56 tamen
636 2659 131 56 non
711 2659 224 56 sequitur
879 2659 150 56 quod
972 2659 150 56 male
1047 2659 206 56 custodie-

303 2715 164 56 runt:
412 2715 146 56 quia
503 2715 201 56 vterque
649 2715 164 56 sciet
759 2715 182 56 dicere
886 2715 146 56 quod
977 2715 237 56 infinitis
1142 2715 109 56 vici

291 2770 129 58 bus
364 2770 203 58 vterque
512 2770 166 58 eorum
623 2770 166 58 illum
734 2770 240 58 tentauit.
919 2770 185 58 Aliter
1048 2770 185 58 potest
1159 2770 92 58 di-

291 2828 113 56 ci
348 2828 207 56 negando
499 2828 339 56 possibilitatem
782 2828 189 56 casus:
914 2828 151 56 quia
1008 2828 132 56 non
1083 2828 132 56 est
1140 2828 113 56 pos-

301 2882 161 57 sibile
413 2882 128 57 quod
494 2882 128 57 homo
574 2882 112 57 per
638 2882 177 57 liberum
766 2882 209 57 arbitrium
927 2882 241 57 naturaliter
1120 2882 96 57 in
1168 2882 128 57 omni

290 2940 194 56 parte
420 2940 410 56 proportionabili
765 2940 259 56 vinceret
959 2940 345 56 uniformiter:

291 2988 122 63 et
352 2988 224 63 haberet
515 2988 184 63 actum
637 2988 204 63 meriti
780 2988 143 63 vel
862 2988 265 63 demeriti.
1065 2988 122 63 et
1127 2988 163 63 ideo

301 3046 136 61 non
378 3046 195 61 potest
515 3046 214 61 admitti
670 3046 175 61 casus
787 3046 156 61 quod
884 3046 136 61 sic
962 3046 117 61 ab
1001 3046 253 61 alternanti-

297 3099 141 80 hus
377 3099 242 80 tenetur:
559 3099 121 80 et
619 3099 141 80 per
700 3099 282 80 adiutorium
921 3099 222 80 bonorum
1083 3099 222 80 vincat.

1371 220 117 62 Ad
1430 220 234 62 secundum
1606 220 273 62 principale
1820 220 176 62 cuius
1937 220 215 62 questio
2093 220 137 62 est
2171 220 117 62 an
2210 220 98 62 an-

1330 284 164 63 geli
1432 284 287 63 cognoscant
1658 284 246 63 occultas
1842 284 328 63 cogitationes
2109 284 226 63 hominim

1332 332 257 62 viatorum:
1530 332 118 62 si
1589 332 178 62 eorum
1707 332 237 62 custodie
1885 332 336 62 deputarentur.
2142 332 138 62 Dicen

1341 390 104 61 dum
1401 390 178 61 secundum
1534 390 149 61 mentes
1639 390 178 61 doctorum
1772 390 208 61 communiter
1936 390 164 61 negando
2055 390 268 61 consequentiam.

1320 444 103 68 et
1371 444 154 68 licet
1474 444 206 68 nescirem
1628 444 206 68 probare:
1782 444 154 68 tamen
1885 444 171 68 possum
2005 444 120 68 per
2073 444 137 68 unum
2159 444 171 68 verbum

1330 499 297 65 consequentiam
1574 499 227 65 impedire:
1748 499 105 65 et
1801 499 140 65 dare
1888 499 174 65 causam
2010 499 157 65 quare
2115 499 122 65 non
2167 499 122 65 cogno

1326 554 193 58 scunt
1454 554 344 58 cogitationes
1734 554 258 58 occultas
1927 554 150 58 nec
2013 554 236 58 hominim
2185 554 150 58 nec

1319 616 287 57 angelorum.
1544 616 225 57 dicendo
1707 616 164 57 quod
1810 616 164 57 deus
1912 616 143 57 eis
1994 616 123 57 ad
2055 616 184 57 talem
2158 616 143 57 noti-

1329 663 144 60 tiam
1419 663 126 60 non
1491 663 270 60 cooperatur.
1707 663 162 60 Nulla
1815 663 144 60 enim
1904 663 126 60 res
1976 663 108 60 in
2030 663 216 60 effectum
2174 663 108 60 dis-

1317 722 311 57 conveniente
1566 722 228 57 naturae
1732 722 166 57 suae
1835 722 207 57 potest
1980 722 145 57 nis
2063 722 145 57 deo
2125 722 166 57 coagen

1323 780 98 67 te.
1379 780 126 67 sicut
1463 780 126 67 dicit
1548 780 197 67 Augustinus
1702 780 98 67 iii
1758 780 84 67 de
1800 780 154 67 trintia
1913 780 140 67 capcu.
2011 780 98 67 iii
2067 780 98 67 vbi
2124 780 112 67 vult
2194 780 112 67 quod

1318 828 158 71 deus
1417 828 138 71 est
1496 828 178 71 prima
1615 828 119 71 et
1674 828 178 71 summa
1793 828 178 71 causa
1911 828 178 71 rerum
2030 828 198 71 atquam
2149 828 138 71 motio

1319 893 132 54 num.
1401 893 99 54 si
1451 893 149 54 tamen
1550 893 198 54 fortasse
1698 893 149 54 dicta
1797 893 215 54 sanctorum
1962 893 116 54 qui
2028 893 182 54 caunsas
2144 893 149 54 occulta

1309 949 223 54 tionum
1465 949 223 54 talium
1621 949 134 54 ab
1687 949 245 54 angelis
1866 949 312 54 assignant:
2111 949 223 54 mouere

1313 998 266 75 possint:
1512 998 311 75 recogitabo
1757 998 133 75 in
1823 998 266 75 euentum.
2023 998 200 75 Dicit
2156 998 177 75 ergo

1316 1059 155 67 sctuns
1425 1059 202 67 Thocimias
1580 1059 124 67 inti
1658 1059 78 67 d
1689 1059 109 67 qia
1751 1059 93 67 de
1797 1059 186 67 veritate
1937 1059 140 67 aiuia
2030 1059 124 67 viii
2107 1059 140 67 arti.
2185 1059 93 67 xiii

1316 1116 149 71 quod
1409 1116 186 71 angeli
1540 1116 298 71 cogitationes
1782 1116 205 71 cordium
1930 1116 130 71 per
2005 1116 112 71 se
2061 1116 112 71 et
2117 1116 205 71 directe

1316 1171 130 56 non
1391 1171 278 56 cognoscunt:
1613 1171 130 56 pro
1687 1171 167 56 tanto
1799 1171 148 56 quod
1891 1171 223 56 cogitare
2058 1171 130 56 non
2133 1171 185 56 potest

1309 1227 169 56 mens
1415 1227 169 56 nisi
1520 1227 275 56 voluntate
1732 1227 275 56 copulante
1943 1227 317 56 intentionem
2196 1227 127 56 ad

1313 1276 146 62 spenm
1410 1276 211 62 motionum.
1572 1276 195 62 secundum
1718 1276 227 62 Augustinum
1897 1276 97 62 de
1945 1276 211 62 trinitate
2108 1276 114 62 Sed
2172 1276 146 62 motus

1308 1339 292 55 voluntatis
1538 1339 146 55 non
1621 1339 209 55 potest
1767 1339 230 55 directe
1934 1339 250 55 cognosci
2122 1339 125 55 ab
2164 1339 125 55 ange

1301 1387 129 64 lo:
1374 1387 129 64 sed
1448 1387 92 64 a
1485 1387 147 64 solo
1577 1387 147 64 deo:
1669 1387 147 64 ideo
1761 1387 129 64 nec
1834 1387 239 64 cogitatio
2018 1387 147 64 quae
2110 1387 147 64 sine
2184 1387 92 64 mo-

1310 1448 108 58 tu
1364 1448 252 58 voluntatis
1562 1448 144 58 esse
1652 1448 126 58 non
1724 1448 198 58 potest.
1867 1448 144 58 Quod
1957 1448 162 58 autem
2065 1448 162 58 motus
2155 1448 126 58 volun

1304 1502 175 61 tatis
1420 1502 116 61 ab
1478 1502 194 61 angelo
1614 1502 291 61 naturaliter
1847 1502 233 61 cognosci
2022 1502 136 61 non
2099 1502 213 61 possit:

1295 1555 181 67 probat
1422 1555 127 67 per
1494 1555 127 67 hoc
1567 1555 145 67 quod
1657 1555 199 67 angelus
1802 1555 127 67 res
1875 1555 235 67 cognoscit
2056 1555 127 67 per
2128 1555 181 67 formas

1298 1620 155 68 sibi
1395 1620 252 68 indicatas
1589 1620 97 68 a
1628 1620 155 68 deo:
1725 1620 155 68 quia
1822 1620 155 68 sunt
1919 1620 291 68 silitudines
2152 1620 155 68 reus

1299 1671 296 60 existentium
1536 1671 118 60 in
1595 1671 217 60 natura.
1753 1671 138 60 Sed
1832 1671 178 60 motus
1950 1671 276 60 voluntatis
2167 1671 138 60 non

1296 1728 121 59 est
1365 1728 104 59 de
1417 1728 173 59 numero
1538 1728 173 59 talium
1659 1728 138 59 reu:
1746 1728 138 59 ideo
1832 1728 138 59 etc.
1919 1728 121 59 hoc
1988 1728 121 59 est
2057 1728 121 59 sua
2127 1728 173 59 sentem

1303 1780 151 59 tia.
1397 1780 151 59 Unde
1492 1780 151 59 quia
1586 1780 245 59 cogitatio
1775 1780 226 59 causatur
1944 1780 113 59 ex
2001 1780 207 59 imperio
2133 1780 132 59 volun

1297 1836 187 63 tatis.
1428 1836 149 63 ideo
1522 1836 168 63 illud
1634 1836 224 63 imperium
1802 1836 131 63 est
1877 1836 131 63 qua
1951 1836 112 63 si
2007 1836 299 63 impedimentum

1291 1899 143 64 aut
1372 1899 285 64 obstaculum
1596 1899 265 64 impediens
1800 1899 224 64 angelum
1963 1899 265 64 aliquando
2167 1899 102 64 a
2187 1899 82 64 co

1295 1948 227 63 gnitione
1465 1948 302 63 cogitationum
1711 1948 227 63 alterius
1881 1948 189 63 angeli
2013 1948 113 63 et
2070 1948 227 63 hominis.

1284 2005 225 70 Similiter
1457 2005 173 70 quando
1578 2005 156 70 illud
1682 2005 242 70 obstaculum
1872 2005 225 70 amovetur:
2045 2005 121 70 ita
2114 2005 138 70 quod
2183 2005 87 70 an-

1289 2059 166 58 gelus
1399 2059 276 58 cognitionem
1620 2059 203 58 habens:
1768 2059 203 58 ordinat
1915 2059 129 58 eam
1989 2059 258 58 voluntarie
2191 2059 111 58 ad

1286 2112 176 58 illum:
1409 2112 105 58 et
1462 2112 141 58 vult
1550 2112 105 58 vt
1603 2112 123 58 sic
1673 2112 141 58 sibi
1761 2112 176 58 pateat
1884 2112 141 58 quod
1972 2112 141 58 tunc
2060 2112 228 58 cognoscit

1286 2172 205 66 angelus
1436 2172 149 66 ille
1529 2172 299 66 cogitationem
1772 2172 168 66 suam.
1884 2172 112 66 et
1940 2172 149 66 haec
2033 2172 131 66 est
2089 2172 168 66 locutio

1292 2223 195 61 angelica
1438 2223 195 61 secundum
1584 2223 130 61 eum:
1665 2223 97 61 de
1714 2223 130 61 quae
1795 2223 211 61 videbitur
1957 2223 97 61 in
2005 2223 162 61 quarto
2119 2223 178 61 princi.

1287 2281 210 58 Opinio
1434 2281 231 58 henrici
1602 2281 147 58 qui
1686 2281 168 58 hanc
1791 2281 273 58 opinionem
2001 2281 294 58 pertractat

1295 2324 128 71 iii
1368 2324 165 71 quodi
1478 2324 128 71 qui
1551 2324 147 71 xiii
1643 2324 128 71 est
1716 2324 165 71 haec:
1826 2324 147 71 quod
1917 2324 110 71 in
1972 2324 238 71 cognitone
2155 2324 128 71 duo

1291 2395 171 56 pssunt
1410 2395 273 56 considerarid
1632 2395 137 56 est.
1718 2395 137 56 suba
1803 2395 171 56 actus:
1923 2395 102 56 et
1974 2395 205 56 directio
2127 2395 154 56 actus

1282 2451 115 60 in
1339 2451 191 60 finem:
1473 2451 134 60 qui
1549 2451 229 60 partinet
1721 2451 115 60 ad
1779 2451 287 60 intentionem
2008 2451 287 60 voluntatis.

1295 2499 165 72 Sunam
1405 2499 147 72 ergo
1496 2499 165 72 acius
1606 2499 183 72 potest
1734 2499 256 72 cognoscere
1936 2499 275 72 naturaliter
2155 2499 128 72 tam

1288 2548 185 79 bonus
1411 2548 164 79 quam
1513 2548 185 79 maus.
1636 2548 144 79 Sed
1718 2548 308 79 intentionem
1964 2548 287 79 voluntalis
2169 2548 82 79 di

1287 2612 206 63 rigentis
1441 2612 154 63 actum
1544 2612 103 63 in
1595 2612 154 63 finem
1698 2612 154 63 talem
1801 2612 120 63 vel
1870 2612 154 63 talem
1973 2612 120 63 non
2041 2612 171 63 potest
2144 2612 103 63 natu

1285 2667 182 60 raliter
1418 2667 216 60 cogscere:
1584 2667 99 60 si
1634 2667 116 60 non
1700 2667 199 60 sequatur
1849 2667 182 60 aliquis
1982 2667 199 60 effectus
2131 2667 99 60 in
2164 2667 83 60 sen

1286 2716 270 79 sualitate.
1498 2716 193 79 Aliter
1633 2716 154 79 alii
1730 2716 193 79 quidam
1865 2716 174 79 dicut
1981 2716 154 79 quod
2077 2716 174 79 nihil
2193 2716 154 79 quod

1291 2778 203 61 potest
1433 2778 244 61 occultam
1616 2778 305 61 cogitatione
1860 2778 203 61 mentis
2003 2778 305 61 cognoscere:

1290 2839 137 50 nisi
1375 2839 137 50 quod
1461 2839 171 50 potest
1580 2839 154 50 menti
1683 2839 188 50 illabi:
1820 2839 222 50 cuiusmodi
1991 2839 120 50 est
2059 2839 137 50 deus
2127 2839 120 50 solus

1284 2884 160 63 sicut
1391 2884 160 63 dicit
1498 2884 249 63 Augustinus
1693 2884 107 63 in
1746 2884 107 63 de
1800 2884 284 63 eccliasticis
2031 2884 249 63 dogmatibus

1292 2935 169 84 sicut
1405 2935 225 84 superius
1573 2935 244 84 allegavi.
1761 2935 131 84 Sed
1836 2935 187 84 contra
1967 2935 169 84 istas
2080 2935 150 84 duas
2173 2935 131 84 pri

1284 2996 143 73 mas
1365 2996 266 73 o.iniones
1570 2996 205 73 statim
1714 2996 246 73 occurrit
1898 2996 164 73 quod
2001 2996 143 73 ita
2083 2996 225 73 intelli

1285 3051 211 64 gibilis
1438 3051 134 64 est
1515 3051 230 64 intentio
1688 3051 269 64 voluntatis
1899 3051 154 64 sict
1995 3051 173 64 actus
2091 3051 173 64 intelle

1298 3114 164 81 tus:
1401 3114 123 81 et
1463 3114 144 81 ita
1545 3114 369 81 proportionatum
1853 3114 328 81 intelligibie
2099 3114 164 81 intel
