2550 3300
273 188 180 63 tates
393 188 160 63 quae
493 188 240 63 conicant
672 188 359 63 intellectualem
972 188 259 63 notitiam:
1171 188 140 63 cum

285 248 156 59 sint
382 248 311 59 connaturales
635 248 117 59 et
693 248 272 59 acquisitae
907 248 136 59 per
985 248 272 59 creationem
1179 248 78 59 re

274 300 161 62 rum.
374 300 161 62 quia
475 300 141 62 res
555 300 201 62 aliter
696 300 261 62 alteraret
897 300 241 62 continue
1078 300 221 62 angelos

286 355 162 77 quod
387 355 223 77 apparet
549 355 182 77 valde
671 355 324 77 inconveniens
935 355 223 77 dicere:
1097 355 162 77 quod
1178 355 81 77 mu

273 411 146 69 sca
356 411 208 69 volans
502 411 250 69 causaret
689 411 250 69 continue
877 411 187 69 nouas
1001 411 291 69 qualitates

287 463 110 67 in
342 463 146 67 celo
433 463 110 67 et
488 463 110 67 in
543 463 220 67 inferno.
708 463 110 67 et
763 463 128 67 hoc
836 463 165 67 tamen
946 463 146 67 mihi
1037 463 201 67 apparet
1165 463 92 67 con

280 523 250 64 cedendum:
472 523 154 64 nisi
568 523 211 64 velimus
721 523 192 64 dicere
856 523 154 64 quod
952 523 211 64 angelus
1105 523 192 64 possit

284 579 227 75 decipi:
450 579 145 75 vel
532 579 165 75 quod
635 579 145 75 vna
718 579 227 75 notitia
883 579 145 75 est
966 579 145 75 per
1048 579 165 75 quam
1131 579 124 75 ange

272 628 146 70 lus
356 628 229 70 iudicat
522 628 208 70 muscam
668 628 208 70 volare
814 628 125 70 in
877 628 208 70 camspo
1023 628 125 70 et
1085 628 208 70 sedere

273 685 129 71 in
338 685 194 71 horto
467 685 323 71 successive:
726 685 172 71 quod
833 685 151 71 non
919 685 237 71 apparet
1092 685 215 71 verum.

293 750 194 69 Potest
429 750 156 69 ergo
526 750 156 69 dici
623 750 156 69 quod
720 750 117 69 ex
779 750 272 69 cognitione
992 750 253 69 intuitiva
1167 750 78 69 ha

269 797 162 62 benda
377 797 108 62 de
431 797 162 62 rebus
539 797 90 62 /
575 797 126 62 non
647 797 252 62 sufficiunt
845 797 180 62 spens:
971 797 144 62 quia
1061 797 126 62 cum
1133 797 162 62 tales

272 855 308 76 qualitates
514 855 330 76 uniformiter
778 855 242 76 causent
953 855 352 76 cognitionem:

277 915 149 64 non
362 915 213 64 posset
511 915 234 64 angelus
681 915 213 64 varias
830 915 213 64 habere
979 915 319 64 cognitiones

266 964 305 72 sucessivas
506 964 152 72 per
593 964 196 72 tales
723 964 218 72 spens:
875 964 152 72 nec
962 964 239 72 formare
1115 964 131 72 affi

274 1027 265 64 mationes
473 1027 132 64 et
539 1027 331 64 negationes:
804 1027 154 64 sed
892 1027 243 64 ipsemet
1068 1027 154 64 res
1135 1027 110 64 coa

279 1083 162 65 gunt
380 1083 122 65 et
441 1083 243 65 conicant
623 1083 122 65 in
684 1083 284 65 intellectu
907 1083 203 65 angeli
1048 1083 243 65 notitiam

277 1146 265 57 complexam.
486 1146 114 57 et
542 1146 133 57 non
618 1146 209 57 videtur
770 1146 265 57 subtiliter
979 1146 303 57 considerando

267 1204 220 54 arguere
427 1204 361 54 imperfectionem
728 1204 220 54 naturae
888 1204 120 54 in
948 1204 220 54 angelo.
1089 1204 160 54 videli

279 1260 116 56 cet
346 1260 132 56 quod
428 1260 116 56 sic
494 1260 116 56 per
561 1260 116 56 res
627 1260 215 56 alteretur
792 1260 215 56 continue:
957 1260 132 56 quia
1040 1260 132 56 illa
1123 1260 165 56 altera

283 1307 118 72 tio
351 1307 118 72 non
418 1307 118 72 est
485 1307 135 72 nisi
570 1307 270 72 accidentalis
789 1307 202 72 notitia:
941 1307 135 72 quae
1025 1307 118 72 est
1092 1307 152 72 salus
1194 1307 101 72 et

280 1364 235 79 perfectio.
465 1364 101 79 vt
515 1364 185 79 dicitur
650 1364 101 79 ii
700 1364 101 79 de
751 1364 151 79 anima
852 1364 101 79 et
902 1364 101 79 vt
952 1364 202 79 videtur:
1104 1364 185 79 oportet

280 1413 169 86 illam
393 1413 226 86 reducere
562 1413 113 86 ad
619 1413 132 86 res
694 1413 169 86 sicut
807 1413 113 86 ad
863 1413 188 86 causam
995 1413 244 86 partialem
1164 1413 75 86 et

265 1476 225 79 fectivam.
438 1476 139 79 Item
524 1476 104 79 ex
576 1476 139 79 alia
663 1476 156 79 parte
767 1476 121 79 non
836 1476 243 79 sufficiunt
1027 1476 121 79 pro
1096 1476 139 79 omni
1183 1476 104 79 no

267 1533 184 68 titia
389 1533 307 68 abstractiva
635 1533 143 68 res
716 1533 184 68 extra
839 1533 225 68 angelum
1003 1533 164 68 sive
1105 1533 184 68 spens

265 1599 171 60 quia
371 1599 256 60 corrupta
564 1599 171 60 rosa
670 1599 235 60 angelus
841 1599 214 60 format
991 1599 214 60 tales:
1119 1599 128 60 rosa

271 1651 182 64 creuit
398 1651 109 64 in
453 1651 128 64 hac
526 1651 200 64 arbore:
672 1651 109 64 et
726 1651 255 64 huiusmoni:
927 1651 146 64 quae
1018 1651 128 64 non
1091 1651 200 64 possent

275 1707 198 65 causari
419 1707 144 65 nisi
509 1707 126 65 per
582 1707 198 65 speciem
726 1707 289 65 concurrentem
960 1707 126 65 cum
1033 1707 253 65 intellectu

275 1762 233 65 angeli.
444 1762 127 65 et
508 1762 169 65 ideo
613 1762 148 65 pro
698 1762 169 65 tali
804 1762 233 65 notitia
973 1762 233 65 habenda
1121 1762 127 65 post

280 1812 186 70 tempus
411 1812 167 70 rerum
522 1812 223 70 videntur
690 1812 186 70 aliquo
820 1812 261 70 qualitates
1025 1812 205 70 ponende
1174 1812 112 70 in

284 1868 201 71 angelo:
430 1868 128 71 qua
503 1868 146 71 dici
594 1868 201 71 possunt
740 1868 146 71 spes
832 1868 128 71 vel
905 1868 219 71 habitus.
1069 1868 110 71 Si
1106 1868 146 71 quaera

280 1924 144 71 tur
362 1924 123 71 an
423 1924 144 71 sit
505 1924 164 71 dare
608 1924 226 71 maximam
772 1924 328 71 multitudinem
1038 1924 185 71 simul
1141 1924 103 71 con

279 1979 214 79 gnitorum
440 1979 107 79 ab
493 1979 196 79 angelo.
636 1979 143 79 mihi
725 1979 196 79 videtur
868 1979 143 79 quod
957 1979 143 79 sic:
1046 1979 107 79 et
1099 1979 143 79 quod
1171 1979 71 79 an

275 2035 151 71 geli
370 2035 208 71 aliquam
521 2035 265 71 cognoscunt
729 2035 113 71 in
785 2035 170 71 actu:
899 2035 189 71 aliqua
1012 2035 227 71 cognoscumi

282 2102 126 61 in
345 2102 210 61 habitu
492 2102 189 61 sicut
618 2102 168 61 nos:
723 2102 126 61 et
786 2102 147 61 sic
870 2102 210 61 duobus
1017 2102 210 61 modis.
1164 2102 126 61 et

278 2149 188 70 quando
410 2149 113 70 de
467 2149 151 70 nouo
561 2149 245 70 incipiunt
749 2149 301 70 considerare:
994 2149 151 70 tunc
1088 2149 151 70 unum
1164 2149 75 70 di

279 2203 388 78 mittunttotaliter:
611 2203 129 78 vel
685 2203 185 78 saltem
815 2203 240 78 remittunt
1000 2203 277 78 cognitione:

262 2252 141 72 seu
343 2252 384 72 considerationem
666 2252 121 72 de
727 2252 202 72 aliis:
868 2252 182 72 licet
989 2252 222 72 possint
1151 2252 141 72 sil

269 2315 174 72 plura
384 2315 308 72 intelligere:
635 2315 135 72 non
712 2315 174 72 tamen
828 2315 174 72 vltra
944 2315 193 72 certam
1078 2315 135 72 mul
1156 2315 135 72 itu

272 2362 190 73 dinem
398 2362 127 73 et
462 2362 316 73 intentionem
715 2362 211 73 certam
862 2362 337 73 cognoscendi.
1137 2362 148 73 hoc

275 2427 213 72 videtur:
435 2427 142 72 quia
524 2427 124 72 non
595 2427 107 72 in
648 2427 107 72 in
701 2427 195 72 finitum
843 2427 213 72 excedunt
1003 2427 266 72 intellectus

276 2484 202 72 nostros:
428 2484 101 72 et
478 2484 253 72 intellectus
681 2484 135 72 nitr
765 2484 118 72 non
832 2484 169 72 potest
950 2484 152 72 simul
1052 2484 135 72 nisi
1119 2484 118 72 pauca

271 2533 268 70 considerare:
489 2533 134 70 ergo
573 2533 134 70 illi
656 2533 117 70 non
723 2533 184 70 possunt
857 2533 100 70 in
907 2533 268 70 multitudinem
1108 2533 134 70 infini

268 2585 144 83 tam.
358 2585 108 83 Ad
412 2585 197 83 quartum
555 2585 215 83 prienci.
717 2585 161 83 cuius
824 2585 233 83 conclusio
1004 2585 269 83 principalis

269 2642 251 80 inquirit
458 2642 126 80 de
521 2642 272 80 locutione
730 2642 189 80 mutua
856 2642 189 80 inter
982 2642 251 80 angelos.
1149 2642 84 80 Di

275 2707 202 64 cendum
416 2707 283 64 concedendo
639 2707 121 64 in
700 2707 142 64 eis
781 2707 283 64 locutionem
1003 2707 121 64 et
1044 2707 202 64 illumina

268 2755 205 85 tionem.
417 2755 112 85 Ad
473 2755 186 85 primam
603 2755 186 85 formam
734 2755 186 85 quando
864 2755 223 85 arguitur
1031 2755 149 85 quod
1124 2755 149 85 non:

285 2820 137 71 quia
371 2820 155 71 foret
474 2820 206 71 frustra:
629 2820 137 71 quia
714 2820 137 71 unus
800 2820 189 71 angelus
938 2820 120 71 non
1007 2820 172 71 potest
1110 2820 120 71 conce

270 2867 146 82 ptum
361 2867 146 82 suum
453 2867 110 82 ab
508 2867 146 82 alio
599 2867 256 82 occultare.
801 2867 220 82 dicendum
965 2867 146 82 quod
1057 2867 146 82 sic:
1130 2867 110 82 sic-

264 2924 106 80 ut
317 2924 177 80 tactum
441 2924 142 80 fuit
530 2924 248 80 inrunsione
725 2924 106 80 ad
778 2924 213 80 secundum
938 2924 248 80 principale
1133 2924 142 80 quia

275 2979 307 62 cogitationes
524 2979 173 62 unius
639 2979 173 62 alius
754 2979 134 62 non
831 2979 192 62 nouit:
965 2979 153 62 quia
1061 2979 134 62 deo
1138 2979 134 62 non

258 3034 232 65 placet
420 3034 256 65 coagere
606 3034 139 65 ad
676 3034 302 65 causandum
909 3034 279 65 notitiam
1095 3034 139 65 illa

273 3091 128 80 rum
346 3091 311 80 cogitationum:
602 3091 110 80 et
657 3091 147 80 ideo
749 3091 183 80 potest
877 3091 147 80 poni
969 3091 147 80 quod
1060 3091 201 80 loquunt

264 3152 255 91 adinuicem
461 3152 137 91 per
539 3152 177 91 modum
657 3152 196 91 istum.
795 3152 157 91 vnus
893 3152 216 91 afectat
1050 3152 157 91 quod
1148 3152 157 91 suus

1303 211 251 72 conceptus
1496 211 309 72 manifestetur
1747 211 212 72 alteri:
1901 211 154 72 deus
1997 211 174 72 autem
2113 211 116 72 ad
2152 211 135 72 illam

1308 267 293 73 volitionem
1539 267 210 73 causat
1685 267 126 73 in
1748 267 168 73 alio
1853 267 147 73 cui
1937 267 272 73 desiderat
2146 267 189 73 inote

1301 317 165 81 scere
1411 317 146 81 suum
1502 317 238 81 conceptum
1685 317 92 81 /
1722 317 220 81 notitiam
1886 317 183 81 illius
2014 317 256 81 conceptus:
2216 317 110 81 et

1312 369 137 85 idoeo
1403 369 137 85 patet
1495 369 137 85 causa
1587 369 137 85 quare
1678 369 122 85 unus
1755 369 153 85 potest
1861 369 137 85 loqui
1953 369 107 85 vni
2014 369 153 85 tantum
2121 369 107 85 vel
2182 369 137 85 pluri

1304 424 120 75 bus:
1379 424 105 75 vel
1439 424 90 75 si
1484 424 135 75 velit
1574 424 75 75 /
1604 424 165 75 omnibus
1724 424 150 75 simul:
1829 424 120 75 quia
1904 424 180 75 secundum
2039 424 120 75 suum
2114 424 210 75 desiderium

1298 484 206 71 placet
1443 484 144 71 deo
1525 484 248 71 conplere
1711 484 124 71 et
1773 484 227 71 causare
1938 484 248 71 notitiam
2124 484 124 71 in
2186 484 144 71 xno

1291 549 145 76 tamen
1388 549 113 76 vel
1452 549 97 76 in
1501 549 210 76 pluribus.
1662 549 145 76 Patet
1759 549 145 76 etiam
1856 549 145 76 causa
1952 549 145 76 quare
2049 549 161 76 potest
2162 549 145 76 loqui

1295 604 116 72 ad
1353 604 174 72 minor
1469 604 135 72 est
1546 604 290 72 distantiam:
1778 604 116 72 et
1836 604 174 72 loqui
1952 604 251 72 remotiori
2146 604 135 72 vel
2204 604 77 72 ma

1298 660 134 71 gis
1374 660 248 71 distanti:
1565 660 114 71 si
1622 660 114 71 ne
1679 660 134 71 hoc
1756 660 153 71 quod
1851 660 134 71 sua
1928 660 210 71 locutio
2080 660 248 71 inotescat

1296 716 273 71 propinquiori
1518 716 222 71 similiter
1689 716 137 71 quod
1774 716 119 71 vpe
1842 716 205 71 loquindo
1996 716 222 71 loquuntur
2167 716 119 71 per
2218 716 68 71 si

1297 748 137 95 gna
1376 748 117 95 ad
1434 748 235 95 placitum
1611 748 274 95 instituta:
1826 748 137 95 sed
1904 748 196 95 omnino
2041 748 176 95 sicut
2139 748 157 95 volunt

1296 835 152 64 iuos
1391 835 246 64 conceptus
1580 835 171 64 aliis
1694 835 284 64 maifestare:
1922 835 133 64 sic
1998 835 152 64 deus
2092 835 228 64 perficit

1290 889 102 67 et
1341 889 170 67 causat
1460 889 204 67 realiter
1613 889 102 67 in
1664 889 170 67 aliis.
1783 889 102 67 et
1835 889 204 67 secundum
1988 889 153 67 istum
2090 889 153 67 modum
2175 889 102 67 prob

1299 932 205 78 viliter
1448 932 186 78 dicunt
1579 932 205 78 quaidam
1728 932 149 78 quod
1821 932 261 78 inotescunt
2026 932 168 78 sctis
2138 932 186 78 erones

1299 997 181 70 nostre
1426 997 127 70 vel
1498 997 272 70 affectioes.
1715 997 127 70 non
1788 997 145 70 quod
1879 997 181 70 ofones
2005 997 163 70 nstre
2114 997 127 70 vel
2168 997 109 70 affe

1288 1060 209 63 ctiones
1440 1060 190 63 nostre
1573 1060 209 63 aliquid
1725 1060 209 63 causent
1876 1060 247 63 immediate
2066 1060 133 63 per
2142 1060 114 63 se
2199 1060 114 63 in

1287 1116 203 62 animabus
1439 1116 118 62 vel
1507 1116 101 62 in
1557 1116 203 62 angelis:
1709 1116 118 62 sed
1777 1116 135 62 quia
1861 1116 135 62 deus
1945 1116 152 62 iuxta
2047 1116 186 62 nostrim
2182 1116 135 62 desi

1297 1163 193 73 derium
1432 1163 193 73 causat
1567 1163 116 73 in
1624 1163 135 73 eis
1702 1163 231 73 notitiam
1875 1163 193 73 qualem
2010 1163 135 73 nos
2087 1163 231 73 vellemus

1283 1223 114 77 in
1340 1223 133 77 eis
1416 1223 227 77 causari.
1586 1223 114 77 Et
1643 1223 170 77 eodem
1757 1223 152 77 modo
1851 1223 152 77 dici
1946 1223 189 77 potest
2079 1223 152 77 quod
2154 1223 133 77 agel-

1293 1270 136 84 suum
1378 1270 221 84 conceptum
1548 1270 221 84 occultare
1718 1270 170 84 potest
1836 1270 187 84 abalio:
1972 1270 187 84 volenoo
2108 1270 204 84 scilicet

1295 1340 141 71 quod
1384 1340 159 71 nulli
1490 1340 212 71 constet:
1649 1340 141 71 quia
1737 1340 141 71 tunc
1826 1340 141 71 deus
1914 1340 124 71 non
1985 1340 212 71 coagendo
2144 1340 106 71 ad
2180 1340 88 71 il-

1298 1401 146 58 lius
1389 1401 219 58 notitiam
1553 1401 237 58 causandam
1736 1401 110 58 in
1791 1401 164 58 aliis
1900 1401 91 58 /
1937 1401 219 58 sustinet
2101 1401 146 58 quod
2193 1401 128 58 sit

1289 1451 289 63 occultata
1511 1451 133 63 ab
1578 1451 222 63 aliis.
1733 1451 178 63 Tunc
1844 1451 133 63 ad
1911 1451 311 63 argumentum
2133 1451 133 63 dici

1297 1507 166 75 potest
1413 1507 132 75 quod
1496 1507 215 75 vnicuique
1662 1507 182 75 constat
1794 1507 99 75 de
1844 1507 232 75 dilectione
2026 1507 199 75 alterius
2175 1507 132 75 quam

1299 1563 120 69 deus
1374 1563 210 69 diligitur:
1539 1563 120 69 quia
1614 1563 105 69 est
1674 1563 180 69 dilectio
1808 1563 210 69 beatifica.
1973 1563 90 69 et
2018 1563 120 69 quia
2093 1563 180 69 secundum
2213 1563 60 69 il

1292 1612 122 81 lam
1361 1612 122 81 est
1431 1612 262 81 principalis
1641 1612 157 81 ratio
1745 1612 332 81 diligibilitatis
2025 1612 105 81 et
2077 1612 227 81 bonitatis

1278 1676 181 79 ipsius
1405 1676 254 79 attedenda:
1604 1676 145 79 ideo
1694 1676 181 79 nullus
1821 1676 163 79 errat
1930 1676 109 79 in
1984 1676 254 79 diligendo:
2165 1676 109 79 quin

1295 1737 242 66 quemlibet
1481 1737 204 66 diligat
1630 1737 204 66 quantum
1778 1737 204 66 tenetur
1927 1737 223 66 secundum
2094 1737 223 66 mensuram

1284 1782 275 77 bonitatis:
1501 1782 157 77 quod
1599 1782 118 77 ex
1658 1782 138 77 sua
1737 1782 197 77 btitud
1875 1782 157 77 inse
1973 1782 177 77 debet
2091 1782 216 77 habere.

1311 1844 105 71 Ad
1363 1844 209 71 secundum
1520 1844 209 71 dicendum
1677 1844 139 71 quod
1764 1844 209 71 existimo
1920 1844 139 71 quod
2008 1844 174 71 tantum
2130 1844 174 71 finiti

1282 1899 192 72 possunt
1421 1899 157 72 simul
1526 1899 157 72 loqui
1631 1899 105 72 de
1683 1899 192 72 finitis
1823 1899 227 72 materiis:
1997 1899 105 72 et
2050 1899 122 72 non
2119 1899 122 72 ita
2172 1899 87 72 pr-

1284 1951 181 76 fecte
1405 1951 282 76 causabitur
1626 1951 221 76 notitia
1787 1951 242 76 multorum
1968 1951 141 76 nec
2049 1951 141 76 ita
2109 1951 161 76 distin

1287 2012 128 66 cte
1360 2012 164 66 sicut
1469 2012 164 66 vnius
1578 2012 128 66 per
1651 2012 128 66 se:
1724 2012 128 66 sed
1797 2012 109 66 si
1852 2012 201 66 cogitet
1998 2012 146 66 actu
2089 2012 109 66 de
2144 2012 146 66 dunc

1284 2058 137 81 bus
1363 2058 294 81 scibilibus:
1598 2058 176 81 minus
1715 2058 274 81 distinctae
1930 2058 117 81 et
1989 2058 176 81 magis
2087 2058 176 81 remisse

1282 2124 250 64 cogitabit
1474 2124 115 64 de
1532 2124 231 64 vtroque:
1705 2124 154 64 quam
1801 2124 115 64 si
1859 2124 192 64 tantum
1994 2124 115 64 de
2051 2124 192 64 altero
2167 2124 96 64 co-

1277 2181 224 75 gitaret.
1445 2181 112 75 et
1501 2181 130 75 hoc
1576 2181 224 75 propatur
1743 2181 298 75 limitationem
1985 2181 93 75 a
2023 2181 224 75 potentia
2172 2181 93 75 co-

1292 2234 164 76 gnitiva
1412 2234 90 76 in
1456 2234 120 76 eis.
1531 2234 90 76 et
1576 2234 179 76 secundum
1710 2234 105 76 hoc
1770 2234 90 76 et
1815 2234 224 76 concedendum
1994 2234 120 76 quod
2069 2234 105 76 tot
2129 2234 164 76 possunt

1282 2282 156 89 simul
1386 2282 156 89 velle
1489 2282 156 89 loqui
1593 2282 121 89 vni
1662 2282 104 89 de
1714 2282 121 89 tam
1784 2282 242 89 distinctis
1974 2282 225 89 materiis:
2147 2282 138 89 quod

1268 2339 161 80 deus
1369 2339 141 80 non
1449 2339 201 80 posset
1590 2339 201 80 inillo
1731 2339 141 80 vno
1811 2339 221 80 causare
1972 2339 242 80 notitias
2153 2339 141 80 tot

1279 2396 115 80 ad
1336 2396 269 80 distinctae
1547 2396 115 80 et
1605 2396 230 80 perfecte
1778 2396 307 80 concipiendum
2027 2396 269 80 locutiones

1284 2460 152 64 omnim
1385 2460 185 64 istorum
1520 2460 219 64 angelorum
1689 2460 152 64 simul
1790 2460 84 64 /
1824 2460 202 64 propatur
1975 2460 202 64 defectum
2127 2460 169 64 illius

1271 2512 322 76 capacitatis
1528 2512 193 76 vnius
1657 2512 214 76 angeli
1807 2512 150 76 cui
1892 2512 214 76 fieret
2043 2512 257 76 locutio.

1295 2577 106 73 Ad
1348 2577 194 73 tertium
1489 2577 176 73 quando
1613 2577 229 73 arguitur.
1789 2577 106 73 si
1842 2577 211 73 quilibet
2000 2577 176 73 posset
2124 2577 159 73 loqui

1272 2627 186 84 alteri:
1407 2627 203 84 quilibet
1560 2627 169 84 posset
1678 2627 152 84 alium
1779 2627 237 84 illumiare:
1965 2627 271 84 consequentia
2168 2627 68 84 pa

1269 2675 159 80 tet:
1369 2675 159 80 quia
1468 2675 199 80 posset
1608 2675 120 80 in
1667 2675 139 80 eis
1747 2675 219 80 causare
1906 2675 179 80 nouam
2026 2675 259 80 notitiam.

1281 2729 193 82 Falsitas
1426 2729 258 82 consequentis
1635 2729 145 82 patet
1732 2729 97 82 ex
1780 2729 129 82 Dio.
1861 2729 129 82 quia
1941 2729 161 82 tantum
2054 2729 225 82 superiores

1270 2787 264 80 illuminant
1477 2787 283 80 inferiores:
1704 2787 113 80 et
1760 2787 132 80 non
1835 2787 226 80 econrio.
2005 2787 151 80 haec
2099 2787 132 80 est
2156 2787 94 80 ima

1278 2843 203 91 ginatio
1425 2843 129 91 Dio
1499 2843 111 91 de
1555 2843 203 91 celest.
1703 2843 185 91 hierar
1832 2843 222 91 capitulo
1999 2843 148 91 iiii
2091 2843 111 91 et
2147 2843 129 91 vii

1273 2901 198 79 quando
1412 2901 158 79 tres
1510 2901 178 79 actus
1629 2901 316 79 hierarchicos
1886 2901 178 79 ponit
2004 2901 119 79 in
2063 2901 217 79 angelis

1262 2955 243 80 purgare
1439 2955 331 80 illuminare:
1704 2955 133 80 et
1770 2955 309 80 persicere.
2013 2955 133 80 et
2079 2955 155 80 hoc
2146 2955 88 80 ab

1271 3006 238 77 omnibus
1444 3006 303 77 doctoribus
1682 3006 259 77 antiquis
1877 3006 259 77 concedit
2071 3006 130 77 et
2114 3006 130 77 tene

1277 3060 136 80 tur
1354 3060 156 80 quod
1452 3060 272 80 superiores
1665 3060 214 80 purgant
1821 3060 272 80 inferiores
2035 3060 97 80 a
2054 3060 175 80 nescien

1266 3115 142 80 tia:
1355 3115 107 80 et
1408 3115 249 80 illuminant
1604 3115 107 80 et
1657 3115 267 80 perficiunt.
1871 3115 124 80 Sed
1942 3115 249 80 inferiores
2137 3115 124 80 non

1267 3174 267 101 illuminant
1477 3174 286 101 superiores:
1706 3174 134 101 sed
1782 3174 134 101 cum
1858 3174 134 101 eis
1935 3174 248 101 loquuntur
2126 3174 153 101 tnum
