2550 3300
239 196 191 63 Unde
358 196 215 63 inter
502 196 334 63 locutionem
764 196 143 63 et
835 196 429 63 illuminationem

249 267 283 56 assignatur
471 267 262 56 multiplex
673 267 323 56 differentia.
935 267 182 56 Primo
1056 267 162 56 quia
1137 267 81 56 lo

255 323 181 48 cutio
375 323 201 48 potest
516 323 161 48 esse
616 323 121 48 de
677 323 221 48 veriset
837 323 201 48 falsis
958 323 261 48 indifferen-

253 372 151 55 ter:
347 372 132 55 sed
423 372 283 55 illuminatio
649 372 113 55 et
706 372 245 55 reuelatio
894 372 189 55 tantum
1026 372 132 55 fit
1102 372 113 55 de
1140 372 75 55 ve

252 420 144 55 ris.
342 420 198 55 Secundo
486 420 144 55 quia
576 420 198 55 locutio
720 420 180 55 potest
846 420 162 55 fieri
954 420 306 55 indifferenter

262 475 114 64 de
319 475 152 64 noto
414 475 171 64 prius
528 475 228 64 utrique:
699 475 133 64 vel
774 475 114 64 de
831 475 190 64 aliquo
964 475 209 64 noviter
1116 475 133 64 non

250 540 113 55 so
307 540 150 55 illi
401 540 132 55 cui
476 540 132 55 fit
551 540 226 55 locutio.
720 540 132 55 sed
796 540 244 55 reuelatio
984 540 113 55 et
1040 540 226 55 illumima

260 591 134 61 tio
336 591 192 61 semper
471 591 134 61 fit
547 591 115 61 de
605 591 211 61 aliquom
758 591 211 61 noviter
911 591 153 61 noto
1007 591 115 61 et
1046 591 172 61 notifi-

263 648 183 59 canado
391 648 146 59 illi
482 648 128 59 cui
555 648 274 59 illuminatio
774 648 146 59 fit.
865 648 183 59 Tertio
993 648 146 59 quia
1084 648 164 59 omnis

247 707 152 56 qui
334 707 282 56 illuminat
551 707 152 56 vel
638 707 239 56 reuelat
812 707 282 56 loquitur:
1029 707 152 56 sed
1115 707 152 56 non

252 763 280 57 econverso.
472 763 200 57 Quarto
612 763 160 57 quia
712 763 300 57 illuminatio
951 763 140 57 est
1031 763 200 57 tantum
1151 763 80 57 su

258 820 261 66 periorum:
459 820 121 66 et
519 820 221 66 locutio
680 820 201 66 omnim.
821 820 201 66 Quinto
962 820 161 66 quia
1042 820 181 66 locutio

254 868 129 68 est
327 868 111 68 de
383 868 147 68 omni
475 868 166 68 vero:
585 868 276 68 illuminatio
807 868 111 68 de
862 868 184 68 aliqua
991 868 184 68 tantum
1101 868 111 68 sup-

246 923 250 64 naturaliter
447 923 200 64 secundum
597 923 217 64 Anselmus.
764 923 117 64 Sed
830 923 167 64 contra
947 923 150 64 istud
1047 923 200 64 arguitur

260 977 180 60 Ocliam
386 977 162 60 super
494 977 270 60 sententias.
710 977 198 60 Ponitur
855 977 144 60 enim
945 977 108 60 in
999 977 108 60 ii
1053 977 90 60 a
1071 977 144 60 Ioanne

254 1035 161 72 scoto
361 1035 143 72 quod
450 1035 196 72 angelus
593 1035 214 72 superior
754 1035 107 72 ex
807 1035 250 72 praesentia
1004 1035 125 72 sua
1075 1035 107 72 ad
1111 1035 107 72 agen

265 1092 132 62 dum
341 1092 245 62 confortat
529 1092 170 62 lumen
642 1092 264 62 itellectus
850 1092 283 62 inferioris:
1076 1092 113 62 et
1133 1092 132 62 sic

254 1157 258 62 illuminat.
457 1157 203 62 Contra.
604 1157 185 62 quando
733 1157 129 62 est
807 1157 277 62 confortatio
1028 1157 221 62 aliquoum

263 1207 145 79 illa
354 1207 127 79 est
426 1207 163 79 mutua
535 1207 163 79 sicut
644 1207 182 79 patet.
771 1207 145 79 quia
862 1207 145 79 enim
953 1207 182 79 magnus
1080 1207 163 79 ignis

272 1273 267 50 confortat
478 1273 226 50 paruum:
642 1273 164 50 ideo
745 1273 123 50 et
807 1273 206 50 paruus
951 1273 267 50 confortat
1136 1273 82 50 ma

270 1320 151 66 gnum:
371 1320 135 66 ergo
455 1320 101 66 si
506 1320 202 66 superior
657 1320 101 66 ex
707 1320 135 66 tali
792 1320 135 66 sibi
876 1320 252 66 resistentia
1061 1320 151 66 confor-

260 1375 145 60 tat
343 1375 289 60 inferiore:
570 1375 145 60 ita
653 1375 227 60 poterit
818 1375 248 60 inferior
983 1375 227 60 illumina-

264 1433 123 58 re
325 1433 286 58 supeiorem.
550 1433 286 58 Praeterea.
774 1433 163 58 tunc
877 1433 266 58 beatitudo
1081 1433 184 58 vnius

262 1491 244 56 depederet
450 1491 113 56 ab
507 1491 150 56 alio
601 1491 301 56 confortante:
845 1491 263 56 consequens
1052 1491 207 56 falsum.

276 1549 237 62 Praeterea
458 1549 182 62 quaero
586 1549 146 62 quid
677 1549 255 62 intelligit
878 1549 128 62 per
950 1549 164 62 istam
1042 1549 182 62 conforta

264 1602 227 64 tionem:
429 1602 124 64 an
491 1602 371 64 conservationem
800 1602 309 64 intellectus
1027 1602 206 64 angelici

260 1668 131 47 an
326 1668 392 47 augmentationem
652 1668 261 47 alicuius
848 1668 240 47 luminis
1022 1668 131 47 in
1066 1668 174 47 itelle

269 1723 129 61 ctu
342 1723 92 61 :
379 1723 185 61 Primum
508 1723 129 61 non
582 1723 185 61 potest
711 1723 166 61 esse:
822 1723 148 61 quia
914 1723 277 61 intellectus
1117 1723 111 61 ange

262 1764 173 59 licus
377 1764 288 59 conservatur
607 1764 96 59 a
645 1764 153 59 solo
741 1764 153 59 deo:
837 1764 173 59 sicut
952 1764 115 59 et
1010 1764 249 59 causatur.

274 1823 120 60 Nec
342 1823 188 60 secundo
479 1823 137 60 modo
564 1823 171 60 potest
684 1823 137 60 dici
769 1823 120 60 per
837 1823 154 60 idem:
940 1823 137 60 quia
1025 1823 154 60 istud
1110 1823 120 60 lumen

263 1876 90 62 a
299 1876 144 62 solo
389 1876 126 62 deo
461 1876 180 62 augeri
587 1876 198 62 potest:
731 1876 162 62 sicut
839 1876 108 62 et
893 1876 108 62 ab
947 1876 144 62 illo
1037 1876 144 62 solo
1109 1876 108 62 crec

260 1932 146 56 tur:
351 1932 146 56 ideo
442 1932 164 56 tenet
551 1932 146 56 quod
642 1932 164 56 nullo
751 1932 146 56 modo
842 1932 146 56 agit
933 1932 218 56 superior
1097 1932 109 56 in
1133 1932 91 56 in-

261 1988 255 56 feriorem:
457 1988 157 56 quin
555 1988 176 56 eodem
673 1988 157 56 modo
771 1988 157 56 agat
869 1988 235 56 inferior
1045 1988 118 56 in
1084 1988 137 56 supe-

254 2043 204 72 riorem:
403 2043 149 72 quia
496 2043 186 72 nullus
626 2043 204 72 angelus
775 2043 149 72 agit
868 2043 112 72 in
924 2043 167 72 alium
1035 2043 149 72 nisi
1128 2043 130 72 per

269 2100 147 69 modum
367 2100 197 69 obiecti:
514 2100 115 69 qua
580 2100 197 69 scilicet
727 2100 131 69 vnus
809 2100 164 69 potest
924 2100 131 69 esse
1006 2100 197 69 obiectum
1137 2100 82 69 in-

259 2155 305 56 tellectionis
506 2155 114 56 et
564 2155 267 56 volitionis
773 2155 248 56 alterius.
963 2155 114 56 et
1021 2155 133 56 sic
1097 2155 171 56 agere

256 2217 134 49 ita
332 2217 229 49 competit
504 2217 248 49 inferiori
695 2217 172 49 sicut
809 2217 267 49 superiori:
1019 2217 114 49 et
1057 2217 172 49 econtra

267 2264 161 67 rio.
368 2264 141 67 Sed
448 2264 161 67 quia
549 2264 161 67 ista
650 2264 202 67 opinio
791 2264 182 67 negat
912 2264 182 67 actus
1013 2264 222 67 hierarchi

266 2325 137 54 cos
345 2325 117 54 et
403 2325 215 54 ordinem
560 2325 235 54 traditum
735 2325 98 54 a
775 2325 156 54 scto
872 2325 156 54 Dion
970 2325 176 54 vsio:
1087 2325 176 54 licet

268 2381 194 55 neutra
403 2381 155 55 pars
500 2381 194 55 posset
636 2381 252 55 evidenter
829 2381 232 55 probari:
1004 2381 155 55 malo
1100 2381 174 55 tamen

266 2428 211 78 dictis
413 2428 232 78 sctorum
582 2428 232 78 fauere.
750 2428 126 78 Ad
814 2428 211 78 primum
961 2428 211 78 quando
1088 2428 147 78 argui

261 2492 138 55 tur
340 2492 157 55 quod
438 2492 236 55 inferior
615 2492 255 55 illuminat
811 2492 275 55 superiorem
1028 2492 157 55 etc.
1106 2492 118 55 Dico

281 2548 131 66 quod
363 2548 180 66 neganda
494 2548 115 66 est
559 2548 279 66 consequentia:
789 2548 131 66 quia
871 2548 197 66 inferior
1018 2548 115 66 est
1084 2548 98 66 in
1116 2548 115 66 poten

269 2604 132 59 tia
345 2604 113 59 vt
401 2604 283 59 illuminetur
627 2604 94 59 a
665 2604 264 59 superiori:
872 2604 113 59 et
929 2604 132 59 non
1004 2604 264 59 econtrario

269 2656 140 59 sic
349 2656 220 59 corpora
509 2656 300 59 elementaria
749 2656 320 59 conseruantur
1009 2656 120 59 et
1049 2656 180 59 fortifi

273 2711 201 60 cantur
413 2711 120 60 in
474 2711 161 60 suis
574 2711 281 60 actionibus
795 2711 100 60 a
835 2711 281 60 corporibus
1035 2711 201 60 celesti-

272 2772 146 54 bus:
363 2772 109 54 et
417 2772 164 54 tamen
527 2772 127 54 non
599 2772 255 54 confortant
799 2772 127 54 nec
872 2772 273 54 fortificant
1072 2772 164 54 corpora

269 2835 214 59 celestia
430 2835 107 59 in
484 2835 143 59 suis
573 2835 268 59 actionibus.
787 2835 107 59 Et
841 2835 179 59 quando
966 2835 214 59 arguitur
1127 2835 143 59 sic:

277 2876 178 63 maius
396 2876 258 63 confortat
594 2876 178 63 minus
713 2876 119 63 et
773 2876 278 63 econverso:
991 2876 159 63 quia
1070 2876 159 63 confor

277 2935 168 57 tatio
390 2935 168 57 debet
502 2935 150 57 esse
595 2935 187 57 mulua:
726 2935 168 57 sicut
838 2935 168 57 patet
951 2935 112 57 de
1007 2935 187 57 duobus
1119 2935 112 57 igni

279 2988 136 56 bus.
364 2988 255 56 Philosophus
568 2988 153 56 dicit
670 2988 136 56 quod
755 2988 170 56 quando
874 2988 119 56 duo
942 2988 187 56 agentia
1078 2988 136 56 sunt
1146 2988 85 56 di-

283 3044 161 60 versae
396 3044 193 60 speciei:
541 3044 113 60 non
605 3044 113 60 est
669 3044 145 60 verum
766 3044 129 60 quod
847 3044 225 60 accipitur.
1024 3044 145 60 sicut
1120 3044 145 60 ignis

273 3100 137 79 in
342 3100 159 79 sua
433 3100 251 79 spehera
615 3100 342 79 conseruatur
888 3100 137 79 ex
957 3100 319 79 vicinitate

1258 196 228 73 corporis
1429 196 246 73 celestis:
1618 196 114 73 et
1675 196 171 73 tamen
1789 196 114 73 in
1846 196 171 73 nullo
1960 196 246 73 confortat
2130 196 95 73 cor

1266 253 120 61 pus
1334 253 206 61 celeste.
1489 253 223 61 Similiter
1660 253 188 61 ponatur
1797 253 137 61 quod
1882 253 154 61 anima
1985 253 223 61 sensitiva
2156 253 103 61 in

1260 308 194 60 homine
1396 308 175 60 foret
1512 308 253 60 distincta
1707 308 117 60 ab
1765 308 331 60 intellectiva:
2038 308 156 60 ipsa
2115 308 117 60 sen-

1251 372 189 55 sitiva
1384 372 322 55 confortaretur
1648 372 114 55 in
1705 372 151 55 suis
1800 372 322 55 sensationibus
2065 372 114 55 et
2103 372 132 55 actio

1261 420 172 63 nibus
1376 420 134 63 per
1452 420 344 63 intellectivam:
1738 420 134 63 sed
1815 420 306 63 intellectiva
2063 420 134 63 non
2120 420 96 63 per

1257 469 293 62 sensitivam:
1492 469 196 62 maxime
1629 469 215 62 tenendo
1786 469 254 62 opinionem
1962 469 254 62 commentoris

1264 531 116 56 de
1322 531 272 56 intellectu
1535 531 272 56 possibili:
1749 531 155 56 quam
1845 531 175 56 ponit
1962 531 136 56 iii
2039 531 116 56 de
2078 531 136 56 anima

1268 588 164 66 ommento
1387 588 75 66 v
1417 588 89 66 Ad
1462 588 179 66 secundum
1596 588 104 66 non
1656 588 134 66 valet
1745 588 253 66 consequentia:
1954 588 119 66 quia
2028 588 89 66 in
2073 588 104 66 iis
2132 588 104 66 quo

1250 636 114 64 ad
1307 636 266 64 btitudinem
1516 636 285 64 essentialem
1745 636 304 64 requiruntur:
1992 636 133 64 non
2049 636 171 64 illumi-

1249 699 170 76 natur
1362 699 207 76 angelus
1513 699 113 76 ab
1569 699 207 76 angelo.
1720 699 113 76 Ad
1777 699 207 76 tertium
1927 699 188 76 quando
2059 699 188 76 quarit

1265 756 146 74 quid
1356 756 293 74 intelligitur
1594 756 128 74 per
1667 756 165 74 illam
1777 756 329 74 confortationem
2051 756 201 74 luminis

1255 811 399 55 intellectualis
1588 811 133 55 in
1654 811 222 55 angelo
1809 811 311 55 inferiori.
2054 811 222 55 Posset

1260 868 139 56 dici
1347 868 139 56 quod
1434 868 157 56 sicut
1538 868 105 56 in
1591 868 244 56 corporibus
1782 868 226 56 ordinatis
1956 868 209 56 secundum
2113 868 157 56 situm

1261 924 233 62 superius
1435 924 194 62 corpus
1571 924 194 62 saluat
1707 924 175 62 illud
1823 924 155 62 quod
1920 924 252 62 continet:
2115 924 155 62 vnde

1258 979 176 61 dicitur
1386 979 144 61 actus
1482 979 192 61 respectu
1626 979 240 61 inferioris.
1819 979 144 61 iiii.
1915 979 144 61 Phoru
2011 979 192 61 capitulo
2155 979 112 61 xii

1244 1037 146 69 Ita
1328 1037 125 69 ex
1390 1037 209 69 ordine
1537 1037 251 69 naturali
1725 1037 188 69 habet
1850 1037 251 69 superior
2038 1037 230 69 angelus

1264 1090 141 73 puo
1344 1090 201 73 potest
1485 1090 221 73 coagere
1646 1090 121 73 ad
1706 1090 261 73 causandum
1907 1090 241 73 notitiam
2087 1090 121 73 in
2128 1090 100 73 men

1254 1149 107 78 te
1308 1149 249 78 inferioris
1503 1149 178 78 quando
1628 1149 160 78 vult.
1734 1149 107 78 et
1788 1149 142 78 tunc
1876 1149 249 78 producitur
2072 1149 196 78 notitia

1258 1203 228 64 clarior:
1429 1203 133 64 vel
1505 1203 228 64 formatur
1677 1203 248 64 conceptus
1867 1203 267 64 evidentior
2077 1203 152 64 quam
2153 1203 76 64 si

1257 1268 155 55 solus
1360 1268 207 55 inferior
1515 1268 172 55 causet
1636 1268 121 55 per
1705 1268 121 55 se:
1774 1268 103 55 et
1826 1268 138 55 tunc
1912 1268 190 55 dicitur
2032 1268 190 55 illumina-

1252 1330 119 50 ri
1312 1330 119 50 et
1371 1330 219 50 purgari
1530 1330 139 50 non
1610 1330 119 50 ab
1670 1330 278 50 imunditia:
1888 1330 139 50 sed
1968 1330 99 50 a
2007 1330 258 50 nescitia:

1262 1372 143 82 quia
1351 1372 143 82 nunc
1440 1372 143 82 scit
1530 1372 196 82 aliquid
1672 1372 143 82 quod
1761 1372 160 82 prius
1868 1372 250 82 ignorauit.
2065 1372 107 82 Si
2118 1372 143 82 ergo

1258 1435 127 56 ad
1321 1435 212 56 formam
1470 1435 212 56 istius
1618 1435 275 56 argumenti
1830 1435 254 56 dicendum
2020 1435 148 56 est
2084 1435 148 56 negan

1269 1492 92 55 do
1315 1492 276 55 consequentiam.
1544 1492 184 55 quilibet
1682 1492 184 55 loquitur
1820 1492 168 55 alteri:
1942 1492 122 55 ergo
2019 1492 184 55 quilibet
2141 1492 77 55 il-

1260 1545 233 58 luminat
1429 1545 233 58 alterum
1598 1545 190 58 propt
1725 1545 211 58 causas
1873 1545 317 58 praedictas.
2126 1545 127 58 Ad

1273 1603 204 75 quaertum
1426 1603 170 75 quando
1544 1603 221 75 arguitur:
1714 1603 102 75 si
1765 1603 136 75 vnus
1850 1603 204 75 loquatur
2002 1603 187 75 alteri:
2138 1603 119 75 hoc

1262 1660 126 72 erit
1341 1660 111 72 per
1404 1660 174 72 signum.
1531 1660 158 72 Potest
1641 1660 126 72 dici
1720 1660 126 72 quod
1799 1660 111 72 non
1862 1660 174 72 videtur
1989 1660 142 72 loqui
2084 1660 111 72 per
2131 1660 79 72 si-

1260 1716 151 63 gnum
1354 1716 207 63 aliquod
1505 1716 226 63 existens
1675 1716 113 63 in
1732 1716 245 63 loquente:
1920 1716 132 63 ita
1996 1716 151 63 quod
2090 1716 113 63 in
2128 1716 94 63 lo-

1259 1770 191 69 quente
1392 1770 153 69 sint
1488 1770 134 69 duo
1564 1770 267 69 conceptus:
1774 1770 191 69 quorum
1908 1770 153 69 unus
2003 1770 134 69 sit
2079 1770 191 69 signum

1255 1828 263 54 alterius:
1457 1828 182 54 sicut
1579 1828 121 54 in
1639 1828 202 54 nostra
1781 1828 263 54 locutione
1983 1828 162 54 sunt
2084 1828 142 54 duo
2145 1828 81 54 si

1258 1883 192 59 gniasil
1397 1883 122 59 cet
1467 1883 227 59 conceptus
1642 1883 105 59 et
1694 1883 122 59 vot
1764 1883 175 59 extra:
1886 1883 122 59 sed
1956 1883 122 59 fit
2026 1883 192 59 locutio
2165 1883 105 59 ex

1251 1940 159 73 sola
1351 1940 299 73 ordinatione
1590 1940 279 73 voluntatis
1809 1940 279 73 angelicae:
2028 1940 139 73 qui
2108 1940 159 73 vult

1262 1995 146 64 quod
1353 1995 128 64 sua
1426 1995 421 64 cogitationinotescat
1792 1995 201 64 alteri:
1938 1995 146 64 quia
2030 1995 146 64 tunc
2121 1995 146 64 deus

1250 2052 207 54 coagit
1395 2052 124 54 ad
1457 2052 186 54 illam
1581 2052 248 54 notitiam
1767 2052 269 54 causandam
1974 2052 124 54 in
2036 2052 165 54 alio
2139 2052 124 54 ad

1261 2108 137 54 que
1340 2108 216 54 locutio
1497 2108 274 54 dirigitur.
1712 2108 118 54 Ad
1771 2108 216 54 quintum
1928 2108 157 54 dico
2026 2108 157 54 quod
2104 2108 118 54 sic-

1264 2163 98 69 ut
1313 2163 229 69 gramaticus
1493 2163 147 69 dicit
1591 2163 131 69 quod
1673 2163 131 69 homo
1755 2163 115 69 est
1820 2163 131 69 nome
1902 2163 196 69 scilicet
2049 2163 131 69 quod
2131 2163 131 69 ista

1263 2217 129 59 vox
1336 2217 147 59 homo
1428 2217 129 59 est
1502 2217 184 59 nomen:
1630 2217 129 59 ita
1704 2217 110 59 et
1759 2217 202 59 angelus
1906 2217 184 59 potest
2035 2217 184 59 dicere
2145 2217 92 59 al-

1261 2268 151 63 teri
1356 2268 151 63 quod
1450 2268 151 63 ista
1545 2268 132 63 vox
1621 2268 151 63 homo
1715 2268 132 63 est
1791 2268 170 63 nomen
1904 2268 303 63 bissyllabum.
2150 2268 114 63 et

1262 2317 248 82 subiectum
1453 2317 191 82 illius
1586 2317 324 82 propositionis
1853 2317 210 82 formate
2006 2317 114 82 ab
2063 2317 191 82 angelo

1268 2386 134 69 est
1344 2386 153 69 vnus
1440 2386 249 69 conceptus
1632 2386 268 69 angelicus:
1843 2386 249 69 supponens
2034 2386 230 69 signifit

1264 2438 188 70 cative
1396 2438 131 70 pro
1471 2438 150 70 tali
1565 2438 150 70 voce
1659 2438 169 70 homo.
1771 2438 113 70 et
1828 2438 244 70 sequitur:
2016 2438 225 70 supponit
2166 2438 75 70 si

1262 2484 273 68 gnificative:
1484 2484 137 68 ergo
1570 2484 239 68 propositio
1758 2484 120 68 est
1826 2484 171 68 falsa:
1946 2484 154 68 licet
2048 2484 137 68 ista
2116 2484 103 68 voca

1253 2550 131 70 lis
1328 2550 206 70 prolata
1478 2550 93 70 a
1515 2550 168 70 nobis
1627 2550 93 70 /
1665 2550 150 70 homo
1758 2550 131 70 est
1833 2550 299 70 bissyllabum:
2076 2550 131 70 sit
2132 2550 112 70 fal-

1258 2604 143 71 sa:
1339 2604 184 71 capto
1462 2604 245 71 subiecto
1645 2604 367 71 significative:
1952 2604 184 71 sicut
2074 2604 184 71 patet

1284 2663 111 68 Ad
1340 2663 186 68 sextum
1470 2663 186 68 quando
1600 2663 223 68 arguitur
1767 2663 148 68 quod
1860 2663 148 68 vnus
1952 2663 204 68 angelus
2082 2663 130 68 posse

1259 2715 216 63 decipere
1421 2715 180 63 alium.
1546 2715 180 63 Potest
1672 2715 144 63 dici
1762 2715 144 63 quod
1852 2715 126 63 non
1924 2715 162 63 valet
2031 2715 162 63 illud
2121 2715 90 63 ar-

1264 2779 238 60 gumentum:
1447 2779 128 60 sed
1520 2779 220 60 procedit
1685 2779 110 60 ac
1740 2779 110 60 si
1795 2779 202 60 locutio
1942 2779 183 60 fieret
2070 2779 128 60 per
2125 2779 92 60 si-

1261 2828 149 65 gnum
1354 2828 260 65 inloquente
1559 2828 93 65 :
1596 2828 149 65 quod
1689 2828 130 65 non
1764 2828 130 65 est
1838 2828 186 65 verum.
1968 2828 112 65 Ad
2024 2828 223 65 septimim

1265 2891 163 56 quando
1379 2891 196 56 quaritur
1526 2891 114 56 quo
1591 2891 131 56 vnus
1673 2891 163 56 agelus
1787 2891 163 56 potest
1901 2891 228 56 pincipere:
2080 2891 98 56 an
2113 2891 98 56 aliu

1261 2940 178 55 dicat
1380 2940 257 55 assertive
1578 2940 218 55 aliquid
1736 2940 119 55 an
1795 2940 297 55 recitative:
2033 2940 178 55 patet
2132 2940 79 55 fa

1272 2995 216 67 ciliter:
1434 2995 144 67 quia
1524 2995 144 67 deus
1614 2995 180 67 causat
1740 2995 234 67 veraciter
1920 2995 216 67 notitiam
2082 2995 144 67 quae
2154 2995 72 67 iu

1273 3044 202 79 dicabit
1419 3044 110 79 de
1475 3044 202 79 notitia
1621 3044 220 79 alterius
1787 3044 147 79 sict
1878 3044 128 79 res
1952 3044 110 79 se
2007 3044 184 79 habet.
2135 3044 128 79 Sed

1259 3101 170 86 illud
1373 3101 265 86 argumentum
1581 3101 208 86 simiter
1732 3101 227 86 supponit
1902 3101 151 86 quod
1997 3101 189 86 fieret
2110 3101 114 86 locu
