2550 3300
277 187 112 63 se
333 187 112 63 et
389 187 149 63 mere
482 187 205 63 libere:
632 187 186 63 potest
762 187 168 63 velle
874 187 280 63 partransire
1098 187 131 63 hoc
1154 187 93 63 spa

285 243 139 65 tium
372 243 174 65 minori
493 243 191 65 tempore
633 243 104 65 et
685 243 104 65 in
737 243 191 65 minori:
876 243 122 65 ita
946 243 139 65 quod
1033 243 122 65 non
1103 243 122 65 est
1155 243 87 65 da-

281 307 126 56 re
344 307 231 56 minimum
512 307 210 56 tempus
659 307 126 56 in
722 307 147 56 quo
807 307 147 56 non
891 307 210 56 possit
1038 307 210 56 moveri
1185 307 105 56 a

273 350 255 60 termino
458 350 278 60 diametri
666 350 208 60 mundi
805 350 139 60 ad
875 350 208 60 alium
1014 350 278 60 terminum

280 403 134 63 Nec
356 403 134 63 hoc
433 403 191 63 arguit
567 403 249 63 potentiam
758 403 153 63 eius
854 403 153 63 esse
950 403 268 63 infinitam:
1160 403 134 63 sic

279 460 112 60 ut
335 460 130 60 nec
410 460 186 60 arguit
540 460 260 60 voluntatem
744 460 149 60 meam
837 460 242 60 infinitam
1023 460 167 60 esse:
1134 460 149 60 quia

279 530 188 49 ultra
405 530 293 49 quodcumque
635 530 209 49 corpus
781 530 293 49 imaginatum
1012 530 209 49 possum
1137 530 105 49 vel

262 576 133 59 le
328 576 200 59 maius
461 576 177 59 esse
572 576 133 59 in
639 576 200 59 rerum
772 576 244 59 natura.
950 576 222 59 Deinde
1083 576 155 59 dista

267 627 150 63 tia
352 627 257 63 negativa
545 627 128 63 de
609 627 150 63 qua
694 627 257 63 superius
887 627 214 63 dictum
1036 627 171 63 est:
1143 627 150 63 non

272 691 238 55 impedit
445 691 173 55 quin
553 691 130 55 se
618 691 216 55 possit
769 691 216 55 movere
920 691 259 55 velocius
1114 691 130 55 et
1158 691 86 55 ve

280 745 190 66 locius
413 745 114 66 in
470 745 265 66 infinitum:
678 745 133 66 sed
754 745 209 66 impedit
906 745 114 66 ne
963 745 190 66 subito
1095 745 190 66 possit

282 796 252 78 pertransire:
487 796 126 78 quia
566 796 110 78 hoc
629 796 189 78 includit
771 796 300 78 contradictionem
1023 796 189 78 secundum
1149 796 95 78 ima-

273 846 292 80 ginationem.
506 846 117 80 Ad
565 846 214 80 tertium
720 846 195 80 quando
857 846 234 80 arguitur
1032 846 156 80 quod
1129 846 156 80 tunc

281 907 264 64 magnitudo
484 907 325 64 componeretur
748 907 122 64 ex
808 907 386 64 indivisibilibus
1133 907 162 64 etc.

277 972 145 54 haec
367 972 163 54 ratio
476 972 127 54 est
548 972 181 54 contra
675 972 127 54 eu:
747 972 145 54 quia
838 972 163 54 ponit
946 972 145 54 deum
1037 972 163 54 posse
1127 972 127 54 moue-

269 1023 108 60 re
323 1023 198 60 angelum
467 1023 271 60 successive.
684 1023 108 60 et
738 1023 253 60 aequaliter
936 1023 162 60 vadit
1045 1023 144 60 haec
1117 1023 126 60 ratio

276 1083 147 64 contra
379 1083 103 64 eum
438 1083 133 64 sicut
527 1083 147 64 contra
630 1083 103 64 me.
689 1083 118 64 Dico
763 1083 118 64 igit
836 1083 118 64 quod
910 1083 133 64 ratio
998 1083 221 64 Aristoteles
1175 1083 103 64 ebo

278 1147 107 57 na
332 1147 178 57 contra
456 1147 214 57 ponentes
616 1147 302 57 indivisibilia
865 1147 125 57 qua
937 1147 196 57 possunt
1079 1147 107 57 se
1114 1147 125 57 tange

276 1190 114 60 re
333 1190 284 60 situaliter:
560 1190 190 60 quarum
693 1190 246 60 quodlibet
883 1190 284 60 existimatur
1091 1190 152 60 circu-

262 1249 204 70 scribi
404 1249 163 70 loco
506 1249 265 70 punctali.
710 1249 163 70 tale
811 1249 163 70 enim
913 1249 326 70 indivisibile
1158 1249 81 70 ar

261 1308 270 70 plicaret
463 1308 135 70 se
530 1308 315 70 necessario
778 1308 157 70 uni
868 1308 360 70 indivisibili
1138 1308 112 70 ma-

276 1365 295 69 gnitudinis:
513 1365 138 69 sed
591 1365 177 69 talis
709 1365 335 69 intelligentia
985 1365 138 69 non
1064 1365 138 69 est
1143 1365 138 69 sic

259 1422 417 69 intelligibilis:
610 1422 154 69 nec
698 1422 132 69 se
764 1422 329 69 commensurat
1027 1422 154 69 vel
1093 1422 154 69 appli

262 1477 156 63 cat
351 1477 223 63 alicui
507 1477 246 63 corpori
686 1477 156 63 vel
776 1477 358 63 magnitudini:
1066 1477 156 63 nec
1133 1477 112 63 cit

282 1540 327 55 cumscribitur
547 1540 204 55 aliquo
690 1540 163 55 loco
792 1540 143 55 nec
874 1540 245 55 punctali
1058 1540 143 55 nec
1119 1540 123 55 cor-

267 1587 270 74 porali.
464 1587 148 74 Ad
538 1587 270 74 quartum
735 1587 344 74 argumentum
1005 1587 148 74 de
1054 1587 197 74 angelo

269 1643 222 64 fortiori
435 1643 111 64 et
490 1643 258 64 debiliori.
693 1643 185 64 Potest
822 1643 148 64 dici
915 1643 148 64 quod
1007 1643 203 64 accipit
1136 1643 111 64 fal-

277 1699 144 60 sum:
367 1699 234 60 videlicet
547 1699 144 60 quod
637 1699 180 60 agelus
763 1699 198 60 aliquis
906 1699 126 60 sit
978 1699 216 60 debilior
1140 1699 144 60 alio

271 1760 109 60 ad
325 1760 219 60 mouendum
490 1760 109 60 se
544 1760 255 60 localiter:
745 1760 164 60 sicut
855 1760 164 60 forte
964 1760 182 60 nullus
1092 1760 109 60 in
1128 1760 128 60 beati

267 1811 197 56 tudine
405 1811 158 56 erit
504 1811 217 56 agilior
662 1811 158 56 alio
761 1811 138 56 vel
840 1811 276 56 subtilior:
1057 1811 158 56 quia
1155 1811 138 56 sic

263 1873 182 56 posset
390 1873 164 56 fieri
499 1873 200 56 aliquod
645 1873 182 56 corpus
772 1873 127 56 ita
845 1873 255 56 conpactum:
1045 1873 109 56 in
1099 1873 127 56 qua
1154 1873 91 56 pos

269 1924 118 55 set
337 1924 169 55 beatus
455 1924 101 55 in
505 1924 185 55 corpore
640 1924 202 55 detineri
792 1924 185 55 ivitae.
927 1924 101 55 et
977 1924 152 55 fieri
1078 1924 202 55 similiti

262 1979 212 64 aliquod
416 1979 193 64 medium
551 1979 135 64 ita
628 1979 212 64 densum:
782 1979 116 64 in
840 1979 135 64 quo
917 1979 154 64 tale
1014 1979 193 64 corpus
1149 1979 135 64 non

279 2043 210 51 posset
426 2043 126 51 se
489 2043 231 51 movere:
657 2043 168 51 quod
762 2043 336 51 inconveniens
1035 2043 252 51 apparet.

295 2089 104 57 Ad
347 2089 190 57 quintum
485 2089 104 57 de
537 2089 156 57 beato
640 2089 242 57 Augustinus
830 2089 138 57 dico
917 2089 138 57 quod
1003 2089 242 57 intelligit
1176 2089 69 57 de

264 2145 174 58 motu
373 2145 217 58 locali
525 2145 239 58 proprie
698 2145 217 58 dicto:
850 2145 130 58 in
915 2145 152 58 quo
1002 2145 217 58 mobile
1132 2145 109 58 com

268 2203 292 56 mensuratur
497 2203 354 56 dimensionibus
789 2203 229 56 spatii.
956 2203 125 56 Ad
1019 2203 208 56 sextum
1165 2203 125 56 de

278 2252 179 63 dictis
403 2252 250 63 Augustinus
599 2252 161 63 super
707 2252 143 63 Den.
796 2252 143 63 dico
885 2252 143 63 quod
974 2252 161 63 eodem
1081 2252 143 63 modo
1153 2252 107 63 acci

272 2308 146 68 pit
355 2308 187 68 motum
480 2308 125 68 id
543 2308 146 68 est
626 2308 250 68 localem.
813 2308 125 68 Ad
876 2308 250 68 septimum
1063 2308 125 68 de
1104 2308 146 68 proba

283 2372 156 55 tione
386 2372 259 55 Aristoteles
594 2372 121 55 vii
663 2372 121 55 Phy
732 2372 138 55 quod
819 2372 156 55 omnie
922 2372 138 55 quod
1009 2372 190 55 mouetur
1147 2372 138 55 etc.

287 2426 159 67 Potest
398 2426 127 67 dici
477 2426 127 67 quod
557 2426 206 67 similiter
715 2426 238 67 Aristoteles
905 2426 190 67 loquitur
1048 2426 95 67 de
1096 2426 127 67 motu
1159 2426 95 67 loca

275 2476 102 64 li
326 2476 152 64 prope
427 2476 169 64 dicto:
546 2476 135 64 quia
631 2476 152 64 alium
732 2476 152 64 forte
834 2476 119 64 non
901 2476 169 64 nouit.
1020 2476 169 64 Aliter
1138 2476 152 64 praet

259 2535 159 74 dici
358 2535 159 74 quod
457 2535 178 74 minis
576 2535 258 74 difficile
774 2535 139 74 est
854 2535 159 74 suum
953 2535 258 74 processum
1151 2535 139 74 ibi

261 2596 245 63 sustinere.
454 2596 105 63 Et
507 2596 175 63 quando
629 2596 228 63 allegatur
804 2596 140 63 quod
892 2596 263 63 commentator
1102 2596 105 63 re
1154 2596 123 63 qro

256 2644 159 78 bat
347 2644 272 78 Platonem
551 2644 159 78 qui
641 2644 227 78 posuit
800 2644 249 78 angelos
981 2644 136 78 se
1049 2644 249 78 mouere.

257 2701 167 77 dico
361 2701 167 77 quod
466 2701 230 77 maioris
633 2701 271 77 auentatis
842 2701 104 77 e
883 2701 188 77 Plato
1009 2701 167 77 quam
1092 2701 167 77 commen

257 2755 186 62 tator
382 2755 269 62 Auerrois.
589 2755 124 62 Et
651 2755 166 62 ideo
754 2755 207 62 volens
899 2755 207 62 tenere
1044 2755 207 62 partem
1168 2755 83 62 op

260 2815 202 69 positam
407 2815 312 69 commentatoris
664 2815 239 69 faciliter
848 2815 184 69 posset
976 2815 257 69 respondere
1178 2815 110 69 ad

259 2868 257 72 rationes.
457 2868 119 72 Ad
516 2868 198 72 primam
654 2868 119 72 de
714 2868 178 72 anima
832 2868 217 72 christi
990 2868 296 72 descendente

259 2923 118 56 ad
318 2923 236 56 inferos:
496 2923 217 56 dicitur
653 2923 158 56 quod
752 2923 217 56 mouebat
909 2923 276 56 successive
1126 2923 98 56 a
1146 2923 98 56 dei

259 2976 150 76 tate
353 2976 244 76 coniucta.
541 2976 113 76 Ad
597 2976 244 76 secunduam
785 2976 150 76 quod
879 2976 169 76 forte
991 2976 150 76 illa
1085 2976 169 76 legio
1179 2976 75 76 fu

259 3036 122 56 it
320 3036 122 56 in
380 3036 203 56 porcis
523 3036 122 56 et
583 3036 183 56 locis
705 3036 203 56 aereis
847 3036 183 56 iuxta
969 3036 223 56 porcos:
1131 3036 122 56 et
1172 3036 81 56 ha

258 3099 231 65 buerunt
426 3099 231 65 corpora
594 3099 273 65 subtilia:
804 3099 126 65 in
867 3099 147 65 quo
951 3099 210 65 moueri
1077 3099 168 65 potue

1278 195 155 61 runt:
1381 195 103 61 et
1432 195 155 61 forte
1536 195 155 61 hount
1639 195 103 61 ad
1690 195 120 61 sui
1759 195 206 61 vidictam
1913 195 189 61 aliquam
2051 195 189 61 corpora
2188 195 103 61 si

1268 244 121 63 bi
1328 244 181 63 vnita
1449 244 262 63 subtilia:
1651 244 181 63 tamen
1771 244 141 63 nob
1852 244 322 63 invisibilia.
2114 244 121 63 Ad
2154 244 121 63 ter-

1272 301 131 69 tiam
1354 301 180 69 dicitur
1485 301 131 69 quod
1567 301 164 69 animae
1682 301 148 69 tales
1780 301 197 69 mouentur
1927 301 82 69 a
1960 301 131 69 deo:
2042 301 98 69 et
2091 301 180 69 demones

1272 364 293 63 concomitatur:
1513 364 104 63 et
1565 364 138 63 ideo
1651 364 207 63 dicuntur
1807 364 121 63 eas
1876 364 190 63 ducere.
2014 364 104 63 Ad
2065 364 207 63 quaertam

1283 407 146 68 icitur
1385 407 117 68 quod
1458 407 146 68 conclo
1560 407 102 68 est
1619 407 131 68 vira:
1706 407 117 68 quia
1779 407 146 68 potest
1881 407 146 68 moueri
1983 407 190 68 localiter
2129 407 73 68 a
2158 407 102 68 dec

1274 466 109 56 sed
1337 466 109 56 non
1399 466 202 56 sequitur:
1555 466 125 56 ptet
1632 466 171 56 altari:
1757 466 125 56 ergo
1835 466 156 56 potest
1944 466 156 56 moueri
2053 466 202 56 localiter
2193 466 62 56 in

1271 525 167 63 vacuo.
1388 525 100 63 Ad
1438 525 183 63 quintam
1571 525 167 63 quando
1688 525 200 63 probatur
1838 525 133 63 quod
1921 525 150 63 anima
2021 525 117 63 non
2088 525 183 63 mouetur

1273 580 122 63 per
1342 580 192 63 accisus
1482 580 140 63 etc.
1570 580 192 63 ssnedet
1709 580 227 63 Secundtus
1884 580 245 63 concedendo
2059 580 192 63 concionem

1272 643 103 56 de
1323 643 138 56 spum
1409 643 120 56 qua
1478 643 120 56 est
1547 643 155 56 totus
1650 643 103 56 in
1702 643 206 56 diuersis
1856 643 155 56 locis
1960 643 155 56 siul.
2063 643 103 56 Ad
2114 643 172 56 sextam

1276 692 130 76 tunc
1357 692 146 76 anima
1454 692 179 76 mouetur
1584 692 81 76 a
1617 692 114 76 se.
1682 692 130 76 nego
1763 692 276 76 consequentiam
1990 692 195 76 propore.
2136 692 114 76 sed
2185 692 65 76 mo

1283 752 164 71 vetur
1392 752 127 71 per
1465 752 182 71 accsus
1592 752 109 71 ad
1647 752 182 71 locum:
1775 752 127 71 non
1847 752 164 71 tamen
1957 752 164 71 mouet
2066 752 109 71 ad
2121 752 109 71 se
2157 752 91 71 per

1271 818 194 57 accus.
1406 818 116 57 Ad
1464 818 232 57 septimam
1639 818 232 57 dicendum
1813 818 155 57 quod
1910 818 155 57 vult
2007 818 271 57 dicerequod

1278 863 172 59 animae
1398 863 206 59 moventur
1552 863 120 59 per
1621 863 137 59 deum
1707 863 223 59 seperate:
1878 863 103 59 et
1930 863 240 59 mouebuntur
2119 863 120 59 cum
2170 863 86 59 su-

1282 913 111 63 is
1338 913 260 63 corperibus
1542 913 130 63 ita
1616 913 241 63 velocitur
1802 913 167 63 sicut
1913 913 148 63 nunc
2006 913 204 63 movetur
2136 913 111 63 ange

1267 972 109 63 li
1321 972 109 63 in
1376 972 145 63 suis
1467 972 254 63 corperibus
1667 972 145 63 quae
1757 972 218 63 assumunt
1921 972 164 63 vlsic
2030 972 145 63 nunc
2121 972 164 63 mouel

1276 1032 193 59 animae
1411 1032 154 59 quae
1507 1032 154 59 sunt
1603 1032 154 59 mote
1700 1032 96 59 a
1738 1032 154 59 deo.
1834 1032 116 59 Ad
1892 1032 212 59 octavam
2046 1032 116 59 de
2104 1032 173 59 beate

1281 1083 240 64 Augustinus
1469 1083 103 64 li
1521 1083 103 64 ii
1572 1083 154 64 super
1675 1083 137 64 Den.
1761 1083 137 64 quod
1847 1083 206 64 diabolus
2001 1083 223 64 aliquando
2155 1083 86 64 fu-

1284 1139 94 65 it
1331 1139 94 65 in
1378 1139 204 65 serpente:
1535 1139 94 65 et
1582 1139 204 65 aliquando
1738 1139 94 65 in
1785 1139 188 65 muliere:
1926 1139 110 65 sed
1989 1139 94 65 in
2036 1139 125 65 illo
2114 1139 172 65 tempore

1287 1198 95 60 in
1335 1198 111 60 quo
1398 1198 127 60 fuit
1477 1198 95 60 in
1524 1198 206 60 serpente:
1683 1198 111 60 non
1746 1198 127 60 fuit
1825 1198 142 60 simul
1920 1198 95 60 in
1967 1198 174 60 mliere:
2094 1198 111 60 sed
2157 1198 142 60 vicis

1280 1257 145 74 sim
1363 1257 290 74 velocitate
1591 1257 332 74 insensibili.
1861 1257 124 74 Ad
1923 1257 187 74 nonam
2047 1257 166 74 quae
2130 1257 145 74 maxie

1284 1316 104 78 ur
1336 1316 191 78 movere:
1475 1316 226 78 videlicet
1649 1316 209 78 qualiter
1805 1316 209 78 uniantur
1962 1316 104 78 ad
2014 1316 191 78 corpora
2153 1316 122 78 qua
2205 1316 70 78 as

1286 1367 198 81 sumunt:
1430 1367 108 81 et
1484 1367 216 81 qualiter
1646 1367 108 81 ea
1700 1367 252 81 dimittant:
1899 1367 180 81 potest
2025 1367 144 81 dici
2115 1367 144 81 quod
2187 1367 72 81 bo

1277 1436 127 46 ni
1340 1436 211 46 angeli
1488 1436 127 46 si
1552 1436 338 46 nullacorpora
1826 1436 169 46 sibi
1932 1436 232 46 habeant
2101 1436 211 46 natura

1284 1484 186 62 liter
1409 1484 207 62 vnita:
1554 1484 166 62 tunc
1657 1484 249 62 mouentur
1844 1484 290 62 sucessive:
2072 1484 145 62 vel
2134 1484 124 62 subi

1285 1540 111 72 to
1341 1540 130 72 per
1415 1540 148 72 deum
1508 1540 111 72 ad
1563 1540 148 72 loca
1656 1540 204 72 illorum
1804 1540 241 72 corporum:
1990 1540 111 72 et
2045 1540 167 72 eodem
2138 1540 111 72 modo

1281 1594 190 57 illis
1408 1594 253 57 dimissis
1598 1594 232 57 redeunt
1766 1594 127 57 ad
1830 1594 190 57 celum
1956 1594 127 57 De
2020 1594 274 57 demonibus

1287 1659 167 71 potest
1404 1659 134 71 dici
1488 1659 134 71 quod
1571 1659 167 71 hosunt
1688 1659 100 71 ad
1738 1659 117 71 sui
1805 1659 167 71 poenam
1922 1659 184 71 aliquam
2056 1659 184 71 corpora
2172 1659 84 71 per

1283 1713 176 56 deum
1393 1713 176 56 sibi
1503 1713 220 56 vnita:
1657 1713 132 56 ad
1723 1713 220 56 quorum
1876 1713 264 56 motionem
2074 1713 220 56 moueni

1269 1762 300 67 sucessive.
1504 1762 129 67 Ad
1568 1762 236 67 quintum
1740 1762 236 67 punctum
1911 1762 193 67 huius
2040 1762 257 67 articuli

1281 1820 186 63 vtrum
1405 1820 207 63 veilet
1550 1820 227 63 angelus
1715 1820 207 63 possit
1860 1820 207 63 moueri
2005 1820 124 63 de
2067 1820 165 63 loco
2170 1820 124 63 ad

1286 1872 144 75 locum
1382 1872 128 75 sine
1462 1872 80 75 b
1493 1872 128 75 quod
1573 1872 239 75 partranseat
1765 1872 175 75 aliquod
1892 1872 175 75 medium:
2020 1872 128 75 vetr
2100 1872 207 75 secundum:

1280 1931 147 80 dicta
1377 1931 261 80 consequenter
1589 1931 195 80 dicendum
1736 1931 130 80 quod
1817 1931 114 80 non
1882 1931 114 80 per
1948 1931 212 80 potentiam
2094 1931 163 80 propriam

1283 1993 131 58 vel
1358 1993 225 58 alicuius
1527 1993 263 58 creaturae:
1734 1993 150 58 quia
1828 1993 150 58 tunc
1922 1993 188 58 posset
2053 1993 113 58 se
2110 1993 188 58 mouere

1284 2041 196 59 localiter
1434 2041 166 59 subito.
1555 2041 120 59 quod
1630 2041 181 59 superius
1765 2041 166 59 negatum
1886 2041 120 59 est.
1961 2041 135 59 sicut
2051 2041 135 59 tamen
2142 2041 105 59 est
2202 2041 90 59 in

1279 2095 139 76 loco
1366 2095 192 76 aequoce
1505 2095 139 76 ecum
1592 2095 209 76 corpore:
1749 2095 122 76 sic
1819 2095 244 76 pertransit
2010 2095 174 76 medium
2115 2095 139 76 aequi-

1272 2156 171 59 uoce
1379 2156 150 59 cum
1464 2156 257 59 corpore:
1657 2156 150 59 ita
1743 2156 171 59 quod
1850 2156 150 59 non
1936 2156 300 59 coapplicat
2150 2156 107 59 vel

1282 2211 290 56 commensurat
1514 2211 116 56 se
1571 2211 232 56 partibus
1745 2211 193 56 medii.
1881 2211 174 56 Sexto
1997 2211 135 56 iam
2074 2211 232 56 dicendum

1289 2259 112 79 est
1353 2259 96 79 ad
1401 2259 193 79 rationes
1546 2259 161 79 quinti
1658 2259 257 79 principalis:
1867 2259 161 79 quibus
1980 2259 193 79 probatur
2124 2259 129 79 quod
2189 2259 64 79 an

1285 2308 145 87 gelus
1382 2308 177 87 mouetur
1511 2308 177 87 locaur:
1640 2308 97 87 et
1688 2308 177 87 argutum
1817 2308 113 87 est
1882 2308 145 87 primo
1979 2308 113 87 per
2043 2308 242 87 philosophum

1283 2381 139 70 vi.
1362 2381 139 70 Phy
1442 2381 119 70 et
1501 2381 178 70 illud
1620 2381 139 70 est
1699 2381 218 70 solutum
1858 2381 238 70 superius
2036 2381 198 70 puncto
2155 2381 119 70 quan

1277 2435 107 60 to
1331 2435 160 60 huius
1437 2435 214 60 articli.
1598 2435 107 60 Ad
1651 2435 214 60 secundam
1811 2435 178 60 quando
1936 2435 214 60 arguitur
2096 2435 142 60 quod
2167 2435 107 60 omne

1280 2492 181 75 mobile
1406 2492 163 75 prius
1515 2492 235 75 potransit
1696 2492 163 75 minus
1804 2492 145 75 quam
1894 2492 199 75 aequale
2039 2492 145 75 sibi
2129 2492 181 75 potest

1285 2540 155 57 dici
1382 2540 155 57 quod
1479 2540 175 57 verum
1595 2540 136 57 est
1673 2540 116 57 de
1731 2540 116 57 eo
1789 2540 155 57 quod
1886 2540 213 57 mouetur
2041 2540 155 57 motu
2119 2540 155 57 locali

1284 2607 214 68 proprie
1439 2607 194 68 dicto:
1575 2607 155 68 quod
1672 2607 369 68 circumscribitur
1983 2607 155 68 ipso
2080 2607 175 68 loco.
2196 2607 117 68 Ad

1285 2664 184 67 tertiam
1419 2664 168 67 quando
1537 2664 184 67 dicitur
1671 2664 134 67 quod
1754 2664 184 67 mouetur
1889 2664 117 67 aut
1956 2664 218 67 sucessive
2123 2664 134 67 etc.
2207 2664 101 67 di

1289 2715 116 64 co
1347 2715 154 64 quod
1443 2715 250 64 sucessive
1636 2715 96 64 a
1674 2715 116 64 se
1732 2715 116 64 et
1790 2715 193 64 subito
1924 2715 193 64 potest
2059 2715 193 64 mutare
2175 2715 77 64 lo

1279 2775 118 72 cum
1346 2775 84 72 a
1380 2775 134 72 deo.
1464 2775 101 72 et
1514 2775 168 72 quando
1632 2775 201 72 probatur
1783 2775 134 72 quod
1867 2775 118 72 non
1934 2775 168 72 subito
2052 2775 134 72 quia
2135 2775 151 72 omnis

1281 2830 156 68 motus
1385 2830 121 68 est
1454 2830 208 68 iantempe
1610 2830 139 68 iiii
1697 2830 121 68 et.
1766 2830 104 68 vi
1818 2830 139 68 Phys
1904 2830 191 68 Concedo
2043 2830 139 68 quod
2130 2830 156 68 omnis

1274 2884 159 63 motus
1381 2884 177 63 localu
1504 2884 159 63 estin
1611 2884 212 63 tempore:
1770 2884 124 63 non
1841 2884 159 63 autem
1947 2884 159 63 omnis
2053 2884 195 63 mutatio
2177 2884 71 63 lo

1281 2941 153 68 calis.
1388 2941 199 68 similiter
1541 2941 153 68 quando
1648 2941 183 68 probatur
1785 2941 122 68 quod
1862 2941 107 68 non
1923 2941 214 68 sucessive:
2091 2941 122 68 quia
2168 2941 107 68 suc

1290 2993 181 68 cessio
1417 2993 109 68 in
1471 2993 145 68 motu
1562 2993 127 68 est
1634 2993 109 68 ex
1689 2993 272 68 resistentia
1906 2993 181 68 medium
2033 2993 109 68 et
2088 2993 199 68 mobitur

1287 3046 108 82 ad
1341 3046 198 82 mortem.
1485 3046 144 82 Dico
1574 3046 144 82 quod
1664 3046 162 82 verum
1772 3046 126 82 est
1844 3046 108 82 de
1898 3046 269 82 resistentia
2113 3046 198 82 positi.

1281 3108 149 71 va:
1366 3108 149 71 non
1451 3108 276 71 negativa:
1664 3108 128 71 ad
1727 3108 170 71 quam
1834 3108 255 71 sufficit
2025 3108 276 71 distantia
