2550 3300
289 163 162 88 bile
390 163 142 88 sit
471 163 162 88 quod
572 163 223 88 angelus
734 163 142 88 sit
815 163 182 88 simul
936 163 121 88 in
997 163 223 88 vtroque
1139 163 121 88 ter-

288 238 194 69 mino
409 238 291 69 diametri
627 238 218 69 mundi
772 238 145 69 in
845 238 170 69 uno
942 238 267 69 cingulo
1112 238 145 69 tan-

289 292 183 63 gente
411 292 224 63 mundum:
574 292 122 63 si
635 292 183 63 tamen
757 292 224 63 angelus
920 292 163 63 sibi
1022 292 143 63 non
1084 292 183 63 determi

282 344 143 59 net
363 344 224 59 aliquam
526 344 224 59 figuram
689 344 183 59 loci:
811 344 143 59 nec
892 344 204 59 certam
1015 344 244 59 spissitudi

282 395 127 65 nem
355 395 127 65 nec
427 395 291 65 quantitatem.
663 395 145 65 vnde
754 395 127 65 non
827 395 164 65 video
936 395 145 65 quod
1009 395 254 65 contradictio

277 453 131 61 nem
352 453 225 61 includat
521 453 207 61 angelum
672 453 207 61 corperi
822 453 169 61 vniri
935 453 131 61 per
1010 453 169 61 deum:
1123 453 113 61 et
1160 453 94 61 cor

267 508 147 61 pus
351 508 188 61 illud
476 508 147 61 sic
560 508 251 61 ordinari
749 508 251 61 secundum
937 508 356 61 imaginationem

275 563 289 58 argumenti:
502 563 165 58 quod
605 563 227 58 angelus
770 563 185 58 foret
894 563 124 58 in
955 563 227 58 vtroque
1100 563 144 58 term-

269 621 145 62 non
352 621 249 62 diametri
539 621 166 62 mudi
643 621 125 62 et
705 621 125 62 in
768 621 208 62 centro
913 621 208 62 terre:
1058 621 145 62 sed
1141 621 145 62 non

280 667 212 80 ubique:
434 667 154 80 quia
530 667 173 80 illud
645 667 192 80 corpus
780 667 192 80 pedale
915 667 212 80 numquam
1069 667 154 80 plus
1146 667 96 80 oc-

280 731 220 79 cupabit
440 731 120 79 in
500 731 160 79 spat
600 731 120 79 io
660 731 160 79 nisi
760 731 220 79 quantum
921 731 140 79 est
1001 731 220 79 spatium
1141 731 100 79 pae

266 780 190 72 dale.
393 780 127 72 si
456 780 338 72 quadrangulus
731 780 190 72 aeque
858 780 296 72 distantium
1069 780 169 72 lateru

274 844 113 72 et
331 844 245 72 quadratum
519 844 170 72 super
632 844 189 72 eandem
765 844 170 72 basim
878 844 283 72 partrabatur
1085 844 151 72 inter-

266 883 212 80 lineas
414 883 191 80 aeque
542 883 297 80 distantes:
775 883 297 80 necessario
1009 883 170 80 sunt
1093 883 149 80 aequa

280 960 154 59 les:
376 960 173 59 etiam
491 960 115 59 si
549 960 115 59 in
607 960 250 59 infinitum
799 960 289 59 partrahatur
1011 960 231 59 quadrangu-

266 1005 143 70 lus
347 1005 204 70 logior
490 1005 123 70 et
552 1005 225 70 logior.
715 1005 123 70 Ad
776 1005 184 70 nonam
899 1005 204 70 quando
1042 1005 245 70 arguitur

267 1077 132 69 quod
350 1077 198 69 quilibet
499 1077 182 69 angelus
631 1077 165 69 potest
747 1077 132 69 esse
830 1077 182 69 ubique.
962 1077 132 69 Dico
1045 1077 132 69 quod
1127 1077 149 69 verum

266 1124 121 71 est
335 1124 139 71 quod
422 1124 225 71 conclusio
595 1124 121 71 non
664 1124 121 71 est
734 1124 277 71 impossibilis
959 1124 87 71 :
993 1124 139 71 quia
1063 1124 173 71 adnihila

260 1180 125 79 to
323 1180 166 79 toto
426 1180 187 79 mundo
551 1180 229 79 praeter
717 1180 187 79 locum
842 1180 208 79 pedale
988 1180 125 79 in
1050 1180 145 79 quo
1133 1180 145 79 sit

262 1244 217 63 angelus:
425 1244 145 63 tunc
515 1244 145 63 ille
606 1244 163 63 esset
715 1244 199 63 vbique:
860 1244 127 63 sed
932 1244 145 63 quia
1023 1244 254 63 argumentum

248 1298 196 64 aliter
386 1298 216 64 nititur
543 1298 294 64 concludere:
778 1298 157 64 ideo
876 1298 196 64 aliter
1013 1298 216 64 videtur
1151 1298 78 64 di

258 1355 229 65 cendum.
425 1355 167 65 Unde
529 1355 208 65 quando
675 1355 250 65 arguitur
862 1355 104 65 :
904 1355 250 65 cognitio
1070 1355 167 65 minimi

259 1412 190 62 angeli
392 1412 190 62 potest
525 1412 152 62 esse
620 1412 209 62 ubique:
771 1412 190 62 igitur
904 1412 114 62 et
961 1412 209 62 minimus
1094 1412 133 62 ange-

260 1457 123 82 lus.
336 1457 215 82 antecedens
505 1457 92 82 et
551 1457 245 82 consequentia
750 1457 199 82 probatur:
903 1457 123 82 quia
980 1457 123 82 deus
1056 1457 153 82 potest
1148 1457 77 82 vl-

262 1515 133 80 tra
338 1515 247 80 quemlibet
528 1515 209 80 creatum
680 1515 304 80 perfectiorem
927 1515 209 80 creare:
1079 1515 114 80 et
1136 1515 133 80 per

248 1571 194 72 fectior
389 1571 176 72 potest
513 1571 141 72 esse
601 1571 176 72 semper
725 1571 106 72 in
777 1571 176 72 maiori
901 1571 159 72 loco:
1007 1571 141 72 ergo
1095 1571 176 72 potest

246 1636 196 71 creare
383 1636 215 71 aliquem
540 1636 215 71 angelum
697 1636 137 71 qui
775 1636 137 71 sit
853 1636 215 71 vbique.
1010 1636 157 71 Tunc
1088 1636 137 71 ultra

250 1678 132 77 in
316 1678 176 77 isto
426 1678 220 77 potest
580 1678 220 77 ponere
734 1678 330 77 cognitionem
998 1678 220 77 minimi
1130 1678 88 77 an

250 1744 156 82 geli:
353 1744 138 82 quia
440 1744 207 82 quilibet
596 1744 207 82 cognitio
751 1744 173 82 potest
872 1744 138 82 poni
959 1744 104 82 in
1011 1744 242 82 quaocumque

241 1801 306 66 intellectu.
485 1801 204 66 igitur
628 1801 245 66 cognitio
811 1801 204 66 minimi
954 1801 204 66 angeli
1076 1801 143 66 potst

251 1852 173 87 esse
360 1852 238 87 ubique.
533 1852 130 87 et
598 1852 216 87 vltra.
749 1852 173 87 ergo
857 1852 238 87 minimus
1030 1852 238 87 angelus

242 1907 158 80 potest
353 1907 126 80 esse
432 1907 174 80 ubique.
558 1907 126 80 Dici
637 1907 158 80 potest
748 1907 126 80 quod
827 1907 158 80 vltima
938 1907 253 80 consequentia
1143 1907 111 80 non

254 1964 192 71 valet.
388 1964 154 71 quia
484 1964 154 71 alia
581 1964 135 71 est
657 1964 173 71 ratio
773 1964 115 71 de
831 1964 269 71 cognitione
1042 1964 211 71 angeli:

241 2020 106 71 qui
301 2020 106 71 est
362 2020 136 71 actus
452 2020 242 71 spirieralis:
649 2020 91 71 et
694 2020 106 71 per
755 2020 212 71 consequens
921 2020 151 71 potest
1027 2020 121 71 sine
1087 2020 121 71 contra

240 2069 246 86 dictione
424 2069 164 86 poni
526 2069 123 86 in
587 2069 246 86 quolibet
772 2069 225 86 angelo:
935 2069 123 86 et
997 2069 143 86 sic
1058 2069 164 86 potest

240 2123 142 92 sibi
329 2123 231 92 competere
507 2123 142 92 esse
595 2123 178 92 ubique
720 2123 124 92 per
791 2123 231 92 accidens.
968 2123 107 92 et
1022 2123 124 92 non
1093 2123 160 92 sequi

228 2187 140 71 tur
308 2187 100 71 :
348 2187 240 71 cognitio
528 2187 200 71 minimi
668 2187 200 71 angeli
807 2187 200 71 potest
947 2187 160 71 esse
1047 2187 120 71 in
1087 2187 120 71 loco

246 2236 149 80 tanto
346 2236 116 80 per
412 2236 183 80 acciss:
545 2236 166 80 igitur
661 2236 183 80 angelus
794 2236 166 80 potest
910 2236 133 80 esse
993 2236 100 80 in
1043 2236 133 80 loco
1126 2236 116 80 tam

243 2291 136 80 to:
320 2291 156 80 quia
418 2291 214 80 angelus
574 2291 136 80 non
651 2291 195 80 potest
788 2291 156 80 esse
885 2291 117 80 in
943 2291 156 80 loco
1041 2291 136 80 per
1099 2291 117 80 acci

241 2347 206 80 dens.
379 2347 137 80 Ad
447 2347 229 80 sextum
608 2347 321 80 argumentum
859 2347 321 80 principale
1088 2347 115 80 iam

246 2410 235 87 dicendum
423 2410 157 87 est.
521 2410 118 87 Et
579 2410 157 87 quia
677 2410 157 87 eius
775 2410 215 87 materia
932 2410 137 87 est
1010 2410 118 87 de
1049 2410 157 87 confir

240 2468 225 79 matione
403 2468 225 79 bonorum
567 2468 123 79 et
628 2468 327 79 obstinatione
894 2468 245 79 malorum:
1078 2468 164 79 ideo

240 2524 176 72 primo
358 2524 234 72 videndum
533 2524 137 72 est
611 2524 156 72 quae
709 2524 137 72 sit
787 2524 176 72 causa
904 2524 351 72 confirmationis

239 2586 110 65 in
294 2586 201 65 beatis:
440 2586 110 65 et
495 2586 146 65 quae
587 2586 165 65 causa
696 2586 311 65 obstinationis
953 2586 110 65 in
1008 2586 238 65 damnatis.

226 2634 230 74 Secundo
393 2634 125 74 an
456 2634 188 74 beati
581 2634 230 74 possunt
748 2634 230 74 mereri:
915 2634 125 74 et
977 2634 230 74 damnati
1124 2634 83 74 de

227 2692 220 71 mereri:
387 2692 200 71 stante
527 2692 160 71 lege
627 2692 160 71 quae
727 2692 160 71 nunc
826 2692 160 71 est:
926 2692 140 71 hoc
1006 2692 140 71 est
1066 2692 140 71 dictu

233 2747 125 71 an
296 2747 229 71 faciant
462 2747 125 71 de
525 2747 187 71 facto
650 2747 167 71 etc.
754 2747 208 71 Tertio
900 2747 229 71 dicetur
1066 2747 125 71 ad
1108 2747 104 71 for

234 2803 170 73 mas
331 2803 146 73 in
404 2803 194 73 isto
525 2803 365 73 principali.
817 2803 219 73 Circa
963 2803 243 73 primum
1109 2803 97 73 de

229 2866 191 56 causa
356 2866 382 56 confirmationis
675 2866 127 56 in
739 2866 212 56 beatis
887 2866 191 56 dicit
994 2866 212 56 hibernic

245 2903 175 74 supatr
367 2903 105 74 ii
420 2903 280 74 sententiarum
647 2903 123 74 qui
717 2903 140 74 iiii
805 2903 158 74 arti.
910 2903 158 74 iiii.
1015 2903 105 74 Ad
1067 2903 175 74 primum

243 2963 275 72 principale
459 2963 177 72 dicit
577 2963 157 72 quod
676 2963 177 72 causa
793 2963 354 72 consirmationis
1068 2963 138 72 eorum

239 3025 151 74 est
326 3025 173 74 illa
434 3025 195 74 certa
564 3025 259 74 cognitio
758 3025 173 74 quam
866 3025 216 74 habent
1017 3025 130 74 in
1061 3025 151 74 verbo

236 3084 156 72 qua
325 3084 223 72 sciunt
481 3084 156 72 vel
570 3084 446 72 certitudinaliter
949 3084 312 72 existimant

1310 179 114 88 se
1367 179 133 88 non
1443 179 190 88 debere
1576 179 190 88 facere
1709 179 190 88 contra
1841 179 190 88 rectam
1974 179 228 88 rationem
2145 179 133 88 sub
2202 179 76 88 pe

1299 252 139 54 na
1368 252 347 54 damnationis
1646 252 277 54 aeterne.
1854 252 185 54 Unde
1969 252 185 54 quia
2062 252 208 54 angelus

1289 293 239 70 beatus
1456 293 191 70 scit
1576 293 167 70 vel
1671 293 310 70 existimat
1910 293 406 70 immutabiliter

1296 356 118 71 ex
1355 356 217 71 aliquam
1513 356 296 71 reuelatione
1750 356 158 71 sibi
1848 356 197 71 facta:
1986 356 138 71 cui
2065 356 138 71 ita
2124 356 138 71 adhe-

1284 411 150 64 ret
1369 411 258 64 firmiter
1563 411 236 64 propter
1734 411 343 64 auctoritatem
2013 411 301 64 reuelantis

1302 458 159 74 sicut
1408 458 124 74 vni
1479 458 177 74 scito:
1603 458 124 74 vel
1673 458 212 74 firmius.
1832 458 159 74 sicut
1938 458 159 74 dicit
2044 458 265 74 Aristoteles

1291 516 97 79 i.
1339 516 209 79 Ethicorum
1500 516 193 79 capitulo
1645 516 129 79 iiii
1725 516 129 79 quod
1806 516 161 79 quidam
1918 516 177 79 credunt
2047 516 129 79 quae
2127 516 177 79 opinam.

1282 579 135 63 tur
1359 579 135 63 non
1436 579 174 63 minus
1552 579 232 63 firmiter
1726 579 155 63 quam
1823 579 155 63 alii
1920 579 135 63 qua
1997 579 213 63 sciunt.
2152 579 155 63 quia

1277 637 192 54 inquam
1411 637 134 54 ita
1488 637 211 54 credit:
1641 637 153 54 ideo
1737 637 134 54 non
1813 637 192 54 potest
1947 637 230 54 peccare.
2120 637 115 54 et
2177 637 134 54 sic

1284 692 139 71 est
1364 692 139 71 ita
1443 692 298 71 confirmatus
1681 692 119 71 De
1741 692 318 71 obstinatione
1999 692 179 71 nihil
2118 692 179 71 dicit

1282 735 244 91 expresse
1465 735 163 91 quod
1567 735 244 91 viderim.
1750 735 203 91 Aliter
1892 735 183 91 dicit
2014 735 203 91 Onclam
2136 735 102 91 sui

1279 802 117 73 ii
1337 802 194 73 sentia
1473 802 156 73 quia
1570 802 136 73 xix
1648 802 156 73 quae
1745 802 156 73 est:
1843 802 175 73 vtrum
1959 802 214 73 angelus
2115 802 175 73 malus

1274 856 179 67 semper
1399 856 125 67 sit
1471 856 107 67 in
1524 856 143 67 actu
1613 856 161 67 malo:
1720 856 232 67 videlicet
1899 856 143 67 quod
1988 856 161 67 causa
2077 856 179 67 confirma

1275 910 201 72 tionis
1416 910 241 72 beatorum
1596 910 161 72 est:
1697 910 161 72 quod
1797 910 121 72 in
1857 910 201 72 beatis
1998 910 201 72 semper
2118 910 141 72 causa

1279 972 137 64 tur
1358 972 216 64 aliquis
1515 972 176 64 actus
1632 972 216 64 videndi
1789 972 118 64 et
1848 972 255 64 diligendi
2043 972 176 64 deum:
2161 972 137 64 ita

1280 1032 149 68 quod
1374 1032 187 68 beatus
1504 1032 131 68 non
1579 1032 131 68 est
1654 1032 243 68 totaliter
1840 1032 93 68 a
1878 1032 131 68 deo
1952 1032 168 68 causa
2046 1032 205 68 effectiva

1276 1090 158 65 vel
1366 1090 293 65 partialis
1591 1090 225 65 aliquo
1748 1090 180 65 modo
1861 1090 248 65 illorum
2041 1090 248 65 actuum:

1272 1140 180 70 neque
1392 1140 140 70 per
1472 1140 301 70 voluntatem:
1713 1140 180 70 neque
1833 1140 140 70 per
1913 1140 321 70 intellectum.
2174 1140 120 70 et

1270 1201 160 57 quia
1370 1201 160 57 ille
1470 1201 180 57 actus
1590 1201 300 57 dilectionis
1830 1201 260 57 opponitur
2010 1201 240 57 formaliter

1265 1259 168 64 omni
1370 1259 189 64 actui
1496 1259 253 64 peccati:
1686 1259 168 64 ideo
1791 1259 189 64 actus
1917 1259 168 64 ille
2023 1259 274 64 diligondi

1267 1315 129 73 et
1332 1315 194 73 actus
1461 1315 258 73 peccandi
1655 1315 151 73 non
1741 1315 129 73 se
1806 1315 344 73 compatiuntur
2064 1315 172 73 aliquo

1272 1371 144 64 modo
1362 1371 108 64 in
1416 1371 179 64 eodem:
1541 1371 108 64 et
1595 1371 197 64 quandiu
1739 1371 161 64 actus
1846 1371 144 64 ille
1936 1371 287 64 conservatur:
2151 1371 90 64 to-

1260 1426 229 65 taliter
1427 1426 104 65 a
1469 1426 146 65 deo
1552 1426 104 65 /
1594 1426 188 65 sicut
1719 1426 125 65 ab
1781 1426 167 65 ipso
1886 1426 271 65 causatur:
2073 1426 167 65 tamdiu

1270 1482 148 65 est
1354 1482 233 65 angelus
1524 1482 338 65 confirmatus:
1799 1482 148 65 ita
1883 1482 169 65 quod
1989 1482 190 65 nullo
2116 1482 169 65 modo

1266 1532 122 66 de
1327 1532 244 66 potentia
1510 1532 284 66 voluntatis
1733 1532 224 66 creatae
1896 1532 142 66 est
1977 1532 163 66 quod
2078 1532 203 66 possit

1270 1584 203 89 impedire
1423 1584 153 89 actum
1524 1584 254 89 dilectionis
1728 1584 119 89 per
1795 1584 153 89 actum
1897 1584 254 89 contrarium:
2100 1584 169 89 propsi

1257 1652 341 64 repugnantiam
1534 1652 256 64 formalem
1726 1652 192 64 inter
1854 1652 192 64 illos
1982 1652 213 64 actus:
2131 1652 149 64 nec

1260 1709 124 70 ex
1322 1709 144 70 hoc
1405 1709 165 70 dici
1508 1709 186 70 debet
1632 1709 248 70 voluntas
1818 1709 186 70 cogi:
1941 1709 165 70 quia
2045 1709 248 70 voluntas

1263 1755 258 80 formaliter
1465 1755 147 80 vult
1557 1755 111 80 et
1613 1755 203 80 diligit
1760 1755 147 80 illo
1852 1755 166 80 actu:
1963 1755 129 80 sed
2036 1755 129 80 non
2092 1755 147 80 causae

1249 1819 129 64 tur
1322 1819 110 64 ab
1377 1819 129 64 eo.
1451 1819 165 64 Eodem
1561 1819 110 64 mo
1616 1819 221 64 secundum
1782 1819 129 64 eum
1855 1819 257 64 assignatur
2057 1819 165 64 causa
2149 1819 92 64 ob-

1257 1868 276 72 stinationis
1477 1868 221 72 malorum:
1643 1868 239 72 videlicet
1827 1868 147 72 quod
1919 1868 147 72 deus
2011 1868 184 72 causat
2140 1868 129 72 sic

1251 1932 119 71 ut
1311 1932 178 71 causa
1430 1932 218 71 totalis
1588 1932 238 71 quicquid
1766 1932 258 71 absoluium
1964 1932 139 71 est
2044 1932 119 71 in
2103 1932 159 71 actu

1247 1988 241 63 volendi
1422 1988 153 63 vel
1510 1988 241 63 odiendi
1685 1988 197 63 deum.
1816 1988 175 63 Ilse
1926 1988 197 63 actus
2057 1988 219 63 nullum

1253 2051 167 50 actum
1365 2051 167 50 bonum
1476 2051 167 50 secum
1587 2051 259 50 compatitur
1791 2051 204 50 propter
1939 2051 333 50 reprugnantiam.

1249 2092 225 71 formalem
1418 2092 169 71 inter
1530 2092 187 71 illos:
1662 2092 150 71 ideo
1755 2092 187 71 stante
1887 2092 150 71 illo
1980 2092 169 71 acium
2093 2092 112 71 et
2130 2092 94 71 con

1241 2148 211 71 seruato
1394 2148 96 71 a
1433 2148 134 71 deo
1510 2148 269 71 totaliter:
1721 2148 134 71 non
1798 2148 192 71 potest
1932 2148 230 71 voluntas
2105 2148 154 71 crea

1246 2211 121 78 ta
1306 2211 121 78 in
1367 2211 283 78 oppositum.
1590 2211 142 78 Sed
1671 2211 202 78 contra
1812 2211 162 78 ista
1913 2211 202 78 arguit
2055 2211 121 78 et
2096 2211 121 78 sol-

1255 2267 123 63 vit:
1331 2267 230 63 specialiter
1516 2267 154 63 contra
1623 2267 138 63 istud
1715 2267 169 63 ultimum
1838 2267 108 63 quo
1900 2267 169 63 dicitur
2023 2267 123 63 quod
2099 2267 138 63 odium

1245 2316 121 83 dei
1314 2316 173 83 potest
1435 2316 190 83 causari
1573 2316 86 83 a
1607 2316 138 83 solo
1693 2316 121 83 deo
1762 2316 207 83 secundum
1918 2316 259 83 Aristoteles
2107 2316 104 83 iii-

1243 2380 240 63 Ethicorum.
1431 2380 171 63 Aliqui
1551 2380 154 63 actus
1654 2380 137 63 sunt
1740 2380 120 63 qui
1808 2380 171 63 statim
1928 2380 206 63 nominati
2082 2380 171 63 houent

1243 2436 237 71 malitiam
1421 2436 218 71 adnexam
1579 2436 119 71 et
1639 2436 356 71 difformitatem:
1935 2436 138 71 sed
2014 2436 198 71 nullus
2153 2436 119 71 ta

1254 2483 107 72 lis
1315 2483 107 72 est
1376 2483 107 72 sic
1437 2483 76 72 a
1468 2483 107 72 deo
1529 2483 138 72 sicut
1621 2483 76 72 a
1651 2483 138 72 causa
1743 2483 214 72 totaliter:
1911 2483 199 72 huiusmodi
2064 2483 122 72 vero
2141 2483 107 72 est

1245 2540 185 71 odium
1369 2540 165 71 dei.
1472 2540 227 71 Secundo
1637 2540 165 71 ceis
1740 2540 185 71 actus
1864 2540 165 71 quem
1967 2540 247 71 voluntas
2132 2540 82 71 po

1246 2602 132 65 test
1329 2602 165 65 habere
1445 2602 132 65 sine
1527 2602 198 65 peccato:
1676 2602 165 65 potest
1792 2602 132 65 sibi
1874 2602 198 65 praecipi
2023 2602 83 65 a
2056 2602 132 65 deo:
2138 2602 116 65 ita

1235 2662 178 69 potest
1360 2662 249 69 principere
1556 2662 142 69 deus
1645 2662 231 69 voluntati
1822 2662 142 69 quod
1911 2662 178 69 odiret
2036 2662 160 69 deum:
2143 2662 107 69 et

1239 2714 143 73 sic
1320 2714 245 73 voluntas
1504 2714 204 73 creata
1646 2714 204 73 potest
1789 2714 204 73 mereri
1932 2714 224 73 odiendo
2074 2714 143 73 deum.

1288 2763 186 79 Tertio
1418 2763 186 79 contra
1548 2763 130 79 hoc
1623 2763 149 79 quod
1716 2763 260 79 supponitur
1920 2763 204 79 angelum
2068 2763 186 79 beatum

1239 2827 147 72 non
1323 2827 210 72 habere
1470 2827 295 72 libertatem
1702 2827 253 72 respectu
1891 2827 189 72 actus
2018 2827 210 72 creati
2144 2827 63 72 a

1249 2876 144 70 deo:
1339 2876 144 70 quia
1429 2876 216 70 secundum
1591 2876 216 70 sectuons
1754 2876 180 70 angeli
1880 2876 144 70 boni
1970 2876 180 70 habent
2096 2876 144 70 maio

1235 2934 134 69 rem
1312 2934 269 69 libertatem
1523 2934 153 69 post
1618 2934 345 69 confirmationem
1906 2934 153 69 quam
2002 2934 173 69 ante:
2117 2934 134 69 sed

1235 2988 174 71 ante
1344 2988 392 71 confirmationem
1670 2988 283 71 habuerunt
1888 2988 305 71 libertatem
2105 2988 109 71 re-

1242 3035 206 88 spectu
1387 3035 247 88 cuiusque
1572 3035 185 88 actus
1696 3035 309 88 voluntatis.
1943 3035 165 88 Item
2046 3035 227 88 quarto.

1246 3104 175 83 quia
1355 3104 175 83 tunc
1465 3104 262 83 voluntas
1662 3104 131 83 ad
1727 3104 197 83 talem
1858 3104 175 83 actu
1968 3104 306 83 cogeretur.
