2550 3300
271 177 188 75 tate:
396 177 125 75 et
459 177 125 75 si
521 177 188 75 talia
646 177 313 75 omitterent:
897 177 146 75 non
980 177 292 75 peccarent.
1188 177 63 75 A

289 244 195 62 quintum
431 244 177 62 quando
555 244 195 62 dicitur
696 244 141 62 quod
785 244 195 62 demones
926 244 195 62 peccant
1067 244 106 62 et
1103 244 159 62 demeren

282 300 154 55 tur:
378 300 154 55 quia
475 300 174 55 alias
591 300 212 55 aliquid
745 300 174 55 foret
861 300 290 55 deordinatum
1092 300 116 55 in
1131 300 135 55 regno

281 348 154 55 del:
377 348 154 55 nisi
473 348 154 55 plus
569 348 288 55 punirentur.
799 348 269 55 Concedatur
1010 348 192 55 totum:
1126 348 134 55 sicu-

297 411 106 56 in
350 411 194 56 secundo
491 411 194 56 puencto
632 411 176 56 istius
755 411 211 56 articuli
914 411 176 56 dictum
1037 411 141 56 est.
1125 411 106 56 Ad
1178 411 123 56 sex

290 467 121 62 tum
359 467 173 62 quando
480 467 208 62 arguitur
636 467 139 62 quod
723 467 208 62 diabolus
879 467 173 62 potest
1000 467 156 62 fieri
1104 467 191 62 iustus:

295 516 133 75 ora
371 516 191 75 potest
505 516 210 75 dictare
657 516 152 75 quod
752 516 172 75 bonum
867 516 172 75 esset
981 516 152 75 sibi
1076 516 191 75 habere
1191 516 76 75 iu

284 568 207 59 stitiam:
439 568 103 59 et
490 568 172 59 potest
611 568 103 59 se
663 568 241 59 conformare
852 568 138 59 illi
938 568 241 59 dictamini:
1127 568 172 59 igitur

298 625 119 66 etc
366 625 102 66 Et
417 625 256 66 confirmatur
622 625 119 66 per
690 625 204 66 Anselmus
843 625 102 66 de
894 625 221 66 concordia
1065 625 170 66 capit.
1167 625 102 66 xiii

295 685 199 54 Nullus
434 685 199 54 potest
573 685 179 54 velle
693 685 338 54 rectitudinem:
971 685 159 54 nisi
1070 685 139 54 eam
1130 685 139 54 habe-

292 748 134 47 at.
368 748 153 47 Dici
464 748 191 47 potest
597 748 153 47 quod
693 748 229 47 diabolus
864 748 134 47 est
941 748 134 47 sic
1017 748 286 47 obstinatus:

282 804 125 55 ut
345 804 209 55 dictum
491 804 146 55 est
575 804 272 55 superius:
784 804 125 55 et
846 804 167 55 deus
951 804 146 55 non
1034 804 167 55 vult
1139 804 167 55 sibi

292 852 229 70 coagere
459 852 125 70 ad
521 852 229 70 aliquem
688 852 188 70 actum
813 852 208 70 rectum
959 852 146 70 vel
1043 852 208 70 bonum:
1168 852 104 70 igi

278 916 129 61 tur
351 916 111 61 in
407 916 184 61 nullum
536 916 166 61 actum
646 916 166 61 bonum
757 916 203 61 potest.
904 916 111 61 Et
959 916 147 61 ideo
1051 916 147 61 dato
1143 916 147 61 quod

284 964 248 55 dictaret
470 964 124 55 de
532 964 186 55 facto
657 964 165 55 quam
760 964 186 55 bonum
884 964 186 55 foret
1008 964 165 55 sibi
1112 964 207 55 habere

286 1028 264 55 iustitiam:
493 1028 132 55 non
569 1028 151 55 ideo
663 1028 188 55 potest
794 1028 113 55 se
851 1028 151 55 illi
945 1028 245 55 dictamini
1133 1028 169 55 iuste

288 1076 202 57 secundum
440 1076 152 57 bonas
541 1076 303 57 circumstantias
794 1076 236 57 conformare
979 1076 169 57 benden
1097 1076 152 57 tamen
1182 1076 84 57 for

293 1139 262 63 tespotest
495 1139 182 63 velle
616 1139 121 63 se
676 1139 162 63 esse
777 1139 202 63 iustum
919 1139 121 63 ut
979 1139 222 63 careret
1121 1139 141 63 pena:

302 1188 125 63 icet
381 1188 109 63 non
443 1188 156 63 potest
553 1188 141 63 velle
646 1188 203 63 iustitiam
803 1188 172 63 iustae:
928 1188 125 63 quia
1006 1188 141 63 habet
1100 1188 172 63 liberum
1209 1188 63 63 ar

300 1244 227 63 bitrium
466 1244 145 63 ita
548 1244 269 63 depressum
755 1244 145 63 per
838 1244 227 63 habitum
1003 1244 310 63 obdurantem:

300 1305 202 58 tetiam
441 1305 141 58 per
522 1305 343 58 subtractionem
805 1305 222 58 divinae
966 1305 343 58 cooperationis

304 1363 115 55 ad
361 1363 191 55 bonum:
495 1363 153 55 quam
590 1363 172 55 nihil
705 1363 172 55 bonum
820 1363 191 55 potest
953 1363 191 55 velle.
1087 1363 115 55 vt
1144 1363 134 55 ait
1202 1363 76 55 ma

294 1420 218 66 gister
447 1420 218 66 sente.
600 1420 175 66 lib.
709 1420 153 66 ii.
797 1420 131 66 Ad
862 1420 262 66 septimum
1037 1420 240 66 principa-

306 1476 107 55 le
360 1476 178 55 quando
484 1476 195 55 dicitur
626 1476 142 55 quod
715 1476 107 55 si
768 1476 195 55 angelus
910 1476 266 55 confirmatus
1123 1476 160 55 foret
1212 1476 71 55 de

295 1531 243 64 putatus
472 1531 133 64 ad
538 1531 353 64 custodiendum
825 1531 243 64 hominem
1002 1531 287 64 viatorem:
1201 1531 88 64 se

299 1596 222 63 queretur
465 1596 148 63 quod
558 1596 241 63 oporteret
743 1596 167 63 omnem
854 1596 204 63 hominem
1002 1596 185 63 habere
1131 1596 185 63 disere

303 1643 164 64 tionem
418 1643 214 64 spirituum
582 1643 82 64 .
615 1643 181 64 concedo
746 1643 279 64 conclusionem:
976 1643 131 64 quia
1058 1643 164 64 opitet
1173 1643 131 64 quod

305 1708 178 55 omnis
424 1708 158 55 homo
523 1708 198 55 habeat
661 1708 316 55 discretionem
918 1708 198 55 quando
1056 1708 178 55 bonus
1155 1708 119 55 ango

304 1743 121 80 lus
373 1743 207 80 incitat:
528 1743 103 80 et
580 1743 172 80 quando
700 1743 172 80 malus.
821 1743 224 80 possibile
993 1743 121 80 est
1062 1743 155 80 tamen
1166 1743 138 80 quod

300 1804 148 62 homo
392 1804 185 62 habeat
521 1804 166 62 actum
632 1804 295 62 discretionis
872 1804 258 62 spirituum:
1075 1804 166 62 licet
1186 1804 129 62 non

295 1861 224 62 habeat
451 1861 246 62 habitum
631 1861 179 62 sive
743 1861 224 62 donum.
899 1861 179 62 vnde
1011 1861 202 62 actum
1123 1861 157 62 illum

307 1916 162 62 debet
415 1916 90 62 a
451 1916 126 62 deo
523 1916 180 62 petere
650 1916 180 62 quando
776 1916 198 62 imminet
920 1916 253 62 necessitas
1119 1916 108 62 et
1155 1916 126 62 ratio

313 1972 264 55 dubitandi.
521 1972 113 55 Ad
577 1972 207 55 octavum
728 1972 189 55 quando
860 1972 226 55 arguitur
1030 1972 151 55 quod
1124 1972 113 55 si
1181 1972 132 55 sic

303 2036 199 63 posset
442 2036 179 63 vnire
561 2036 159 63 sibi
661 2036 218 63 corpus:
819 2036 119 63 et
879 2036 119 63 in
938 2036 119 63 eo
998 2036 258 63 aexercere
1177 2036 99 63 ope

302 2096 260 55 rationes
497 2096 260 55 vitales:
693 2096 130 55 et
758 2096 173 55 tunc
866 2096 217 55 posset
1018 2096 239 55 angelus
1170 2096 108 55 com

306 2140 183 56 edere
428 2140 122 56 et
489 2140 245 56 nutrire:
673 2140 122 56 et
734 2140 265 56 generare:
937 2140 122 56 et
999 2140 204 56 videre
1141 2140 122 56 et
1182 2140 102 56 hu-

301 2190 234 61 iusmodi.
476 2190 117 61 Ad
534 2190 175 61 istud
651 2190 136 61 est
729 2190 234 61 dicendum
905 2190 234 61 secundum
1080 2190 234 61 doctores

299 2247 241 75 communiter
488 2247 138 75 quod
574 2247 155 75 opera
678 2247 155 75 vitae
781 2247 138 75 sunt
867 2247 224 75 duplicia:
1040 2247 190 75 quaedam
1178 2247 138 75 enim

300 2309 307 64 conveniunt
541 2309 154 64 cum
629 2309 373 64 operationibus
936 2309 329 64 inatatorum:
1199 2309 132 64 et

316 2356 152 75 quod
411 2356 265 75 consistunt
619 2356 114 75 in
676 2356 152 75 motu
771 2356 190 75 locali
904 2356 133 75 vel
980 2356 265 75 collisione
1169 2356 114 75 cor-

311 2427 187 57 porum
436 2427 292 57 adinuicem:
665 2427 187 57 sicut
790 2427 250 57 ambulare
978 2427 125 57 et
1040 2427 208 57 loqui.
1165 2427 125 57 Quae

310 2483 134 56 dam
387 2483 154 56 sunt
483 2483 173 56 opera
598 2483 173 56 vitae
713 2483 154 56 quae
809 2483 134 56 cum
886 2483 326 56 operationibus
1135 2483 154 56 inaima

304 2539 168 62 torum
416 2539 131 62 non
491 2539 280 62 conveniunt:
715 2539 168 62 sicut
827 2539 187 62 videre
957 2539 93 62 /
995 2539 205 62 sentire
1144 2539 93 62 /
1181 2539 112 62 et
1218 2539 75 62 hu

300 2584 240 59 iusmodi.
480 2584 200 59 Dicunt
620 2584 200 59 igitur
760 2584 160 59 quod
861 2584 180 59 opera
981 2584 160 59 vite
1081 2584 120 59 de
1141 2584 180 59 primo

302 2651 210 56 genere
449 2651 210 56 angeli
596 2651 252 56 videntur
785 2651 273 56 exercere:
996 2651 147 56 sed
1080 2651 147 56 non
1143 2651 147 56 exer-

310 2698 149 57 cent
403 2698 112 57 in
459 2698 130 57 rei
534 2698 242 57 veritate:
720 2698 149 57 nisi
813 2698 205 57 quantum
962 2698 112 57 ad
1018 2698 168 57 motum
1129 2698 205 57 localem

319 2757 171 54 unde
426 2757 236 54 causant
597 2757 214 54 sonos:
747 2757 129 54 et
812 2757 257 54 videntur
1004 2757 193 54 loqui
1133 2757 129 54 et
1197 2757 129 54 an

316 2810 214 65 bulare:
471 2810 117 65 et
530 2810 175 65 tumen
647 2810 214 65 proprie
802 2810 136 65 nec
880 2810 234 65 ambulant
1055 2810 136 65 nec
1133 2810 195 65 loquum

321 2868 161 56 tur:
422 2868 161 56 quia
523 2868 161 56 isti
623 2868 182 56 actus
744 2868 262 56 connotant
946 2868 121 56 se
1007 2868 182 56 fieri
1128 2868 101 56 a
1148 2868 141 56 prin-

323 2919 178 55 cipio
442 2919 217 55 vitali.
600 2919 158 55 unde
699 2919 237 55 breviter
876 2919 178 55 nihil
995 2919 237 55 faciunt:
1173 2919 158 55 nisi

334 2971 155 65 quod
431 2971 194 65 mouent
566 2971 213 65 corpora
721 2971 271 65 localiter.
934 2971 291 65 operationes
1167 2971 155 65 vero

322 3027 117 65 de
380 3027 214 65 secundo
536 3027 214 65 genere:
692 3027 156 65 quae
789 3027 253 65 videlicet
984 3027 117 65 in
1043 3027 175 65 nullo
1140 3027 156 65 concor

305 3099 175 82 dant
414 3099 153 82 cum
502 3099 175 82 motu
611 3099 240 82 locali:
785 3099 196 82 nullo
916 3099 175 82 modo
1025 3099 305 82 aexercent.

1287 185 184 57 unde
1402 185 207 57 nullo
1540 185 184 57 modo
1655 185 299 57 sentiunt:
1885 185 161 57 nec
1977 185 253 57 vident:
2161 185 161 57 nec

1288 238 298 68 generant.
1517 238 137 68 Et
1586 238 137 68 si
1655 238 275 68 arguatur
1861 238 229 68 contra
2021 238 137 68 ad
2067 238 206 68 proban-

1292 292 152 55 dum
1379 292 173 55 quod
1487 292 282 55 generant:
1704 292 173 55 quia
1813 292 173 55 sunt
1921 292 217 55 quidam
2073 292 239 55 demones

1294 340 228 63 incubi:
1460 340 124 63 et
1522 340 207 63 quidam
1667 340 249 63 succubi:
1854 340 186 63 sicut
1978 340 249 63 Iosephus
2144 340 124 63 nar-

1287 399 157 61 rat:
1386 399 118 61 et
1445 399 216 61 habetur
1602 399 118 61 in
1661 399 255 61 historiis
1857 399 177 61 super
1975 399 157 61 Ben.
2073 399 118 61 Et
2113 399 157 61 videm-

1304 455 126 60 tes
1376 455 162 60 filii
1484 455 126 60 dei
1556 455 180 60 filias
1681 455 198 60 hominim
1825 455 144 60 etc.
1915 455 126 60 vbi
1987 455 180 60 diciti
2112 455 144 60 quod
2184 455 90 60 age

1305 511 125 60 li
1368 511 146 60 cum
1451 511 292 60 mulieribus
1681 511 230 60 coeutes
1848 511 292 60 iniuriosos
2077 511 209 60 filios
2203 511 83 60 ge

1293 563 236 76 nuerunt:
1471 563 138 76 qua
1549 563 217 76 propter
1707 563 315 76 confidentiam
1963 563 315 76 fortitudinis
2219 563 118 76 gi

1296 628 225 68 gantes
1454 628 113 68 a
1499 628 225 68 drecis
1657 628 203 68 dicti
1792 628 203 68 sunt.
1927 628 203 68 Istam
2063 628 270 68 materiam

1307 684 227 67 partractat
1485 684 227 67 Augustinus
1663 684 130 67 xvxo
1744 684 97 67 de
1793 684 130 67 civi
1874 684 113 67 dei
1939 684 194 67 capitulo
2084 684 146 67 xxiii
2165 684 130 67 osten-

1306 735 162 74 dens
1407 735 121 74 ex
1467 735 262 74 verissima
1669 735 283 74 assertione
1891 735 242 74 iustorum
2073 735 262 74 utriusque

1306 794 221 56 sexus:
1460 794 177 56 quod
1571 794 199 56 tales
1703 794 243 56 demones
1880 794 265 56 mulierum
2056 794 243 56 concubitu

1308 847 300 61 appetierunt:
1552 847 113 61 et
1609 847 169 61 opere
1721 847 282 61 peregerunt.
1946 847 131 61 hoc
2021 847 169 61 tamen
2134 847 131 61 non
2209 847 131 61 est

1297 907 157 64 per
1386 907 202 64 semen
1521 907 135 64 ab
1589 907 202 64 eorum
1723 907 315 64 corporibus
1970 907 270 64 decisum:
2173 907 157 64 sed

1306 965 110 55 a
1350 965 307 55 corporibus
1591 965 242 55 viorum:
1767 965 154 55 per
1855 965 154 55 hoc
1943 965 176 55 quod
2053 965 176 55 idem
2140 965 154 55 demon

1296 1019 149 64 fit
1381 1019 170 64 viro
1487 1019 255 64 succubus
1678 1019 106 64 :
1720 1019 127 64 et
1784 1019 212 64 semine
1932 1019 233 64 recepto
2102 1019 170 64 coit
2187 1019 106 64 cum

1297 1078 272 59 muliere:
1501 1078 136 59 et
1569 1078 159 59 fit
1660 1078 272 59 incubus.
1864 1078 181 59 Unde
1978 1078 181 59 puer
2091 1078 249 59 genitus

1290 1132 162 63 non
1382 1132 231 63 filius
1544 1132 277 63 demonis:
1751 1132 162 63 sed
1844 1132 231 63 filius
2005 1132 254 63 hominis
2167 1132 115 63 cu-

1299 1195 141 65 ius
1379 1195 161 65 fuit
1480 1195 181 65 illud
1601 1195 181 65 semen
1722 1195 101 65 /
1762 1195 242 65 dicendus
1944 1195 161 65 est.
2044 1195 161 65 Idem
2125 1195 161 65 dicem-

1296 1243 166 64 dum
1391 1243 166 64 est
1486 1243 143 64 de
1558 1243 404 64 operationibus
1891 1243 214 64 etiam
2010 1243 285 64 angelorum.

1309 1304 120 74 vide
1384 1304 209 74 Augustinus
1548 1304 105 74 iii
1608 1304 90 74 de
1653 1304 194 74 trinitate
1802 1304 179 74 capitulo
1936 1304 105 74 iii
1996 1304 90 74 et
2041 1304 90 74 in
2086 1304 149 74 multis
2190 1304 134 74 aliis

1304 1356 213 63 locis.
1453 1356 128 63 Ad
1516 1356 191 63 nonum
1644 1356 213 63 quando
1793 1356 276 63 arguitur.
2006 1356 170 63 quia
2112 1356 170 63 tunc
2197 1356 85 63 in

1303 1419 245 64 angelis
1481 1419 222 64 forent
1636 1419 178 64 noue
1747 1419 356 64 cogitationes
2036 1419 111 64 .
2081 1419 245 64 concedo

1308 1475 125 63 de
1371 1475 250 63 notitiis
1558 1475 229 63 habitis
1724 1475 125 63 et
1787 1475 291 63 acquisitis
2016 1475 146 63 per
2099 1475 229 63 habitus

1311 1539 125 63 vel
1383 1539 125 63 per
1454 1539 214 63 species.
1615 1539 107 63 Et
1669 1539 179 63 quando
1794 1539 250 63 Augustinus
1990 1539 161 63 dicit
2097 1539 143 63 quod
2187 1539 107 63 in
2223 1539 71 63 pa

1313 1587 168 56 tria
1418 1587 147 56 non
1502 1587 189 56 erunt
1628 1587 273 56 volubiles
1837 1587 357 56 cogitationes.
2131 1587 210 56 Potest

1317 1644 184 71 dici:
1439 1644 184 71 verum
1562 1644 143 71 est
1644 1644 123 71 de
1705 1644 184 71 illis
1828 1644 368 71 cogitationibus
2134 1644 143 71 qui
2196 1644 102 71 spe

1303 1697 195 57 ctant
1433 1697 130 57 ad
1499 1697 369 57 beatitudinem.
1802 1697 130 57 de
1867 1697 195 57 aliis
1997 1697 174 57 vero
2106 1697 174 57 bene
2193 1697 108 57 pos

1310 1750 155 61 sunt
1406 1750 174 61 illic
1522 1750 174 61 esse.
1638 1750 116 61 Et
1696 1750 193 61 quando
1831 1750 232 61 arguitur
2005 1750 193 61 contra
2140 1750 155 61 sic.
2218 1750 77 61 an

1303 1819 178 56 gelo
1414 1819 133 56 de
1481 1819 178 56 nouo
1592 1819 356 56 intelligente
1881 1819 245 56 hominem
2059 1819 178 56 quem
2147 1819 156 56 inci-

1316 1867 146 55 hit
1399 1867 292 55 custodire:
1629 1867 146 55 aut
1712 1867 292 55 remittitur
1941 1867 271 55 cogitatio
2149 1867 125 55 de
2191 1867 104 55 deo

1320 1923 121 56 vel
1389 1923 138 56 non.
1475 1923 172 56 Potest
1595 1923 138 56 dici
1681 1923 138 56 quod
1767 1923 138 56 non:
1853 1923 138 56 quia
1940 1923 138 56 deus
2026 1923 121 56 sic
2094 1923 172 56 coagit
2215 1923 121 56 cum

1308 1973 294 70 intellectu
1539 1973 210 70 angeli
1686 1973 126 70 ad
1749 1973 273 70 causandum
1960 1973 189 70 illam
2086 1973 252 70 notitiam

1313 2035 147 56 que
1397 2035 147 56 est
1481 2035 336 56 beatificata:
1754 2035 168 56 quod
1858 2035 189 56 nullo
1984 2035 168 56 modo
2089 2035 210 56 potest
2215 2035 84 56 re

1312 2092 198 64 mitti:
1451 2092 139 64 sed
1530 2092 179 64 aeque
1649 2092 258 64 distincte
1848 2092 317 64 contemplatur
2106 2092 198 64 quando
2225 2092 79 64 co

1321 2144 183 67 gitat
1443 2144 122 67 de
1504 2144 143 67 vno
1586 2144 183 67 regno
1708 2144 143 67 cui
1789 2144 245 67 praeest:
1973 2144 122 67 ac
2034 2144 122 67 si
2095 2144 183 67 nihil
2197 2144 102 67 ali

1308 2199 128 60 ud
1372 2199 107 60 a
1415 2199 150 60 deo
1500 2199 299 60 cogitaret.
1735 2199 128 60 De
1800 2199 193 60 aliis
1928 2199 193 60 tamen
2035 2199 278 60 cogitationi

1312 2249 169 74 bus
1409 2249 145 74 ab
1481 2249 242 74 angelo
1651 2249 169 74 non
1747 2249 266 74 apparet
1941 2249 194 74 mihi
2062 2249 169 74 pro
2159 2249 194 74 nunc

1316 2299 351 72 inconveniens
1601 2299 285 72 concedere
1821 2299 176 72 quod
1931 2299 154 72 vna
2019 2299 242 72 intensa
2172 2299 132 72 cogi

1311 2364 209 63 tatio
1450 2364 140 63 de
1520 2364 163 63 vna
1613 2364 140 63 re
1683 2364 116 63 /
1729 2364 279 63 remittit
1939 2364 372 63 cogitationem
2218 2364 93 63 de

1313 2411 155 71 alia
1409 2411 116 71 Ad
1468 2411 213 71 decimum
1622 2411 194 71 quando
1758 2411 252 71 arguitur.
1952 2411 116 71 si
2010 2411 155 71 sic:
2106 2411 155 71 tunc
2184 2411 116 71 chri

1315 2465 161 81 stus
1416 2465 262 81 habuisset
1617 2465 222 81 angelum
1779 2465 262 81 custodem.
1980 2465 242 81 Dicendum
2162 2465 161 81 quod

1322 2531 128 72 non:
1402 2531 128 72 quia
1482 2531 112 72 non
1546 2531 208 72 indiguit:
1706 2531 160 72 quando
1818 2531 192 72 secundum
1962 2531 160 72 animam
2074 2531 128 72 fuit
2138 2531 160 72 comprae-

1324 2578 221 67 hensor.
1485 2578 121 67 Et
1545 2578 161 67 quia
1646 2578 261 67 humanitas
1847 2578 161 67 fuit
1947 2578 141 67 deo
2028 2578 201 67 vnita:
2168 2578 161 67 ideo

1318 2641 143 66 nec
1399 2641 245 66 impediri
1583 2641 143 66 nec
1665 2641 204 66 iuvari
1808 2641 245 66 poterat.
1992 2641 225 66 Dicitur
2155 2641 184 66 autem

1315 2701 231 62 angelus
1483 2701 147 62 eum
1567 2701 336 62 confortasse:
1839 2701 147 62 non
1923 2701 231 62 aliquid
2091 2701 126 62 in
2133 2701 168 62 ipsum.

1316 2760 291 58 causando:
1539 2760 157 58 sed
1629 2760 179 58 eius
1741 2760 336 58 fortitudini
1987 2760 313 58 congratulan-

1316 2820 148 55 do:
1400 2820 169 55 quia
1506 2820 127 55 ad
1570 2820 190 55 modum
1697 2820 338 55 confortantis
1972 2820 127 55 se
2035 2820 254 55 habebat.
2225 2820 127 55 Et

1316 2868 146 71 sic
1399 2868 146 71 est
1483 2868 187 71 finis
1608 2868 187 71 huius
1732 2868 208 71 vltime
1878 2868 312 71 quaestionis
2128 2868 229 71 hollrop

1301 2924 153 55 in
1377 2924 305 55 secundum
1580 2924 229 55 librum.

1370 3027 179 80 erig
1481 3027 268 80 Sequitur
1683 3027 246 80 eiusdem
1862 3027 201 80 unica
1996 3027 246 80 questis

1374 3083 136 88 iu
1442 3083 250 88 tertium
1624 3083 386 88 sententiarum.
