2550 3300
298 180 120 81 hic
366 180 154 81 dicit
469 180 154 81 tria:
572 180 137 81 quod
658 180 223 81 promissio
829 180 154 81 facta
932 180 120 81 est
1000 180 171 81 Abrae:
1120 180 103 81 et
1171 180 120 81 per

288 241 296 58 iuramentum
520 241 253 58 firmata:
710 241 127 58 et
773 241 106 58 i
816 241 211 58 Abraam
963 241 274 58 completa.
1153 241 106 58 Se-

296 292 173 78 quitur
417 292 276 78 consequenter
641 292 104 78 in
693 292 155 78 textu
796 292 173 78 apliti
917 292 104 78 ad
969 292 173 78 haebc.
1089 292 104 78 vi
1141 292 155 78 paulo

300 364 159 55 ante
400 364 259 55 allegato.
599 364 219 55 homines
758 364 159 55 enim
858 364 139 55 per
937 364 219 55 maiorem
1097 364 139 55 sui
1156 364 100 55 iu-

290 411 167 56 rant:
402 411 111 56 et
457 411 167 56 omnis
569 411 297 56 controversie
810 411 167 56 eorum
921 411 167 56 finis
1033 411 111 56 ad
1070 411 204 56 confirma-

287 467 193 55 tionem
422 467 135 55 est
499 467 290 55 iuramentum.
732 467 116 55 In
790 467 135 55 quo
867 467 290 55 abundantius
1099 467 155 55 deus
1177 467 77 55 vo

290 516 155 63 lens
387 516 213 63 osidere
542 516 368 63 pollicitationis
852 516 271 63 haberdibus
1065 516 233 63 immobili

290 571 181 64 tatem:
417 571 218 64 consilii
580 571 127 64 sui
653 571 272 64 interposuit
870 571 290 64 iusiurandum:
1106 571 109 64 vt
1160 571 127 64 per

291 635 165 56 duas
395 635 144 56 res
477 635 268 56 immobiles
683 635 206 56 quibus
828 635 144 56 est
910 635 309 56 impossibile
1137 635 124 56 men-

276 684 164 63 tiri
378 684 184 63 deum:
501 684 307 63 fortissimum
747 684 246 63 solatium
931 684 266 63 habeamus.
1116 684 143 63 Olos-

287 748 296 56 abundantius:
528 748 148 56 quia
621 748 259 56 abundantur
825 748 130 56 per
899 748 315 56 promissionem:
1139 748 130 56 abun-

297 799 183 68 dantius
430 799 116 68 per
497 799 249 68 iuramentum:
696 799 166 68 vtpote
812 799 116 68 per
879 799 133 68 duas
962 799 116 68 res
1028 799 199 68 scilicet
1161 799 83 68 pro

288 859 249 64 missionem
479 859 115 64 et
537 859 268 64 iuramentu.
747 859 153 64 Nota
843 859 153 64 quod
939 859 191 64 aplias
1073 859 134 64 dic
1149 859 153 64 quod

292 908 318 69 contrfirmatio
554 908 300 69 promissionis
798 908 112 69 et
854 908 168 69 finis
966 908 168 69 omnis
1060 908 187 69 alterca-

287 963 182 61 tionis
414 963 182 61 hunane
541 963 127 61 est
614 963 273 61 iuramentum.
832 963 236 61 Similiter
1014 963 145 61 quod
1105 963 145 61 deus
1177 963 73 61 vo

285 1024 157 59 luit
384 1024 138 59 sic
462 1024 295 59 abundantius
698 1024 255 59 ostendere
894 1024 334 59 immobilitatem
1150 1024 98 59 com

290 1076 170 63 silii
403 1076 151 63 sui:
498 1076 113 63 vt
554 1076 208 63 faceret
705 1076 208 63 vltimum
857 1076 245 63 possibile
1045 1076 189 63 fieri:
1159 1076 94 63 in-

292 1134 249 61 terposuit
484 1134 307 61 iusiurandum:
733 1134 153 61 quae
829 1134 115 61 si
887 1134 134 61 non
963 1134 192 61 potens
1098 1134 153 61 plus
1174 1134 77 61 fa

282 1188 148 61 cere
375 1188 111 61 ad
431 1188 333 61 certificandum.
708 1188 204 61 proptur
856 1188 148 61 quod
949 1188 278 61 fortissimum
1152 1188 93 61 so-

284 1249 194 58 latium
419 1249 194 58 houent
555 1249 233 58 fideles.
730 1249 155 58 Nota
827 1249 155 58 quod
924 1249 155 58 apud
1021 1249 155 58 deum
1118 1249 136 58 non
1176 1249 78 58 mi

291 1303 128 60 nus
364 1303 202 60 obligat
511 1303 165 60 votun
621 1303 202 60 simplex
768 1303 147 60 quod
860 1303 220 60 solemne.
1025 1303 110 60 Et
1080 1303 202 60 secundu

292 1363 189 73 Ostien
425 1363 170 73 votum
538 1363 114 73 et
595 1363 265 73 iuramentum
803 1363 227 73 videntur
973 1363 151 73 esse
1068 1363 227 73 aequelis

285 1416 336 67 firmitatis.
554 1416 224 67 Quinto
711 1416 224 67 potest
868 1416 202 67 argui
1002 1416 179 67 more
1092 1416 157 67 iuri-

291 1474 182 63 starum
418 1474 273 63 persuadendo
637 1474 146 63 sic.
728 1474 201 63 aliquis
874 1474 182 63 potest
1002 1474 237 63 absoluere
1166 1474 91 63 vi-

294 1534 158 61 culum
400 1534 158 61 voti:
505 1534 123 61 qui
575 1534 158 61 tamen
681 1534 123 61 non
751 1534 176 61 potest
874 1534 193 61 soluere
1014 1534 211 61 vinculum
1155 1534 105 61 iura

294 1579 137 64 menti
385 1579 91 64 in
431 1579 198 64 contractu
583 1579 229 64 mrimoniali:
766 1579 137 64 ergo.
858 1579 213 64 Antecedens
1025 1579 183 64 probatur
1163 1579 122 64 sic.

283 1642 174 56 votum
399 1642 271 56 religionis
612 1642 213 56 emissum
767 1642 136 56 per
844 1642 310 56 professionem
1096 1642 97 56 a
1135 1642 155 56 fuo:

280 1699 169 61 potest
398 1699 236 61 adnihilari
584 1699 84 61 a
618 1699 186 61 dineno:
753 1699 169 61 quando
871 1699 135 61 sibi
955 1699 270 61 constiterit:
1158 1699 84 61 sec

285 1750 223 61 mrimonium
457 1750 241 61 contractum
646 1750 86 61 a
680 1750 155 61 servo
783 1750 137 61 sine
869 1750 223 61 licentiam
1041 1750 189 61 dieceni
1161 1750 86 61 sui

281 1807 120 60 non
349 1807 171 60 potest
469 1807 103 60 ab
520 1807 154 60 eodem
623 1807 222 60 dissolui.
794 1807 120 60 ext
863 1807 103 60 de
914 1807 240 60 conteauti.
1102 1807 171 60 seruo.

291 1856 74 68 .
321 1856 149 68 dignum
425 1856 119 68 est.
499 1856 104 68 vbi
559 1856 164 68 dicitur
678 1856 119 68 quod
752 1856 89 68 si
797 1856 164 68 dicenis
916 1856 283 68 contradicetibus
1154 1856 89 68 et
1184 1856 59 68 in

272 1924 181 47 vitis
393 1924 181 47 inter
514 1924 201 47 seruos
655 1924 262 47 contracta
856 1924 222 47 fuerint
1017 1924 262 47 mrimonia:

278 1969 173 72 nulla
393 1969 211 72 ratione
547 1969 211 72 propter
701 1969 135 72 hoc
778 1969 154 72 sunt
874 1969 308 72 dissoluenda.
1124 1969 154 72 ergo

281 2028 132 63 post
363 2028 148 63 votum
461 2028 164 63 solene
577 2028 263 63 continentiae
790 2028 164 63 potest
906 2028 181 63 aliquis
1037 2028 247 63 contrahaere

268 2084 318 63 matrimonium:
527 2084 119 63 et
586 2084 219 63 aliquis
745 2084 199 63 potest
884 2084 219 63 soluere
1043 2084 239 63 vinculum

267 2141 156 54 voti
364 2141 253 54 solennis:
558 2141 136 54 qui
636 2141 136 54 non
714 2141 194 54 potest
850 2141 214 54 soluere
1006 2141 233 54 vinculum
1161 2141 78 54 ma

277 2185 242 66 trimonii:
464 2185 149 66 ergo
557 2185 149 66 etc.
650 2185 224 66 Secundus
818 2185 242 66 articulus
1004 2185 279 66 principalis

280 2247 149 62 est.
373 2247 186 62 Posito
503 2247 149 62 quod
596 2247 149 62 deus
689 2247 242 62 conferret
875 2247 186 62 alicui
1005 2247 204 62 liberam
1135 2247 112 62 ele-

283 2304 193 59 aionem
418 2304 154 59 quod
514 2304 231 59 eligeret
688 2304 212 59 alterum
842 2304 116 59 de
900 2304 193 59 istis:
1035 2304 135 59 vel
1093 2304 154 59 puniri

278 2356 173 67 poena
393 2356 250 67 infernali
585 2356 115 67 in
643 2356 269 67 perpetuum:
855 2356 135 67 vel
931 2356 288 67 adnihilari:
1143 2356 96 67 arn

274 2412 189 63 talis
400 2412 231 63 deberet
567 2412 147 63 vel
651 2412 210 63 posset
798 2412 231 63 eligere
966 2412 147 63 non
1049 2412 189 63 esse:
1154 2412 105 63 Cir

277 2483 116 48 ca
335 2483 174 48 istum
450 2483 251 48 articulum
644 2483 212 48 quinque
798 2483 193 48 fient.
933 2483 174 48 primo
1049 2483 174 48 ponam
1145 2483 97 48 opr

281 2532 147 54 nionem
384 2532 206 54 contrariam
546 2532 103 54 cum
605 2532 221 54 rationibus.
781 2532 162 54 secundo
899 2532 147 54 arguam
1002 2532 147 54 contra
1105 2532 118 54 eam.
1164 2532 88 54 ter-

278 2581 123 63 tio
349 2581 211 63 ostendam
507 2581 140 63 quod
594 2581 123 63 hoc
665 2581 123 63 non
735 2581 140 63 fuit
823 2581 105 63 de
875 2581 140 63 mete
963 2581 228 63 Augutinus
1121 2581 123 63 quar-

280 2641 112 66 to
336 2641 150 66 dabo
430 2641 281 66 intellectum
654 2641 262 66 Augustinus
860 2641 187 66 quinto
991 2641 206 66 reducam
1122 2641 131 66 ratio

283 2692 157 64 nes
372 2692 202 64 meas.
507 2692 202 64 Circa
641 2692 224 64 primum
798 2692 134 64 ad
865 2692 202 64 istum
1000 2692 291 64 articulum

293 2754 219 57 respondetur
469 2754 117 57 quod
542 2754 161 57 aliquis
658 2754 117 57 bene
731 2754 146 57 potest
833 2754 131 57 velle
921 2754 102 57 non
979 2754 131 57 esse:
1067 2754 117 57 quia
1125 2754 117 57 volun-

291 2808 120 58 tas
360 2808 120 58 est
428 2808 292 58 impossibilium
669 2808 155 58 tamen
772 2808 120 58 non
841 2808 172 58 potest
962 2808 189 58 eligere
1099 2808 120 58 non
1168 2808 120 58 ess

285 2873 88 52 Et
329 2873 103 52 hoc
388 2873 103 52 est
446 2873 176 52 secundum
578 2873 103 52 eum
637 2873 176 52 intentio
769 2873 205 52 Augustinus
930 2873 103 52 iii
988 2873 88 52 de
1032 2873 146 52 libero
1135 2873 117 52 arbr
1193 2873 59 52 c.

292 2915 112 59 bo
348 2915 112 59 de
404 2915 205 59 magnis:
554 2915 131 59 ubi
629 2915 168 59 dicit
741 2915 131 59 sic
815 2915 149 59 quod
909 2915 112 59 si
965 2915 149 59 quis
1058 2915 224 59 dixerit:

282 2972 120 55 non
350 2972 137 55 esse
436 2972 137 55 quam
521 2972 188 55 miserum
658 2972 137 55 esse
743 2972 103 55 me
795 2972 205 55 nmialle:
948 2972 239 55 respondebo
1119 2972 137 55 menti-

291 3025 172 58 ris.
399 3025 151 58 nam
485 3025 129 58 et
550 3025 172 58 nunc
658 3025 194 58 miser
787 3025 151 58 es:
873 3025 151 58 nec
959 3025 129 58 ob
1024 3025 194 58 aliud
1131 3025 108 58 mor

291 3084 123 78 vis
362 3084 141 78 nisi
450 3084 106 78 ut
503 3084 141 78 sis.
591 3084 106 78 et
643 3084 123 78 ita
714 3084 123 78 cum
784 3084 158 78 miser
890 3084 141 78 esse
978 3084 176 78 nolis:
1101 3084 123 78 est
1154 3084 88 78 vir

1295 194 147 73 Item
1386 194 202 73 ibidem.
1533 194 110 73 si
1588 194 202 73 dixeris
1735 194 147 73 ideo
1827 194 165 73 magis
1937 194 147 73 volo
2029 194 165 73 miser
2139 194 165 73 esse:

1303 270 140 45 quia
1390 270 122 45 iam
1460 270 140 45 sum.
1547 270 105 45 si
1599 270 157 45 autem
1704 270 192 45 pusquam
1844 270 175 45 essem:
1966 270 175 45 possem
2088 270 227 45 consulere

1297 309 206 61 eligerem
1451 309 172 61 potius
1571 309 120 61 non
1640 309 137 61 esse
1726 309 137 61 quod
1812 309 103 61 vt
1863 309 154 61 esset
1966 309 172 61 miser.
2086 309 137 61 nunc
2172 309 137 61 enim

1297 363 154 58 quod
1393 363 173 58 ximeo
1509 363 135 58 non
1586 363 173 58 esse:
1701 363 135 58 cum
1778 363 173 58 miser
1894 363 154 58 sur:
1990 363 116 58 ad
2048 363 173 58 ipsam
2144 363 135 58 mise-

1301 419 140 56 riam
1388 419 227 56 partinet:
1563 419 140 56 quia
1650 419 122 56 non
1720 419 157 56 illud
1825 419 140 56 volo
1913 419 140 56 quod
2000 419 157 56 velle
2105 419 210 56 deberem:

1295 469 151 70 nunc
1389 469 170 70 autem
1502 469 188 70 fateor
1634 469 113 70 me
1691 469 188 70 quidem
1823 469 170 70 malle
1936 469 132 70 vel
2011 469 207 70 miserum
2162 469 151 70 esse

1292 527 138 60 quam
1378 527 173 60 nihil:
1499 527 121 60 sed
1568 527 155 60 tanto
1671 527 207 60 stultius
1827 527 155 60 illud
1930 527 155 60 volo:
2034 527 173 60 quanto
2137 527 121 60 mise-

1290 580 152 63 rius:
1392 580 152 63 tanto
1493 580 152 63 autem
1595 580 203 63 miserius
1747 580 85 63 /
1781 580 135 63 quod
1865 580 101 63 to
1916 580 152 63 video
2017 580 118 63 non
2085 580 118 63 hoc
2153 580 152 63 velle

1287 652 124 47 me
1349 652 269 47 debuisse.
1556 652 228 47 Rnesio:
1722 652 166 47 cave
1825 652 207 47 potius
1970 652 124 47 ne
2032 652 145 47 hic
2115 652 186 47 erres

1296 699 139 57 ubi
1376 699 119 57 te
1435 699 198 57 videre
1574 699 179 57 verum
1693 699 198 57 putas:
1832 699 139 57 nam
1911 699 119 57 si
1971 699 198 57 beatus
2109 699 198 57 esses:

1300 752 185 60 vtique
1430 752 148 60 esse
1523 752 148 60 quam
1616 752 130 60 non
1690 752 148 60 esse
1783 752 204 60 malles:
1931 752 111 60 et
1987 752 148 60 nunc
2080 752 167 60 miser
2172 752 93 60 cum

1294 809 125 58 sis:
1372 809 156 58 malles
1482 809 140 58 tamen
1575 809 125 58 esse
1653 809 156 58 miser:
1763 809 125 58 quam
1841 809 156 58 omnino
1950 809 109 58 non
2012 809 140 58 esse:
2106 809 109 58 cum
2168 809 125 58 esse

1291 865 136 69 vel
1368 865 194 69 miser.
1504 865 253 69 Considera
1699 865 155 69 ergo
1796 865 155 69 quod
1893 865 194 69 potens
2029 865 155 69 quam
2107 865 155 69 magnum

1286 918 158 77 bonum
1392 918 123 77 sit
1462 918 158 77 ipsum
1567 918 158 77 esse:
1672 918 140 77 quod
1760 918 158 77 beati
1865 918 105 77 et
1917 918 175 77 miseri
2040 918 193 77 volunt.
2163 918 105 77 Item

1284 979 101 70 c.
1335 979 152 70 xiii.
1436 979 236 70 concludit:
1621 979 118 70 cum
1689 979 169 70 igitur
1807 979 185 70 quisque
1942 979 185 70 credens
2077 979 135 70 quod
2161 979 135 70 post

1294 1033 195 58 mortem
1430 1033 136 58 non
1508 1033 175 58 erit:
1625 1033 370 58 intolerabilibus
1937 1033 175 58 tamen
2054 1033 253 58 molestiis

1298 1099 109 62 ad
1352 1099 182 62 tantam
1480 1099 273 62 cupiditatem
1698 1099 182 62 mortis
1825 1099 273 62 impellitur:
2044 1099 146 62 quod
2116 1099 146 62 decer-

1283 1145 127 58 nit
1356 1145 182 58 atquam
1483 1145 200 58 arripit
1628 1145 182 58 mortem
1755 1145 109 58 in
1810 1145 236 58 opinione:
1991 1145 109 58 et
2046 1145 164 58 habet
2155 1145 145 58 erro

1286 1204 134 55 rem
1362 1204 230 55 omnimode
1535 1204 306 55 defectionis:
1784 1204 115 55 in
1841 1204 172 55 sensu
1956 1204 172 55 autem
2071 1204 230 55 naturale

1284 1260 228 55 desiderium
1463 1260 195 55 quietis.
1609 1260 130 55 quod
1691 1260 114 55 ant
1756 1260 179 55 quietum
1886 1260 114 55 est
1952 1260 114 55 non
2017 1260 114 55 est
2082 1260 147 55 nihil
2163 1260 98 55 immo

1297 1316 139 78 magis
1389 1316 108 78 est
1451 1316 123 78 quod
1528 1316 139 78 illud
1621 1316 123 78 quod
1698 1316 108 78 est
1759 1316 216 78 inquietum.
1929 1316 108 78 hoc
1991 1316 185 78 Auginum.
2130 1316 154 78 Etquia

1284 1371 157 57 dixi
1382 1371 157 57 quod
1480 1371 176 57 tales
1598 1371 274 57 occidentes
1813 1371 117 57 se
1872 1371 137 57 pro
1950 1371 235 57 miseriis
2106 1371 157 57 intole

1295 1427 216 64 rabilibus:
1464 1427 139 64 simul
1557 1427 108 64 cum
1619 1427 108 64 hoc
1680 1427 123 64 quod
1758 1427 154 64 volunt
1866 1427 139 64 esse:
1958 1427 154 64 hosent
2066 1427 232 64 intentionem

1278 1494 197 59 aliquam
1422 1494 108 59 in
1475 1494 162 59 mente
1583 1494 233 59 coniuctam
1763 1494 251 59 intentioni
1960 1494 126 59 non
2032 1494 197 59 esendi:
2157 1494 108 59 puta

1291 1540 244 55 intetionem
1482 1540 191 55 quaetis
1621 1540 87 55 a
1656 1540 209 55 miseria:
1813 1540 191 55 proptur
1952 1540 139 55 quam
2039 1540 261 55 intentionem

1291 1596 203 63 appetunt
1443 1596 119 63 non
1511 1596 152 63 esse:
1613 1596 102 63 et
1664 1596 135 63 illa
1748 1596 203 63 intentio
1901 1596 119 63 non
1968 1596 119 63 est
2036 1596 186 63 quietis
2154 1596 102 63 posi

1280 1641 165 77 tivae
1390 1641 129 77 sed
1463 1641 239 77 negative.
1647 1641 184 77 Contra
1776 1641 129 77 hoc
1849 1641 220 77 arguitur
2015 1641 147 77 sic.
2106 1641 147 77 Aug.

1289 1708 185 63 dicit:
1418 1708 222 63 intentio
1584 1708 185 63 variat
1714 1708 296 63 affectioneus
1954 1708 111 63 vt
2010 1708 185 63 altera
2139 1708 148 63 alte

1276 1763 119 56 ram
1344 1763 171 56 pimat:
1464 1763 153 56 quoes
1566 1763 153 56 autem
1668 1763 153 56 maxie
1771 1763 153 56 habet
1873 1763 256 56 constantiam
2077 1763 102 56 in
2129 1763 119 56 quo
2180 1763 68 56 te

1277 1821 146 62 netur:
1380 1821 117 62 quod
1453 1821 161 62 dicitur
1570 1821 190 62 itention.
1716 1821 102 62 cum
1774 1821 131 62 omnis
1862 1821 161 62 itaquam
1978 1821 117 62 ille
2052 1821 190 62 appetitus
2198 1821 88 62 en

1280 1875 235 55 voluntate
1461 1875 181 55 mortis
1587 1875 127 55 non
1659 1875 108 55 vt
1714 1875 127 55 qui
1786 1875 199 55 moritur
1931 1875 127 55 non
2003 1875 145 55 sit:
2093 1875 127 55 sed
2166 1875 108 55 vt
2202 1875 72 55 re

1278 1932 218 66 quiescat
1441 1932 272 66 intenditur:
1659 1932 127 66 ita
1732 1932 109 66 vt
1786 1932 127 66 cum
1859 1932 182 66 errore
1986 1932 182 66 credat
2113 1932 109 66 se
2167 1932 127 66 non

1288 1994 125 48 esse
1367 1994 172 48 futurum
1492 1994 110 48 nec
1554 1994 141 48 tamen
1648 1994 125 48 hoec
1727 1994 219 48 desiderat:
1899 1994 110 48 sed
1962 1994 172 48 quaetus
2087 1994 125 48 esse
2165 1994 94 48 et
2196 1994 63 48 ob

1282 2037 131 63 hoc
1357 2037 149 63 magi
1450 2037 149 63 esse
1544 2037 261 63 desiderat.
1749 2037 149 63 Unde
1842 2037 243 63 concludit
2029 2037 112 63 in
2085 2037 131 63 ti.
2160 2037 131 63 Qua

1279 2100 214 63 propter
1434 2100 175 63 nullo
1551 2100 175 63 pacto
1668 2100 175 63 fieri
1785 2100 195 63 potest
1921 2100 117 63 vt
1979 2100 136 63 non
2057 2100 156 63 esse
2135 2100 117 63 ali-

1284 2148 139 60 que
1364 2148 258 60 delectet.
1562 2148 179 60 Circa
1681 2148 238 60 secundum
1860 2148 258 60 articulum
2058 2148 159 60 soci
2158 2148 119 60 in

1281 2205 117 72 hac
1348 2205 234 72 quaestione
1532 2205 218 72 resolutio
1700 2205 134 72 stat
1783 2205 201 72 breuitur
1934 2205 100 72 in
1984 2205 151 72 isto.
2085 2205 134 72 quod

1280 2257 132 71 homo
1362 2257 165 71 possit
1477 2257 148 71 velle
1576 2257 115 71 non
1642 2257 148 71 esse:
1741 2257 115 71 non
1807 2257 148 71 tamen
1906 2257 165 71 potest
2021 2257 181 71 eligere
2153 2257 115 71 non

1288 2324 138 55 ese:
1374 2324 138 55 quia
1461 2324 207 55 voluntas
1616 2324 121 55 est
1685 2324 311 55 impossibilium:
1944 2324 121 55 sed
2013 2324 190 55 electio
2152 2324 121 55 non

1291 2371 121 71 Sed
1360 2371 174 71 contra
1482 2371 156 71 istud
1586 2371 174 71 arguo:
1707 2371 104 71 et
1759 2371 156 71 primo
1863 2371 191 71 ostendo
2002 2371 139 71 quod
2089 2371 191 71 electio

1277 2420 166 72 large
1387 2420 221 72 loquendo
1553 2420 111 72 de
1608 2420 240 72 electione
1793 2420 129 72 ita
1866 2420 184 72 potest
1995 2420 147 72 esse
2088 2420 184 72 impost

1273 2476 179 79 bilium
1398 2476 161 79 sicut
1506 2476 233 79 voluntas.
1685 2476 107 79 Et
1738 2476 161 79 arguo
1845 2476 143 79 sic.
1935 2476 143 79 Omne
2024 2476 161 79 illud
2132 2476 143 79 quia

1280 2539 183 63 duobus
1408 2539 293 63 consideratis
1646 2539 183 63 potest
1775 2539 183 63 alteri
1903 2539 257 63 pacceptari
2104 2539 110 63 et
2141 2539 110 63 prae

1277 2605 201 54 optari:
1423 2605 183 54 potest
1551 2605 183 54 eligi.
1678 2605 128 54 sed
1751 2605 237 54 possibile
1934 2605 128 54 est
2007 2605 201 54 aliquem
2135 2605 110 54 com-

1276 2652 192 64 ferre
1404 2652 277 64 adinuicem
1617 2652 128 64 an
1681 2652 192 64 malit
1808 2652 170 64 deum
1915 2652 149 64 non
2000 2652 170 64 esse
2107 2652 128 64 an
2149 2652 107 64 se-

1284 2704 163 62 ipsum
1392 2704 127 62 non
1465 2704 163 62 esse:
1573 2704 109 62 et
1628 2704 145 62 post
1718 2704 326 62 deliberationem
1990 2704 181 62 potest
2098 2704 145 62 elige-

1286 2764 116 62 re
1344 2764 116 62 et
1402 2764 174 62 malle
1518 2764 155 62 deum
1615 2764 135 62 non
1692 2764 174 62 esse:
1808 2764 155 62 ergo
1905 2764 213 62 pelegit
2040 2764 213 62 impossibi

1281 2816 137 67 le.
1360 2816 274 67 Praeterea.
1575 2816 196 67 mulier
1712 2816 176 67 prima
1830 2816 196 67 quando
1967 2816 196 67 elegit
2084 2816 157 67 trans-

1282 2875 173 63 gredi
1397 2875 211 63 divinum
1551 2875 288 63 praeceptum:
1782 2875 211 63 credens
1935 2875 115 63 et
1993 2875 231 63 appetens
2166 2875 135 63 dei

1292 2931 167 64 quandam
1413 2931 259 64 aequalitatem:
1626 2931 183 64 secundum
1763 2931 183 64 magstrum
1900 2931 91 64 in
1946 2931 91 64 ii
1991 2931 259 64 sententiarum.
2189 2931 61 64 Ta

1278 2977 116 67 li
1336 2977 233 67 quidesum
1510 2977 252 67 electione
1704 2977 136 67 aut
1782 2977 194 67 elegit
1917 2977 252 67 possibile
2111 2977 136 67 vel
2169 2977 78 67 im

1289 3044 264 62 possibile.
1497 3044 113 62 si
1553 3044 302 62 impossibile:
1798 3044 207 62 habetur
1949 3044 283 62 propositum.
2176 3044 113 62 si

1282 3084 276 95 possibile:
1499 3084 197 95 igitur
1637 3084 256 95 possibile
1834 3084 197 95 fusset
1972 3084 158 95 quod
2071 3084 158 95 ipsa
2149 3084 99 95 ha
