2550 3300
273 188 215 79 buisset
430 188 333 79 similitudinem
704 188 137 79 dei
782 188 137 79 cum
861 188 196 79 quadam
998 188 294 79 aequalitate

291 248 137 66 quia
376 248 120 66 hoc
445 248 205 66 appetuit
598 248 205 66 secundum
752 248 222 66 magistrum
923 248 290 66 sententiarum.
1145 248 102 66 Prae

286 302 186 61 terea
411 302 207 61 socius
556 302 124 61 in
618 302 311 61 respondendo
866 302 124 61 ad
929 302 228 61 quoddam
1074 302 186 61 argumen

274 356 134 51 tum
351 356 154 51 meum
447 356 134 51 quo
523 356 173 51 volui
639 356 211 51 probare
792 356 154 51 quod
888 356 154 51 homo
984 356 192 51 potest
1099 356 154 51 elige-

286 405 103 62 re
337 405 189 62 ratione
475 405 120 62 non
544 405 206 62 errantae
698 405 241 62 adnihilare
887 405 86 62 .
922 405 206 62 concedit
1076 405 137 62 quod
1162 405 120 62 hoc

277 467 133 55 est
353 467 171 55 verum
467 467 152 55 lege
563 467 209 55 mutata:
715 467 152 55 quae
810 467 152 55 nunc
905 467 133 55 est
981 467 114 55 de
1039 467 248 55 immortali

284 516 134 72 tate
368 516 185 72 animae.
503 516 235 72 Argumentum
687 516 134 72 fuit
772 516 151 72 tale:
872 516 151 72 omnie
973 516 134 72 quod
1057 516 168 72 potest
1158 516 84 72 iu-

274 578 191 56 dicari
407 578 95 56 a
445 578 210 56 ratione
598 578 133 56 non
674 578 210 56 errante
827 578 152 56 esse
922 578 191 56 medium
1055 578 114 56 ad
1113 578 172 56 beati

283 628 212 57 tudinem:
442 628 177 57 potest
566 628 159 57 eligi
672 628 88 57 a
708 628 194 57 ratione
849 628 124 57 non
920 628 212 57 errante:
1079 628 124 57 sed
1132 628 106 57 adn-

279 684 176 63 hilari
402 684 123 63 per
473 684 193 63 aliquot
613 684 140 63 dies
701 684 123 63 est
771 684 246 63 huiusmoni:
964 684 140 63 ergo
1052 684 140 63 etc.
1140 684 140 63 Rmen

283 740 114 69 det
348 740 163 69 socius
462 740 130 69 quod
543 740 147 69 istud
641 740 228 69 argumentum
820 740 114 69 non
886 740 114 69 est
951 740 163 69 contra
1065 740 130 69 eum:
1146 740 130 69 quia

269 799 210 60 posuit
416 799 168 60 quod
521 799 189 60 leges
647 799 168 60 nunc
752 799 273 60 institute
962 799 147 60 non
1025 799 210 60 mutentur

275 857 138 66 fsed
361 857 173 66 stante
482 857 138 66 lege
568 857 138 66 quae
655 857 138 66 nunc
741 857 138 66 est:
827 857 121 66 non
897 857 173 66 potest
1017 857 190 66 eligere
1156 857 121 66 non

279 914 171 66 esse.
393 914 133 66 Sed
469 914 190 66 contra
602 914 171 66 arguo
716 914 152 66 sic.
812 914 190 66 mutata
945 914 152 66 lege
1040 914 152 66 quae
1135 914 152 66 nunc

266 975 147 64 est:
357 975 147 64 homo
449 975 184 64 potest
578 975 202 64 eligere
725 975 129 64 non
798 975 165 64 esse:
908 975 129 64 sed
982 975 165 64 legem
1092 975 184 64 mutari

276 1027 131 56 est
351 1027 261 56 possibile:
556 1027 186 56 igitur
687 1027 205 56 hominem
836 1027 205 56 eligere
985 1027 131 56 non
1060 1027 149 56 esse
1153 1027 131 56 est

263 1076 283 62 possibile.
485 1076 263 62 Praeterea
687 1076 141 62 aut
768 1076 162 62 deus
869 1076 202 62 potest
1011 1076 283 62 adnihilare

281 1131 178 80 hominem
410 1131 113 80 vel
475 1131 129 80 non.
555 1131 97 80 si
604 1131 113 80 non
669 1131 81 80 :
701 1131 113 80 hoc
766 1131 113 80 est
830 1131 162 80 contra
943 1131 226 80 Augustinum
1121 1131 145 80 super

274 1195 125 72 Oen
345 1195 107 72 et
399 1195 178 72 contra
524 1195 214 72 Anselmus
684 1195 107 72 de
737 1195 178 72 libero
862 1195 160 72 arbi.
969 1195 107 72 c.
1022 1195 142 72 viii
1094 1195 142 72 volen-

271 1244 133 72 tes
347 1244 152 72 quod
442 1244 171 72 totam
557 1244 286 72 substantiam
785 1244 152 72 quam
880 1244 152 72 deus
975 1244 209 72 creavit
1128 1244 114 72 de
1166 1244 76 72 ni

271 1300 170 79 hilo:
384 1300 189 79 potest
516 1300 226 79 redigere
686 1300 113 79 in
743 1300 226 79 nihilum.
912 1300 113 79 Si
969 1300 151 79 sic:
1063 1300 189 79 igitur
1177 1300 75 79 ho

277 1364 186 70 minem
401 1364 289 70 adnihilari
629 1364 145 70 est
711 1364 289 70 possibile:
939 1364 165 70 ergo
1042 1364 145 70 non
1104 1364 145 70 impe-

274 1424 136 70 dit
351 1424 194 70 aliqua
487 1424 369 70 impossibilitas:
798 1424 155 70 quin
895 1424 175 70 sicut
1012 1424 155 70 homo
1090 1424 155 70 potest

279 1475 160 65 velle
386 1475 124 65 non
457 1475 160 65 esse:
564 1475 124 65 ita
635 1475 178 65 potest
759 1475 196 65 eligere
901 1475 124 65 non
972 1475 160 65 esse.
1061 1475 178 65 Praeter-

258 1524 136 72 ea
326 1524 272 72 christus
530 1524 204 72 dicit
666 1524 136 72 de
734 1524 204 72 Iuda.
869 1524 181 72 Mat.
982 1524 204 72 xxvi.
1096 1524 158 72 Ionum

262 1588 148 62 erat
355 1588 111 62 ei
411 1588 111 62 si
466 1588 167 62 natus
578 1588 130 62 non
652 1588 204 62 fuisset
800 1588 148 62 homo
893 1588 167 62 ille.
1004 1588 148 62 Unde
1097 1588 185 62 hiero.

259 1628 114 87 in
316 1628 170 87 glos.
429 1628 132 87 Non
505 1628 170 87 autem
619 1628 151 87 ideo
713 1628 227 87 putandum
883 1628 132 87 est
959 1628 132 87 eum
1035 1628 151 87 ante
1111 1628 132 87 fuis-

251 1695 110 68 se
306 1695 147 68 quam
397 1695 275 68 nasceretur:
617 1695 147 68 quia
709 1695 165 68 nulli
819 1695 183 68 potuit
947 1695 147 68 esse
1038 1695 147 68 bene
1130 1695 147 68 nisi

255 1755 108 64 li
309 1755 126 64 qui
381 1755 198 64 fuerit:
526 1755 126 64 sed
598 1755 271 64 simpliciter
814 1755 180 64 dictum
940 1755 126 64 est
1013 1755 180 64 melius
1139 1755 144 64 esse

254 1804 145 85 non
337 1804 290 85 subsistere
565 1804 166 85 quam
669 1804 166 85 male
773 1804 311 85 subsistere.
1022 1804 166 85 Idem
1125 1804 145 85 sup

264 1863 262 68 consimile
465 1863 221 68 verbum.
626 1863 181 68 Marci
747 1863 121 68 x.
807 1863 201 68 Melius
948 1863 141 68 est
1029 1863 161 68 enim
1129 1863 141 68 non

259 1923 166 58 esse
363 1923 166 58 quam
467 1923 125 58 ad
529 1923 249 58 tormenta
716 1923 187 58 esse.
841 1923 166 58 ideo
945 1923 291 58 Theophilus
1153 1923 83 58 de

241 1973 172 63 Iuda
348 1973 215 63 dicit.
498 1973 257 63 Postquam
691 1973 129 63 ad
756 1973 215 63 tantam
906 1973 236 63 deueuit
1077 1973 215 63 maliti

264 2034 121 57 am
324 2034 202 57 melius
466 2034 222 57 fuisset
627 2034 121 57 ei
688 2034 121 57 si
748 2034 182 57 natus
869 2034 141 57 non
950 2034 242 57 fuisset.
1132 2034 121 57 Et
1172 2034 81 57 li

267 2087 138 60 cet
346 2087 275 60 Augustinui
562 2087 177 60 inter
680 2087 177 60 alios
798 2087 197 60 sensus
936 2087 177 60 ponat
1054 2087 157 60 unum
1133 2087 98 60 son

266 2132 108 71 su
320 2132 216 71 moralem:
482 2132 108 71 et
537 2132 162 71 talem
645 2132 144 71 quod
735 2132 180 71 melius
861 2132 144 71 illi
951 2132 198 71 fuisset
1096 2132 108 71 si
1150 2132 126 71 non

253 2188 210 68 fuisset
406 2188 172 68 natus
520 2188 114 68 et
577 2188 210 68 vocatus
730 2188 114 68 ad
787 2188 229 68 aplatum:
959 2188 172 68 tamen
1073 2188 153 68 illo
1150 2188 95 68 sen

267 2241 122 74 su
328 2241 142 74 non
409 2241 263 74 obstante:
611 2241 203 74 habuit
753 2241 182 74 alium
874 2241 203 74 sensum
1016 2241 263 74 literalem

262 2300 172 77 sicut
376 2300 172 77 satis
491 2300 172 77 patet
605 2300 114 77 ex
662 2300 172 77 serie
777 2300 210 77 litere.
929 2300 248 77 Praeterea
1101 2300 133 77 quae-

256 2364 123 63 ro
317 2364 184 63 utrum
439 2364 204 63 possit
582 2364 163 63 esse
685 2364 163 63 vera
787 2364 225 63 electio
950 2364 225 63 sequens
1093 2364 143 63 iudi-

262 2419 153 64 cium
357 2419 229 64 erroneum
530 2419 115 64 an
587 2419 153 64 non:
683 2419 115 64 si
740 2419 153 64 sic:
835 2419 191 64 igitur
969 2419 210 64 ponatur
1122 2419 153 64 quod

260 2475 165 73 error
370 2475 129 73 sit
443 2475 184 73 tantus
572 2475 147 73 quod
664 2475 202 73 iudicet
811 2475 202 73 aliquid
958 2475 239 73 possibile
1141 2475 129 73 ess

251 2517 151 78 quod
345 2517 283 78 impossibile
571 2517 151 78 est.
666 2517 170 78 sicut
779 2517 113 78 si
835 2517 207 78 credere
986 2517 151 78 quod
1080 2517 188 78 possem

261 2588 266 54 edificare
465 2588 204 54 turrim
608 2588 143 54 quo
690 2588 123 54 se
751 2588 286 54 extenderet
976 2588 184 54 extra
1099 2588 184 54 celum

259 2635 186 72 sicut
383 2635 186 72 forte
508 2635 166 72 fuit
611 2635 124 72 de
673 2635 207 72 filiis
818 2635 145 72 soe
901 2635 166 72 post
1004 2635 269 72 diluvium.

260 2690 208 67 igitur
406 2690 208 67 possem
551 2690 145 67 hoc
634 2690 249 67 eligere.
821 2690 208 67 Narrat
966 2690 187 67 etiam
1091 2690 187 67 Sueto

266 2755 174 72 nius
375 2755 131 72 de
441 2755 174 72 Caio
549 2755 261 72 caligula
746 2755 196 72 libro
876 2755 153 72 suo
964 2755 131 72 de
1029 2755 196 72 vita.
1138 2755 87 72 xi

260 2811 202 64 cesarum
406 2811 165 64 sicut
516 2811 147 64 nunc
608 2811 238 64 occurrit:
791 2811 147 64 quod
883 2811 147 64 ipse
974 2811 183 64 iussit
1103 2811 165 64 balli

260 2855 233 69 starios
430 2855 127 69 et
493 2855 318 69 sagittarios
748 2855 255 69 dirigere
939 2855 170 69 tela
1045 2855 127 69 in
1087 2855 149 69 celum

264 2907 200 80 IIouem:
409 2907 145 80 quia
500 2907 200 80 pluerat
645 2907 109 80 in
700 2907 164 80 festo
809 2907 164 80 regi.
918 2907 109 80 Si
973 2907 200 80 dicatur
1118 2907 145 80 quod

264 2971 127 59 non
337 2971 127 59 est
409 2971 164 59 viera
519 2971 200 59 electio
664 2971 200 59 sequens
810 2971 218 59 iudicium
973 2971 237 59 erroneum:
1137 2971 91 59 igi

248 3022 150 69 tur
333 3022 279 69 sarraceni
548 3022 129 69 et
613 3022 215 69 pagani
763 3022 322 69 etcredentes
1021 3022 215 69 falsas
1150 3022 86 69 se

252 3093 161 78 ctas
352 3093 121 78 et
413 3093 221 78 propter
574 3093 181 78 illas
694 3093 181 78 multa
815 3093 281 78 facientes:
1036 3093 141 78 non
1116 3093 161 78 vere

1283 171 203 93 eligent
1430 171 111 93 in
1486 171 203 93 talibus
1634 171 222 93 actibus.
1800 171 111 93 Si
1856 171 203 93 dicatur
2004 171 148 93 quod
2096 171 185 93 Arites
2207 171 74 93 di

1284 260 125 63 cit
1356 260 143 63 iii.
1445 260 232 63 Ethicorum
1623 260 143 63 quod
1713 260 196 63 electio
1855 260 125 63 non
1927 260 125 63 est
1998 260 321 63 impossibilium.

1285 305 160 64 Dico
1385 305 160 64 quod
1485 305 160 64 vult
1585 305 200 64 dicere
1725 305 160 64 quod
1826 305 220 64 electio
1986 305 220 64 stricte
2146 305 120 64 ac
2186 305 80 64 ce

1293 364 143 63 pta:
1382 364 143 63 quae
1472 364 125 63 est
1543 364 250 63 immediatum
1739 364 250 63 principium
1936 364 214 63 operandi
2096 364 214 63 secundum

1292 420 290 71 electionem;
1524 420 136 71 non
1601 420 136 71 est
1679 420 155 71 nisi
1776 420 232 71 respectu
1950 420 194 71 illius
2085 420 155 71 quod
2163 420 116 71 cro-

1292 465 171 74 ditur
1406 465 152 74 esse
1501 465 265 74 possibile:
1709 465 152 74 quia
1804 465 190 74 nullus
1937 465 209 74 incipit
2088 465 114 74 se
2126 465 133 74 moue-

1283 531 110 59 re
1338 531 110 59 ad
1393 531 202 59 agendum
1539 531 128 59 vel
1613 531 293 59 consequendum
1851 531 202 59 aliquid
1998 531 147 59 quod
2090 531 128 59 pro
2163 531 147 59 tunc

1274 589 224 55 apparet
1436 589 305 55 impossibile
1680 589 183 55 sibi:
1802 589 163 55 quia
1904 589 142 55 sic
1985 589 183 55 simul
2107 589 122 55 et
2168 589 142 55 sub

1279 644 197 56 eadem
1410 644 306 56 intentione
1651 644 284 56 appareret
1869 644 240 56 aliquid
2044 644 175 56 sibi
2131 644 153 56 possi

1287 692 143 71 bile
1377 692 107 71 et
1430 692 287 71 impossibile:
1663 692 125 71 sed
1735 692 161 71 certo
1842 692 197 71 aliquis
1985 692 179 71 potest
2111 692 161 71 velle
2200 692 72 71 il

1286 748 132 70 lud
1361 748 150 70 quod
1455 748 150 70 scit
1550 748 150 70 esse
1644 748 301 70 impossibile:
1888 748 113 70 et
1944 748 169 70 velle
2057 748 169 70 illud
2170 748 150 70 esse

1287 812 239 54 possibile
1470 812 110 54 et
1526 812 184 54 verum.
1654 812 129 54 Sic
1728 812 184 54 igitur
1856 812 202 54 videtur
2003 812 147 54 quod
2095 812 147 54 homo
2169 812 110 54 pos-

1283 866 126 64 sit
1355 866 198 64 eligere
1499 866 126 64 non
1570 866 162 64 esse:
1678 866 144 64 quia
1768 866 198 64 hominem
1912 866 126 64 non
1984 866 144 64 esse
2073 866 126 64 non
2145 866 126 64 est
2199 866 72 64 im

1277 924 260 63 possibile:
1482 924 111 63 vt
1537 924 260 63 manifestum
1742 924 149 63 est:
1834 924 149 63 quod
1927 924 167 63 tamen
2039 924 186 63 socius
2169 924 149 63 ille

1278 982 239 62 assignat
1457 982 279 62 potissimum
1676 982 139 62 pro
1756 982 219 62 ratione
1915 982 179 62 quare
2035 982 139 62 non
2115 982 199 62 potest

1290 1032 175 77 eligi:
1412 1032 140 77 quia
1499 1032 122 77 est
1569 1032 280 77 impossibile.
1796 1032 192 77 Tertio:
1936 1032 157 77 sicut
2041 1032 157 77 alias
2146 1032 157 77 osten

1283 1083 125 80 di:
1355 1083 125 80 vel
1426 1083 143 80 opet
1516 1083 233 80 concedere
1695 1083 143 80 quod
1785 1083 233 80 Augutinus
1964 1083 125 80 ibi
2036 1083 161 80 dicat
2126 1083 143 80 contra

1276 1149 241 70 dictoria:
1462 1149 130 70 vel
1536 1149 148 70 quod
1629 1149 222 70 intendit
1796 1149 185 70 dicere
1925 1149 148 70 quod
2018 1149 148 70 homo
2111 1149 185 70 possit

1282 1210 187 72 eligere
1418 1210 119 72 non
1486 1210 153 72 esse.
1589 1210 119 72 Nam
1657 1210 204 72 expresse
1810 1210 153 72 dicit
1912 1210 204 72 capitulo
2066 1210 136 72 xiii
2151 1210 136 72 quod

1284 1260 165 65 forte
1394 1260 147 65 sunt
1485 1260 183 65 aliqui
1614 1260 238 65 gentiles:
1797 1260 128 65 qui
1871 1260 128 65 cum
1944 1260 110 65 se
1999 1260 312 65 interemerunt:

1274 1324 316 63 crediderunt
1527 1324 126 63 se
1590 1324 211 63 omnino
1737 1324 211 63 nullos
1885 1324 253 63 futuros:
2074 1324 126 63 et
2117 1324 147 63 tamen

1277 1378 261 64 elegerunt
1478 1378 121 64 se
1538 1378 302 64 interimere.
1780 1378 161 64 Item
1880 1378 221 64 capiu.o
2041 1378 141 64 xii
2121 1378 141 64 Qui
2182 1378 80 64 ma

1283 1436 151 62 gits
1377 1436 151 62 vult
1472 1436 132 62 non
1547 1436 151 62 esse
1642 1436 113 62 ne
1698 1436 170 62 miser
1811 1436 151 62 sit:
1906 1436 151 62 quia
2000 1436 132 62 non
2075 1436 151 62 esse
2170 1436 132 62 non

1285 1495 179 72 potest:
1415 1495 163 72 restat
1529 1495 98 72 ut
1578 1495 147 72 miser
1676 1495 130 72 sit.
1758 1495 212 72 Praeterea
1921 1495 196 72 secundum
2067 1495 228 72 Augustinum

1277 1549 134 62 xii
1353 1549 115 62 de
1411 1549 249 62 trinitate
1602 1549 115 62 et
1660 1549 191 62 multis
1794 1549 172 62 aliis
1908 1549 191 62 locis.
2042 1549 230 62 Miseriam
2195 1549 77 62 ne

1281 1604 106 63 mo
1334 1604 176 63 potest
1458 1604 176 63 velle.
1581 1604 106 63 Et
1634 1604 212 63 secundum
1793 1604 212 63 Anselmus
1952 1604 106 63 de
2004 1604 141 63 casu
2093 1604 212 63 diaboli.

1284 1659 143 65 pit.
1373 1659 161 65 xxii.
1481 1659 143 65 Nemo
1570 1659 179 65 potest
1695 1659 161 65 velle
1802 1659 214 65 scienter
1963 1659 143 65 vnde
2052 1659 161 65 miser
2159 1659 143 65 sit.

1287 1701 190 79 gitur
1414 1701 106 79 a
1456 1701 190 79 multo
1583 1701 254 79 fortiori
1773 1701 148 79 nec
1857 1701 275 79 miseriam.
2069 1701 232 79 Ponatur

1288 1755 179 78 gitur
1407 1755 159 78 quod
1507 1755 159 78 deus
1606 1755 219 78 diabolo
1766 1755 219 78 tribuat
1925 1755 279 78 electionem
2144 1755 159 78 isto

1284 1828 137 56 rum
1363 1828 215 56 duorum.
1519 1828 254 56 videlicet
1715 1828 137 56 vel
1793 1828 274 56 adnihilari
2008 1828 137 56 vel
2086 1828 156 56 esse
2164 1828 98 56 mi-

1273 1876 193 71 serum:
1408 1876 116 71 et
1466 1876 251 71 relinquat
1659 1876 154 71 eius
1755 1876 212 71 naturam
1910 1876 116 71 in
1968 1876 212 71 propria
2122 1876 174 71 liber

1280 1931 173 64 tate:
1395 1931 231 64 sequitur
1569 1931 154 64 quod
1665 1931 212 64 neutrum
1819 1931 212 64 istorum
1973 1931 212 64 poterit
2108 1931 154 64 elige-

1273 1996 133 72 re.
1349 1996 152 72 quod
1444 1996 190 72 dicere
1577 1996 133 72 est
1653 1996 190 72 multum
1787 1996 342 72 irrationabile:
2072 1996 228 72 sequitur

1272 2052 159 64 enim
1372 2052 159 64 quod
1471 2052 159 64 idem
1571 2052 179 64 summe
1690 2052 159 64 odit
1790 2052 259 64 miseriam:
1989 2052 120 64 et
2049 2052 159 64 sume
2148 2052 159 64 odit

1276 2100 122 62 non
1345 2100 139 62 esse
1432 2100 104 62 in
1484 2100 208 62 miseria.
1640 2100 139 62 quod
1727 2100 191 62 videtur
1866 2100 226 62 includere
2022 2100 243 62 contradictio

1269 2155 169 64 nem:
1375 2155 127 64 et
1438 2155 169 64 ideo
1544 2155 127 64 si
1607 2155 190 64 summe
1734 2155 169 64 odit
1839 2155 275 64 miseriam:
2051 2155 190 64 nihil
2156 2155 106 64 tan

1270 2212 134 62 tum
1346 2212 172 62 odit.
1461 2212 268 62 Praeterea.
1671 2212 153 62 quod
1767 2212 153 62 homo
1863 2212 172 62 debet
1977 2212 172 62 magis
2092 2212 210 62 eligere

1281 2267 123 64 non
1352 2267 141 64 esse
1440 2267 106 64 in
1493 2267 194 64 miseria
1633 2267 141 64 quam
1721 2267 123 64 sic
1792 2267 141 64 esse
1880 2267 106 64 in
1932 2267 211 64 miseria:
2091 2267 106 64 si
2143 2267 141 64 sibi

1264 2326 94 61 a
1302 2326 132 61 deo
1377 2326 169 61 detur
1490 2326 226 61 electio:
1660 2326 188 61 probo:
1791 2326 151 61 quia
1885 2326 169 61 miser
1998 2326 245 61 inquantum
2187 2326 113 61 ta

1275 2373 137 76 lis
1354 2373 157 76 odit
1452 2373 177 76 deum.
1570 2373 118 76 et
1629 2373 196 76 peccat
1766 2373 255 76 continue:
1963 2373 157 76 quia
2061 2373 157 76 pena
2159 2373 137 76 non

1270 2427 182 82 facit
1391 2427 242 82 miseriam
1573 2427 162 82 sine
1674 2427 202 82 culpa:
1815 2427 121 82 et
1875 2427 182 82 miser
1997 2427 162 82 scit
2098 2427 121 82 se
2158 2427 141 82 non

1267 2492 148 65 esse
1360 2492 260 65 liberandum
1564 2492 93 65 a
1601 2492 204 65 miseria
1750 2492 148 65 nisi
1843 2492 130 65 per
1917 2492 130 65 non
1991 2492 167 65 esse.
2103 2492 186 65 Stante

1265 2544 182 81 igitur
1392 2544 145 81 isto
1483 2544 236 81 dictamine
1664 2544 109 81 in
1719 2544 163 81 mente
1828 2544 218 81 hominis:
1991 2544 127 81 vel
2063 2544 145 81 quod
2136 2544 109 81 pec-

1268 2604 147 71 cabit
1366 2604 98 71 in
1415 2604 229 71 perpetuum:
1594 2604 114 71 vel
1659 2604 131 71 quod
1741 2604 261 71 adnihiletur:
1953 2604 163 71 quaero
2067 2604 131 71 quid
2149 2604 131 71 isto

1264 2661 153 74 rum
1352 2661 219 74 debeat
1505 2661 219 74 velle:
1658 2661 131 74 si
1724 2661 329 74 adnihilari:
1987 2661 197 74 habeo
2097 2661 153 74 propo

1260 2710 174 77 situm.
1382 2710 105 77 si
1434 2710 139 77 esse
1521 2710 209 77 miserum:
1678 2710 157 77 debet
1782 2710 192 77 eligere
1921 2710 105 77 in
1974 2710 209 77 aeternum
2113 2710 122 77 pecca

1266 2762 118 73 re:
1334 2762 101 73 et
1384 2762 269 73 aeternaliter
1603 2762 152 73 odire
1704 2762 152 73 deum.
1805 2762 168 73 igitur
1923 2762 118 73 hoc
1990 2762 152 73 debet
2091 2762 185 73 eligere

1264 2818 203 76 secundum
1416 2818 169 76 rectam
1535 2818 220 76 rationem.
1704 2818 119 76 sed
1772 2818 169 76 nullus
1890 2818 169 76 peccat
2009 2818 102 76 in
2060 2818 203 76 sequendo

1254 2876 162 75 illud
1362 2876 144 75 quod
1452 2876 162 75 recte
1560 2876 180 75 eligit
1686 2876 270 75 exequendum:
1902 2876 144 75 ergo
1992 2876 162 75 istae
2100 2876 108 75 in
2136 2876 108 75 pec-

1263 2922 180 81 cando
1383 2922 140 81 non
1463 2922 220 81 peccat:
1623 2922 160 81 quod
1723 2922 140 81 est
1802 2922 320 81 impossibile.
2062 2922 180 81 Istud
2162 2922 80 81 un

1272 2989 186 69 directe
1407 2989 169 69 contra
1526 2989 186 69 socium:
1661 2989 118 69 qui
1729 2989 152 69 dicit
1830 2989 135 69 quod
1915 2989 186 69 deberet
2050 2989 169 69 citius
2151 2989 85 69 vel

1251 3031 121 90 le
1311 3031 222 90 peccare
1473 3031 121 90 in
1533 3031 242 90 aeternum
1715 3031 121 90 et
1775 3031 222 90 damnari
1937 3031 161 90 quam
2037 3031 242 90 adnihila

1262 3100 126 91 xi.
1334 3100 252 91 Praeterea.
1532 3100 198 91 damnati
1676 3100 108 91 de
1730 3100 162 91 facto
1837 3100 198 91 vellent
1981 3100 126 91 non
2053 3100 144 91 ess:
2143 3100 144 91 ergo
