2550 3300
296 181 131 60 lis
371 181 243 60 conservat
558 181 299 60 legisiatoris
801 181 262 60 praecepta.
1007 181 150 60 TLex
1101 181 150 60 enim
1175 181 94 60 num

302 237 144 63 quod
392 237 234 63 principit
572 237 198 63 hominem
716 237 180 63 occidi
842 237 144 63 nisi
932 237 198 63 propter
1076 237 162 63 bonum
1184 237 126 63 rei

302 291 278 64 publicae.
516 291 128 64 et
580 291 128 64 si
644 291 193 64 illud
773 291 193 64 bonum
901 291 150 64 vel
987 291 193 64 maius
1115 291 193 64 bonum

300 356 204 61 possit
442 356 244 61 obtinere
626 356 163 61 sine
727 356 183 61 morte
850 356 346 61 malefactorum:
1135 356 163 61 quod

295 403 157 54 bonam
399 403 262 54 consequitur
609 403 244 54 respublica
801 403 227 54 propaitur
975 403 175 54 mortem
1097 403 157 54 suam:
1202 403 105 54 et

297 452 142 63 sibi
386 452 249 63 constaret:
581 452 195 63 numquam
723 452 213 63 dictaret
883 452 142 63 esse
972 452 195 63 hominem
1096 452 178 63 occidemn

293 517 146 66 dum.
384 517 128 66 Est
457 517 165 66 autem
567 517 238 66 possibile
750 517 110 66 in
805 517 165 66 casu:
915 517 146 66 quod
1006 517 146 66 iste
1097 517 201 66 fugiens

294 567 255 60 melioretur
494 567 128 60 per
567 567 164 60 vitam
677 567 109 60 et
731 567 128 60 per
804 567 182 60 merita
932 567 128 60 qua
1005 567 146 60 post
1096 567 201 60 faciet:

289 627 206 73 plusque
439 627 131 73 per
514 627 188 73 mortem
646 627 206 73 illatam
796 627 319 73 corrigeretur.
1059 627 113 73 et
1115 627 131 73 est
1171 627 94 73 pos

290 688 197 51 sibile
428 688 158 51 quod
527 688 197 51 plures
665 688 296 51 corrigantur
902 688 118 51 et
961 688 99 51 a
1001 688 276 51 malericiis
1198 688 79 51 re

292 739 175 63 trahant
420 739 112 63 per
483 739 144 63 vitam
579 739 128 63 suam
659 739 128 63 quam
739 739 112 63 per
802 739 223 63 supplicium
978 739 144 63 suum:
1074 739 128 63 ergo
1153 739 96 63 in
1201 739 96 63 ta

295 795 119 56 li
355 795 159 56 casu
454 795 159 56 sibi
553 795 178 56 licet
672 795 139 56 hoc
751 795 218 56 facere:
909 795 258 56 videlicet
1088 795 178 56 decuna-

302 842 107 65 re
356 842 178 65 mortem
480 842 125 65 per
552 842 160 65 fugam
659 842 143 65 sine
748 842 196 65 iniuria
891 842 214 65 proximi.
1051 842 125 65 Sed
1122 842 178 65 contra

304 903 144 68 illud
400 903 160 68 dictum
512 903 160 68 arguit
624 903 128 68 ille
704 903 160 68 socius
817 903 128 68 sic.
897 903 128 68 quia
977 903 160 68 contra
1089 903 112 68 ius
1153 903 96 68 et
1185 903 80 68 iu-

302 956 198 63 stitiam
446 956 162 63 fiunt
554 956 216 63 viribus:
716 956 126 63 non
788 956 270 63 subsistunt.
1004 956 126 63 eum
1076 956 108 63 de
1130 956 108 63 re
1166 956 90 63 iu.

290 1012 98 63 li
339 1012 98 63 vi
387 1012 146 63 sicut
485 1012 179 63 dicitri
615 1012 163 63 textu:
729 1012 130 63 quie
810 1012 163 63 negari
924 1012 114 63 non
989 1012 163 63 potest
1102 1012 114 63 sed
1167 1012 130 63 iste

298 1067 115 75 per
363 1067 148 75 casum
462 1067 148 75 iuste
561 1067 115 75 est
627 1067 198 75 damnatus
775 1067 99 75 ad
825 1067 181 75 mortem:
956 1067 165 75 igitur
1072 1067 165 75 contra
1171 1067 82 75 iu-

295 1131 207 57 stitiam
446 1131 132 57 est
521 1131 151 57 quod
615 1131 132 57 ipe
691 1131 188 57 mortem
823 1131 207 57 euadat.
973 1131 264 57 Praeterea.
1181 1131 113 57 si

295 1186 121 66 io
355 1186 221 66 liceret
516 1186 201 66 mortem
657 1186 281 66 declinare:
878 1186 161 66 quia
979 1186 201 66 posset
1119 1186 181 66 penam

296 1251 195 48 mortis
432 1251 117 48 in
490 1251 214 48 aliquid
646 1251 195 48 melius
783 1251 136 48 rei
860 1251 234 48 publicae
1036 1251 253 48 commutare

295 1300 200 67 sequitur
445 1300 133 67 quod
529 1300 133 67 scti
612 1300 200 67 martures
762 1300 200 67 dictante
912 1300 150 67 eorum
1012 1300 183 67 conscia
1145 1300 133 67 quod

315 1355 174 56 esset
431 1355 251 56 moriendum
624 1355 135 56 pro
701 1355 231 56 christo:
874 1355 212 56 possent
1029 1355 212 56 fugisse
1164 1355 96 56 mor

291 1413 162 65 tem:
392 1413 122 65 et
453 1413 162 65 plus
555 1413 284 65 meruissent
778 1413 122 65 si
839 1413 203 65 plures
981 1413 183 65 pplos
1103 1413 122 65 ad
1143 1413 122 65 chri

301 1468 132 76 stum
384 1468 297 76 convertissent:
632 1468 99 76 et
682 1468 182 76 maiorem
814 1468 231 76 potestatem
996 1468 165 76 ecclie
1095 1468 165 76 acquisi-

299 1521 181 79 uissent:
434 1521 211 79 consequens
600 1521 150 79 falsum
705 1521 120 79 quia
781 1521 120 79 tunc
856 1521 196 79 peccasset
1006 1521 271 79 contraconsciam

295 1580 131 66 Iono
377 1580 148 66 ticet
475 1580 164 66 secius
590 1580 131 66 ille
672 1580 131 66 quod
754 1580 99 66 in
804 1580 148 66 nullo
902 1580 131 66 casu
984 1580 164 66 potest
1099 1580 181 66 damnat:

300 1631 119 60 ad
360 1631 199 60 mortem
499 1631 219 60 fugere:
659 1631 339 60 quantumcumque
937 1631 159 60 vita
1037 1631 139 60 sua
1117 1631 179 60 esset

297 1691 196 63 utilis
435 1691 216 63 ecclie:
592 1691 157 63 nisi
690 1691 157 63 fiat
789 1691 157 63 sibi
887 1691 196 63 spalis
1024 1691 275 63 reuelatio:

293 1748 112 58 vel
357 1748 128 58 nisi
437 1748 128 58 fiat
516 1748 175 58 senmiae
644 1748 223 58 reuocatio:
819 1748 112 58 sed
883 1748 144 58 debet
979 1748 144 58 omnia
1075 1748 159 58 potius
1186 1748 96 58 to

289 1792 193 67 lerare
424 1792 154 67 mala
520 1792 154 67 quam
617 1792 154 67 tali
713 1792 154 67 fuge
809 1792 289 67 consentire.
1041 1792 116 67 Et
1099 1792 193 67 quando

296 1867 168 64 casus
408 1867 131 64 sic
483 1867 168 64 ponit
595 1867 149 64 quod
689 1867 262 64 executores
894 1867 205 64 iudicii
1044 1867 131 64 qui
1100 1867 149 64 hosunt

286 1909 212 77 complere
446 1909 248 77 iustitiam:
640 1909 195 77 tardant
782 1909 124 77 nec
853 1909 212 77 veniunt:
1012 1909 106 77 et
1065 1909 230 77 quaeritur

283 1978 114 60 an
340 1978 228 60 teneatur
511 1978 133 60 eos
586 1978 265 60 expectare:
795 1978 133 60 cum
871 1978 133 60 sit
947 1978 228 60 solutus:
1117 1978 114 60 et
1155 1978 95 60 pos

288 2025 124 75 sit
359 2025 142 75 sine
448 2025 195 75 iniuria
589 2025 195 75 proximi
731 2025 195 75 fugere:
873 2025 124 75 ita
944 2025 142 75 quod
1032 2025 177 75 nullus
1156 2025 124 75 per

278 2084 172 55 fugam
392 2084 363 55 damnificabitur.
698 2084 191 55 Rsndet
831 2084 153 55 quod
927 2084 114 55 in
984 2084 153 55 tali
1079 2084 153 55 casu
1156 2084 95 55 nul

277 2133 101 62 lo
328 2133 135 62 modo
412 2133 236 62 plectendus
597 2133 152 62 debet
699 2133 185 62 seipsum
833 2133 236 62 trucidare:
1019 2133 101 62 de
1069 2133 135 62 quae
1154 2133 118 62 non

281 2197 124 70 est
352 2197 196 70 dubium:
495 2197 124 70 sed
566 2197 196 70 tenetur
708 2197 196 70 mittere
850 2197 124 70 vel
921 2197 284 70 personaliter
1134 2197 107 70 adi-

279 2244 101 63 re
330 2244 201 63 iudicem:
480 2244 101 63 et
531 2244 235 63 protestari
715 2244 151 63 coram
815 2244 101 63 eo
866 2244 134 63 quod
949 2244 184 63 peratus
1083 2244 117 63 est
1134 2244 117 63 subi-

285 2307 111 57 re
340 2307 258 57 iustitiam:
543 2307 111 57 et
598 2307 148 57 tunc
690 2307 148 57 fiet
783 2307 111 57 de
838 2307 111 57 eo
893 2307 148 57 quod
986 2307 129 57 ide
1059 2307 221 57 voluerit

286 2364 266 66 ordinare.
490 2364 123 66 Ad
552 2364 164 66 unam
654 2364 184 66 aliam
777 2364 246 66 rationem
961 2364 164 66 quam
1064 2364 164 66 feci
1146 2364 102 66 pro

281 2428 135 54 me
348 2428 135 54 de
415 2428 225 54 homine
573 2428 247 54 damnato
753 2428 135 54 ad
820 2428 292 54 moriendum
1045 2428 180 54 fame
1135 2428 112 54 cui

284 2476 160 55 iuxta
391 2476 196 55 ponitur
534 2476 178 55 panis:
658 2476 160 55 talis
765 2476 178 55 potest
890 2476 196 55 licitae
1032 2476 249 55 prolongare

289 2539 184 59 vitam
411 2539 163 59 suam
513 2539 286 59 commedendo
738 2539 204 59 panem:
881 2539 122 59 et
942 2539 143 59 sic
1023 2539 265 59 declinare

281 2595 187 48 mortem
412 2595 150 48 sibi
506 2595 224 48 inictam:
674 2595 187 48 igitur
805 2595 150 48 pari
899 2595 206 48 ratione
1048 2595 206 48 fugere:
1179 2595 75 48 ne

277 2652 108 56 gat
338 2652 278 56 consequentiam.
570 2652 185 56 concedit
709 2652 139 56 tamen
802 2652 124 56 quod
879 2652 124 56 ante
956 2652 155 56 iustam
1049 2652 201 56 condemnatio

275 2707 131 48 nem
350 2707 207 48 licitum
501 2707 150 48 fuit
595 2707 113 48 ei
651 2707 207 48 fugere:
801 2707 113 48 si
858 2707 188 48 potuit
989 2707 150 48 sine
1083 2707 207 48 iniuria

280 2754 223 78 cuiusque:
451 2754 120 78 sed
520 2754 120 78 non
588 2754 206 78 postquam
742 2754 223 78 sententia
914 2754 120 78 est
982 2754 137 78 lata
1068 2754 86 78 a
1085 2754 154 78 iudice-

276 2812 121 55 Sed
345 2812 156 55 istis
449 2812 121 55 non
518 2812 260 55 obstantibus
727 2812 295 55 considerandum
969 2812 121 55 est
1039 2812 139 55 quod
1126 2812 121 55 ali
1178 2812 69 55 iu

282 2868 209 55 dicandum
439 2868 122 55 est
508 2868 105 55 de
561 2868 157 55 iusto
665 2868 174 55 namli:
787 2868 105 55 et
840 2868 174 55 aliter
962 2868 105 55 de
1014 2868 157 55 iusto
1101 2868 140 55 legali

288 2920 129 73 sicut
374 2920 129 73 patet
460 2920 101 73 per
518 2920 216 73 Aristoteles
690 2920 86 73 v.
733 2920 187 73 Ethicorum
877 2920 172 73 capitulo
1006 2920 72 73 x
1035 2920 86 73 de
1078 2920 129 73 epul:
1164 2920 101 73 eia

278 2972 158 63 Iustum
389 2972 127 63 enim
468 2972 143 63 namle
563 2972 158 63 nullam
674 2972 174 63 patitur
801 2972 238 63 instantiam:
991 2972 111 63 sed
1054 2972 158 63 vliter
1149 2972 95 63 omni

284 3031 131 59 casu
365 3031 131 59 tet.
447 3031 163 59 Iustum
562 3031 163 59 legale
676 3031 163 59 vliter
790 3031 196 59 statutum
937 3031 131 59 est:
1019 3031 114 59 sed
1085 3031 147 59 tamen
1183 3031 98 59 in

275 3090 201 81 casibus
421 3090 330 81 particularibus
696 3090 128 81 non
769 3090 201 81 expedit
916 3090 238 81 quandoque
1099 3090 110 81 vt
1135 3090 92 81 obi

1307 187 178 72 uetur.
1432 187 107 72 et
1485 187 143 72 ideo
1574 187 107 72 ep
1628 187 125 72 ulr
1699 187 125 72 eia
1770 187 125 72 est
1842 187 232 72 directiva
2020 187 160 72 iusti
2127 187 196 72 legalis

1316 236 193 71 secundum
1460 236 161 71 iustum
1573 236 144 71 nale:
1669 236 128 71 quia
1749 236 225 71 legisiator
1926 236 112 71 est
1990 236 96 71 in
2038 236 128 71 tali
2118 236 128 71 casu
2183 236 96 71 par-

1299 294 221 70 ticulari
1465 294 129 70 qui
1538 294 148 70 raro
1631 294 221 70 contigit
1797 294 92 70 /
1833 294 184 70 aliter
1962 294 240 70 ordinaret
2147 294 111 70 si
2184 294 92 70 pos

1306 347 152 80 set:
1401 347 171 80 sicut
1515 347 114 80 in
1571 347 209 80 quaedam
1723 347 228 80 ciuitate
1894 347 152 80 fuit
1989 347 228 80 statutum
2159 347 133 80 sub
2216 347 76 80 pe

1301 412 126 55 na
1364 412 231 55 capitis
1532 412 168 55 quod
1636 412 231 55 pegrini
1804 412 147 55 non
1888 412 314 55 ascenderent
2139 412 189 55 muros

1306 460 262 70 ciuitatis:
1512 460 112 70 ne
1568 460 243 70 videlicet
1756 460 206 70 possent
1905 460 243 70 ciuitatis
2093 460 225 70 dicentum

1297 515 259 72 viurpare.
1497 515 240 72 contigit
1676 515 140 72 aut
1756 515 220 72 hointes
1916 515 220 72 irruere
2075 515 120 72 in
2115 515 160 72 ciuita

1302 572 171 70 tem:
1408 572 235 70 pegrini
1579 572 320 70 ascendentes
1836 572 192 70 muros
1964 572 278 70 ciuitatis
2156 572 128 70 ciui

1294 627 152 73 tate
1389 627 285 73 defenderunt
1617 627 95 73 .
1655 627 209 73 constat
1806 627 152 73 quod
1901 627 133 73 non
1977 627 133 73 est
2053 627 190 73 iustum
2186 627 133 73 eos

1288 677 273 78 interfici:
1503 677 156 78 quia
1601 677 234 78 repugnat
1776 677 156 78 iuri
1874 677 254 78 naturali.
2069 677 156 78 quia
2167 677 156 78 tunc

1301 739 178 71 aliquis
1430 739 113 71 pro
1495 739 227 71 peqenficio
1673 739 227 71 puniretur:
1851 739 97 71 et
1900 739 129 71 ideo
1981 739 162 71 habens
2094 739 210 71 epvlreiam

1296 795 164 73 debet
1405 795 219 73 dirigere
1570 795 183 73 iustnm
1697 795 183 73 legale
1825 795 219 73 secundum
1989 795 128 73 ius
2062 795 237 73 naturale:

1289 852 113 72 et
1346 852 227 72 iudicare
1516 852 151 72 quod
1610 852 132 72 lex
1686 852 227 72 positiva
1856 852 170 72 capit
1970 852 265 72 instantiam
2177 852 113 72 in
2215 852 57 72 b

1307 908 138 87 casu.
1399 908 108 87 nec
1460 908 123 87 ioeo
1537 908 92 87 et
1584 908 185 87 peccatum
1722 908 77 87 i
1753 908 169 87 legibus
1876 908 123 87 quae
1953 908 108 87 sic
2014 908 292 87 vliterloquuntur

1305 964 110 79 et
1360 964 220 79 patiutur
1525 964 165 79 tamen
1635 964 239 79 istantiam
1818 964 110 79 in
1873 964 294 79 paucioribus.
2112 964 128 79 nec
2185 964 128 79 est

1299 1021 219 78 peccatum
1463 1021 292 78 legisatoris:
1700 1021 128 78 sed
1773 1021 219 78 peccatum
1938 1021 183 78 oritur
2065 1021 110 78 ex
2120 1021 183 78 natura

1287 1083 228 72 materie
1453 1083 186 72 circa
1577 1083 166 72 quam
1681 1083 207 72 legens
1826 1083 228 72 ponunt:
1991 1083 166 72 quae
2095 1083 228 72 materia

1292 1124 127 88 est
1365 1124 218 88 operatio
1528 1124 200 88 hunana:
1674 1124 109 88 in
1729 1124 127 88 qua
1802 1124 146 88 raro
1893 1124 218 88 contigit
2057 1124 182 88 vliter
2166 1124 109 88 dice

1293 1196 103 79 re
1344 1196 172 79 verum.
1465 1196 120 79 hoc
1533 1196 189 79 cirist.
1671 1196 189 79 ibidem.
1808 1196 120 79 vnd
1877 1196 223 79 concludit
2049 1196 137 79 quod
2135 1196 103 79 ep
2169 1196 103 79 vlre

1291 1252 112 72 les
1355 1252 96 72 id
1403 1252 112 72 est
1467 1252 160 72 habens
1580 1252 192 72 virtutem
1724 1252 224 72 directivam
1900 1252 144 72 legis
1996 1252 192 72 secundum
2141 1252 160 72 iustum

1292 1307 211 64 naturale
1450 1307 88 64 /
1486 1307 123 64 non
1556 1307 140 64 sper
1644 1307 158 64 debet
1749 1307 176 64 exequi
1872 1307 228 64 iustitiam
2047 1307 105 64 ad
2082 1307 176 64 deterius

1281 1363 103 82 i
1323 1363 124 82 ad
1384 1363 268 82 puniendum
1590 1363 165 82 ncut
1693 1363 165 82 illi
1796 1363 144 82 qui
1879 1363 144 82 sut
1961 1363 206 82 rigidi
2105 1363 124 82 in
2146 1363 124 82 puni

1290 1413 192 86 entdo:
1424 1413 135 86 sed
1501 1413 173 86 debet
1617 1413 250 86 diminuere
1809 1413 211 86 poenas:
1962 1413 211 86 quodvis
2116 1413 192 86 habeat

1280 1468 192 80 legen
1408 1468 299 80 adivuantem
1643 1468 128 80 in
1707 1468 257 80 puniendo
1900 1468 128 80 et
1964 1468 128 80 ad
2028 1468 278 80 puniendum

1294 1533 137 81 quia
1379 1533 137 81 pene
1465 1533 120 81 non
1533 1533 137 81 sunt
1619 1533 188 81 propter
1756 1533 103 81 se
1807 1533 205 81 intente:
1961 1533 120 81 sed
2029 1533 137 81 sunt
2115 1533 188 81 quansdo

1287 1587 278 80 medicine.
1501 1587 171 80 Unde
1608 1587 129 80 ep
1672 1587 236 80 vureies
1844 1587 150 80 non
1929 1587 171 80 plus
2036 1587 236 80 appetit
2186 1587 86 80 de

1298 1636 167 80 pena:
1410 1636 149 80 quam
1503 1636 130 80 sit
1578 1636 298 80 necessarium.
1819 1636 112 80 ad
1875 1636 223 80 peccatum
2043 1636 261 80 cohibendum

1282 1701 134 70 Cum
1358 1701 153 70 igit
1454 1701 114 70 ad
1511 1701 267 70 propositum
1721 1701 210 70 nostrum
1873 1701 153 70 iste
1969 1701 267 70 malesactor
2179 1701 134 70 sit

1291 1748 113 79 in
1348 1748 244 79 proposito
1535 1748 188 79 nostro
1667 1748 150 79 prio
1761 1748 113 79 ad
1817 1748 338 79 recompensandum
2099 1748 207 79 aliquid

1290 1812 205 69 utilius
1440 1812 149 69 quod
1533 1812 131 69 sit
1608 1812 149 69 mors
1701 1812 131 69 sua
1776 1812 131 69 rei
1850 1812 224 69 publicae
2018 1812 112 69 et
2074 1812 149 69 sibi
2149 1812 112 69 ipsi

1287 1868 140 80 nec
1367 1868 160 80 fuga
1467 1868 140 80 sua
1547 1868 200 80 alicui
1687 1868 240 80 virtitur
1868 1868 120 80 in
1928 1868 300 80 priudicium.
2148 1868 120 80 Dico

1290 1924 142 70 quod
1379 1924 196 70 licitae
1521 1924 178 70 potest
1646 1924 178 70 mortem
1770 1924 231 70 decliare:
1948 1924 124 70 vel
2019 1924 89 70 a
2054 1924 231 70 suspendio

1274 1972 206 79 fugere
1419 1972 227 79 propter
1584 1972 351 79 meliorationem
1873 1972 206 79 vitae.
2017 1972 124 79 Ad
2079 1972 206 79 primum

1288 2036 266 80 argumentum
1497 2036 114 80 in
1554 2036 247 80 oppositum
1744 2036 190 80 quando
1876 2036 190 80 arguit
2009 2036 133 80 per
2085 2036 171 80 illam
2180 2036 76 80 re

1286 2091 158 73 guiam:
1397 2091 111 73 quo
1460 2091 158 73 contra
1571 2091 111 73 ius
1634 2091 95 73 et
1681 2091 205 73 iustitiam
1839 2091 142 73 fiunt
1934 2091 190 73 viribus:
2076 2091 111 73 non
2139 2091 142 73 subsi

1286 2149 184 75 itunt.
1414 2149 147 75 dico
1506 2149 147 75 quod
1598 2149 147 75 illa
1690 2149 184 75 regula
1819 2149 129 75 non
1892 2149 202 75 habetur
2039 2149 129 75 exa
2113 2149 110 75 de
2168 2149 129 75 re.

1280 2204 108 71 iu.
1341 2204 139 71 sicut
1434 2204 170 71 dicitur
1558 2204 93 71 et
1604 2204 124 71 dato
1681 2204 124 71 quod
1759 2204 216 71 haberetur:
1929 2204 139 71 debet
2021 2204 201 71 intelligi
2176 2204 108 71 sic

1283 2252 212 86 videlicet
1446 2252 130 86 quod
1527 2252 147 86 illud
1625 2252 130 86 quod
1706 2252 114 86 fit
1771 2252 163 86 contra
1885 2252 244 86 intentionem
2081 2252 212 86 legissato

1276 2314 136 74 ris
1353 2314 233 74 virious:
1528 2314 136 74 non
1606 2314 272 74 subsistit.
1820 2314 214 74 Servare
1975 2314 117 74 ei
2033 2314 175 74 legem
2150 2314 136 74 non

1269 2373 137 78 est
1348 2373 176 78 huare
1465 2373 176 78 verba
1582 2373 137 78 vel
1660 2373 234 78 corticen
1836 2373 195 78 legis:
1972 2373 156 78 quia
2070 2373 137 78 lra
2128 2373 137 78 occi-

1277 2428 145 71 dit:
1368 2428 127 71 sed
1440 2428 163 71 huare
1549 2428 272 71 intentionem
1766 2428 308 71 legisiatoris:
2020 2428 145 71 quod
2111 2428 181 71 potest

1283 2484 182 70 istae
1404 2484 203 70 facere
1546 2484 243 70 fugiendo
1728 2484 203 70 mortem
1870 2484 122 70 vt
1931 2484 203 70 dictum
2073 2484 162 70 est.
2174 2484 122 70 Et

1271 2544 116 76 ad
1329 2544 194 76 formam
1465 2544 252 76 argumenti
1659 2544 194 76 quando
1794 2544 194 76 arguit
1930 2544 155 76 sic.
2027 2544 194 76 iustae
2163 2544 136 76 est

1284 2588 241 79 damssatus
1470 2588 111 79 ad
1525 2588 204 79 mortem.
1674 2588 148 79 ergo
1766 2588 130 79 non
1840 2588 185 79 potest
1970 2588 167 79 iuste
2081 2588 204 79 euadere

1284 2652 190 83 mortem.
1422 2652 138 83 Nego
1508 2652 311 83 consequentiam:
1767 2652 138 83 quia
1854 2652 121 83 non
1923 2652 138 83 plus
2009 2652 225 83 denotatur
2165 2652 86 83 per

1282 2708 219 89 antecedens
1455 2708 125 89 nisi
1533 2708 125 89 quod
1611 2708 141 89 talis
1705 2708 219 89 malefactor
1877 2708 141 89 fecit
1971 2708 157 89 aliqua
2081 2708 125 89 ppat
2159 2708 125 89 quae

1277 2770 180 65 iudex
1397 2770 200 65 potuit
1537 2770 220 65 licitae
1697 2770 160 65 sibi
1797 2770 220 65 inigere
1957 2770 200 65 morte:
2097 2770 120 65 et
2137 2770 100 65 cum

1287 2827 99 64 bc
1337 2827 132 64 stat
1420 2827 132 64 quod
1502 2827 132 64 ipse
1585 2827 165 64 pratet
1700 2827 182 64 licitae
1832 2827 99 64 et
1882 2827 149 64 iuste
1981 2827 182 64 euadere
2113 2827 165 64 mortem

1271 2875 154 73 nisi
1367 2875 115 73 in
1425 2875 154 73 casu
1521 2875 269 73 proposito.
1733 2875 154 73 Unde
1829 2875 173 73 iuste
1944 2875 154 73 ptet
2040 2875 192 73 subire
2156 2875 96 73 mor

1278 2931 111 72 tem
1342 2931 95 72 si
1389 2931 127 72 vult
1468 2931 95 72 in
1516 2931 238 72 remissionem
1706 2931 238 72 praeconrum:
1896 2931 95 72 et
1944 2931 143 72 iuste
2039 2931 143 72 praet
2134 2931 143 72 decli

1277 2989 148 70 nare
1369 2989 185 70 mortem
1498 2989 111 70 si
1554 2989 148 70 vult
1646 2989 203 70 aliquid
1794 2989 203 70 utilius
1942 2989 185 70 facere
2072 2989 129 70 pro
2127 2989 111 70 salu

1270 3043 98 80 te
1319 3043 164 80 animae
1433 3043 147 80 suae:
1531 3043 131 80 quam
1613 3043 115 80 sit
1679 3043 164 80 subire
1793 3043 147 80 illam
1891 3043 180 80 mortem.
2022 3043 131 80 vnde
2104 3043 164 80 posito

1273 3103 158 83 quod
1372 3103 198 83 possit
1510 3103 198 83 fugere
1649 3103 119 83 ad
1708 3103 237 83 eccliaet
1886 3103 217 83 dotatam
2044 3103 158 83 tali
2123 3103 119 83 immu
