2550 3300
263 188 160 76 probo
370 188 142 76 sic.
459 188 142 76 deus
548 188 178 76 potest
672 188 231 76 immediate
850 188 160 76 casre
957 188 107 76 in
1010 188 178 76 homine
1134 188 142 76 noti

265 243 132 64 tiam
348 243 149 64 veram
448 243 99 64 de
497 243 182 64 aliquam
630 243 199 64 complexo
779 243 265 64 contingente:
994 243 132 64 ergo
1077 243 99 64 et
1127 243 132 64 erro

268 308 98 55 rem
324 308 196 55 antecedens
478 308 98 55 est
533 308 210 55 manifestum:
701 308 84 55 et
743 308 224 55 consequentia
925 308 140 55 patet:
1022 308 112 55 quia
1092 308 112 55 ista
1162 308 98 55 res

257 356 290 60 demonstrata
488 356 212 60 notitia
643 356 154 60 vira
739 356 154 60 quae
836 356 154 60 nunc
932 356 135 60 est
1009 356 232 60 assensus
1164 356 77 60 ve

256 403 203 64 ridicus:
408 403 118 64 per
476 403 237 64 mutationem
662 403 118 64 rei
729 403 169 64 potest
847 403 152 64 fieri
949 403 169 64 error:
1067 403 152 64 sicut
1168 403 101 64 si

259 467 153 55 deus
355 467 249 55 reuelaret
546 467 153 55 mihi
642 467 153 55 modo
738 467 153 55 quod
834 467 153 55 papa
929 467 192 55 sedet:
1064 467 115 55 et
1102 467 134 55 cans-

253 514 121 81 ret
322 514 104 81 in
374 514 104 81 me
425 514 207 81 assensum
581 514 173 81 istius
702 514 155 81 sicut
805 514 155 81 causa
909 514 242 81 partialis:
1099 514 121 81 hoc
1151 514 86 81 di-

253 579 187 57 ctamen
384 579 168 57 foret
496 579 187 57 verum:
627 579 112 57 si
683 579 187 57 postea
813 579 280 57 continuaret
1037 579 168 57 istum
1149 579 112 57 a:

256 627 213 84 sensum
405 627 128 84 in
469 627 149 84 me:
554 627 170 84 papa
661 627 256 84 surgente
852 627 256 84 assensus
1044 627 149 84 qui
1108 627 128 84 pri-

262 686 113 66 mo
319 686 151 66 fuit
413 686 246 66 veridicus
602 686 95 66 /
640 686 246 66 deveniret
829 686 189 66 error:
961 686 113 66 et
1018 686 151 66 deus
1094 686 132 66 esset

267 740 157 69 causa
371 740 226 69 effectiva
545 740 104 69 et
597 740 278 69 conservativa
823 740 174 69 istius
945 740 209 69 erroris:
1084 740 139 69 sicui-

256 797 148 62 notum
354 797 131 62 est.
436 797 164 62 igitur
551 797 99 62 si
601 797 131 62 deus
683 797 164 62 potest
798 797 164 62 causre
913 797 99 62 et
962 797 230 62 continuare
1143 797 115 62 non

254 867 200 57 titiam
394 867 140 57 vel
474 867 241 57 assensum
655 867 200 57 alicui
795 867 120 57 de
855 867 241 57 complexo
1016 867 220 57 contigen-

268 909 110 63 ti:
331 909 188 63 sequitur
472 909 125 63 quod
550 909 141 63 prtet
644 909 157 63 causre
754 909 94 63 et
801 909 219 63 continuare
973 909 188 63 notitiam
1114 909 110 63 vel
1161 909 63 63 as

253 965 199 63 sensum
392 965 239 63 alicuius
571 965 239 63 erroris.
750 965 258 63 Praeterea
949 965 159 63 quod
1048 965 139 63 ita
1128 965 139 63 est

259 1018 103 66 de
310 1018 154 66 facto
413 1018 137 66 quam
499 1018 154 66 omnis
601 1018 120 66 rei
670 1018 137 66 deus
756 1018 120 66 est
824 1018 137 66 prma
910 1018 103 66 et
961 1018 137 66 suma
1047 1018 154 66 causa
1132 1018 86 66 vit

262 1069 182 76 Augustinum
405 1069 91 76 iii
457 1069 78 76 de
496 1069 130 76 triria
587 1069 156 76 capitulo
704 1069 91 76 iii
756 1069 104 76 Deus
821 1069 91 76 est
873 1069 130 76 inquit
964 1069 117 76 prima
1042 1069 117 76 causa
1120 1069 130 76 omnium

257 1144 164 60 rerum
366 1144 182 60 atquam
493 1144 237 60 motionum.
675 1144 127 60 sed
748 1144 164 60 error
857 1144 127 60 est
930 1144 127 60 vna
1003 1144 127 60 res
1075 1144 182 60 atquam

256 1196 205 55 operatio:
414 1196 126 55 ergo
493 1196 95 55 de
540 1196 142 55 fcton
634 1196 142 55 omnis
729 1196 142 55 error
823 1196 110 55 est
886 1196 79 55 a
918 1196 110 55 deo
981 1196 142 55 sicut
1075 1196 79 55 a
1107 1196 142 55 prius

255 1242 103 65 ma
306 1242 155 65 causa
409 1242 103 65 et
461 1242 172 65 summa.
581 1242 189 65 Praefea
719 1242 155 65 omnie
822 1242 137 65 quod
908 1242 137 65 deus
994 1242 137 65 ptet
1080 1242 172 65 mediam

258 1309 106 70 te
311 1309 141 70 alio
399 1309 212 70 efficere
558 1309 106 70 in
611 1309 159 70 mente
717 1309 194 70 hunana:
858 1309 159 70 praet
964 1309 141 70 idem
1035 1309 123 70 solus

258 1363 184 64 ficere:
392 1363 117 64 sed
459 1363 134 64 deus
543 1363 117 64 per
610 1363 151 64 malum
711 1363 168 64 agelum
828 1363 151 64 praet
928 1363 151 64 caure
1029 1363 184 64 errorem
1163 1363 101 64 in

264 1420 138 58 mente
355 1420 153 58 hunana
462 1420 183 58 secundum
600 1420 214 58 Augustinum
768 1420 92 58 um
814 1420 107 58 per
875 1420 168 58 seipsum
998 1420 92 58 et
1044 1420 214 58 immediate.

299 1472 262 58 Confirmatur:
511 1472 131 58 quia
593 1472 115 58 hoc
659 1472 147 58 fieri
757 1472 164 58 nullam
871 1472 311 58 contradictionem
1117 1472 115 58 inclu

274 1530 131 64 dit:
356 1530 148 64 sicut
454 1530 148 64 notum
553 1530 131 64 est.
635 1530 131 64 ergo
717 1530 115 64 non
783 1530 148 64 debet
881 1530 164 64 negari
996 1530 82 64 a
1029 1530 197 64 potentia
1160 1530 66 64 di

265 1589 168 56 vina.
377 1589 205 56 Praefea
526 1589 168 56 omnie
638 1589 149 56 quod
732 1589 149 56 deus
825 1589 149 56 ptet
918 1589 186 56 facere
1049 1589 224 56 mediante

259 1640 170 58 agelo
372 1640 170 58 malo:
485 1640 170 58 prtet
599 1640 189 58 facere
731 1640 226 58 mediante
900 1640 170 58 bono:
1014 1640 132 58 sed
1089 1640 170 58 causa

255 1695 110 60 re
310 1695 202 60 errorem
457 1695 110 60 in
512 1695 166 60 mente
623 1695 147 60 scti
715 1695 147 60 viri
807 1695 129 60 vel
880 1695 147 60 mali
972 1695 166 60 praet
1064 1695 166 60 median-

263 1749 107 77 te
317 1749 178 77 angelo
441 1749 160 77 malo:
548 1749 142 77 ergo
637 1749 142 77 etc.
726 1749 196 77 Praefea
869 1749 160 77 omnie
976 1749 142 77 quod
1065 1749 196 77 expedit

258 1804 149 63 menti
358 1804 166 63 hunane
474 1804 99 63 et
524 1804 133 63 sibi
606 1804 116 63 est
673 1804 166 63 vtile:
789 1804 149 63 praet
888 1804 133 63 deus
971 1804 166 63 causre
1087 1804 83 63 i
1120 1804 149 63 eadem

257 1857 125 67 sed
329 1857 161 67 error
436 1857 233 67 aliquando
615 1857 197 67 expedit
758 1857 161 67 menti
866 1857 197 67 hunane:
1009 1857 143 67 ergo
1099 1857 143 67 etc.
1170 1857 54 67 m

249 1915 145 65 norem
345 1915 145 65 probo
442 1915 113 65 per
506 1915 161 65 eundem
619 1915 209 65 Augutinum
780 1915 177 65 encourm
908 1915 97 65 c.
957 1915 113 65 xvi
1021 1915 113 65 sic
1085 1915 129 65 heno
1166 1915 97 65 in

261 1979 147 68 libro
358 1979 179 68 nostro:
489 1979 114 68 ubi
554 1979 179 68 onuedit
684 1979 130 68 quod
766 1979 179 68 aliquis
896 1979 147 68 error
994 1979 114 68 est
1059 1979 147 68 bonus
1157 1979 98 68 et

253 2028 129 66 quod
334 2028 210 66 profuisse
496 2028 129 66 sibi
577 2028 178 66 exprtus
706 2028 81 66 e
738 2028 146 66 aliqu
836 2028 178 66 errasse
965 2028 194 66 scilicet
1111 2028 97 66 in
1143 2028 81 66 via

254 2082 183 71 pedum:
382 2082 128 71 non
455 2082 110 71 in
511 2082 128 71 via
584 2082 183 71 morum.
712 2082 147 71 Unde
804 2082 183 71 narrat
932 2082 110 71 se
988 2082 128 71 per
1061 2082 202 71 errorem

252 2138 117 57 in
310 2138 194 57 quadam
446 2138 175 57 bivio
562 2138 155 57 male
660 2138 253 57 accepisse
854 2138 175 57 viam:
970 2138 117 57 et
1029 2138 136 57 sic
1087 2138 136 57 erran

261 2189 121 62 do
321 2189 242 62 euasisse
503 2189 242 62 insidias
684 2189 323 62 Donatistarum
947 2189 141 62 qua
1027 2189 121 62 in
1088 2189 141 62 via
1148 2189 81 62 re

265 2251 136 56 cta
342 2251 291 56 latitabant.
575 2251 116 56 et
633 2251 174 56 dicit
749 2251 155 56 quod
846 2251 116 56 de
904 2251 136 56 suo
982 2251 194 56 errore
1118 2251 155 56 gras

253 2297 149 66 egit
346 2297 149 66 deo:
439 2297 186 66 igitur
569 2297 186 66 credit
699 2297 149 66 quod
792 2297 167 66 error
904 2297 149 66 ille
996 2297 149 66 fuit
1089 2297 93 66 a
1127 2297 149 66 deo.

305 2356 177 80 Prerea
429 2356 159 80 error
535 2356 177 80 potest
659 2356 141 80 esse
747 2356 141 80 sine
836 2356 212 80 peccato:
995 2356 177 80 igitur
1118 2356 124 80 non
1171 2356 71 80 se

268 2426 164 49 quitur
383 2426 132 49 deum
465 2426 132 49 esse
547 2426 181 49 peccati
679 2426 181 49 causam:
810 2426 148 49 licet
909 2426 115 49 sit
975 2426 148 49 causa
1074 2426 197 49 erroris.

269 2468 183 64 Antecedens
413 2468 118 64 patet
492 2468 92 64 per
544 2468 183 64 Augustinum
688 2468 170 64 eneciorum
819 2468 157 64 capitulo
937 2468 92 64 xix
989 2468 105 64 lset
1055 2468 157 64 videatur
1159 2468 79 64 dubi

256 2526 175 61 tare
365 2526 131 61 an
431 2526 197 61 error
562 2526 153 61 quo
649 2526 175 61 homo
759 2526 218 61 credit
911 2526 131 61 de
977 2526 218 61 homine
1108 2526 131 61 malo

258 2588 133 63 quod
341 2588 116 63 sit
408 2588 166 63 bonus:
524 2588 116 63 vel
590 2588 100 63 de
640 2588 183 63 Ioannes
773 2588 133 63 quod
856 2588 116 63 sit
923 2588 216 63 ffobertus
1089 2588 183 63 propter

258 2640 271 58 silitudinem.
478 2640 169 58 tandem
597 2640 153 58 dicit
699 2640 136 58 quod
783 2640 119 58 non
851 2640 203 58 secundum
1004 2640 136 58 illa
1088 2640 136 58 fuit
1156 2640 85 58 opi

256 2691 130 65 nio
331 2691 297 65 Academicorum
572 2691 149 65 quod
665 2691 167 65 omnis
777 2691 167 65 error
888 2691 130 65 est
962 2691 242 65 peccatum.
1130 2691 111 65 Unde

260 2756 128 55 c.
324 2756 128 55 xx
387 2756 255 55 loquitur
579 2756 128 55 de
643 2756 213 55 errore
792 2756 149 55 quo
877 2756 213 55 Petrus
1026 2756 255 55 existima

268 2808 155 72 bat
356 2808 133 72 se
423 2808 199 72 visum
555 2808 243 72 videre.
732 2808 199 72 Atnes
865 2808 155 72 xii
953 2808 133 72 et
1020 2808 155 72 quo
1086 2808 155 72 Iacob

272 2857 279 58 credidit
481 2857 256 58 Iosephb
667 2857 325 58 venundatum
923 2857 209 58 afera
1039 2857 209 58 pessima

265 2921 193 57 fuisse
400 2921 231 57 occisum.
573 2921 116 57 Et
631 2921 212 57 subdit.
785 2921 251 57 huiusmodi
978 2921 289 57 falsitatibs

264 2966 176 59 salva
382 2966 157 59 fide
480 2966 137 59 qui
558 2966 117 59 in
617 2966 176 59 nobis
734 2966 137 59 est
812 2966 254 59 fallimur.
1008 2966 117 59 et
1067 2966 137 59 via
1145 2966 137 59 non

275 3027 211 56 relicta
429 3027 154 56 quae
525 3027 115 56 ad
582 3027 154 56 deum
678 3027 135 56 nos
755 3027 192 56 ducit:
890 3027 231 56 erramus.
1063 3027 135 56 qui
1140 3027 154 56 erro

278 3075 129 89 res
351 3075 165 89 etiam
461 3075 110 89 si
516 3075 202 89 peccata
663 3075 129 89 non
737 3075 165 89 sunt:
847 3075 165 89 tamen
957 3075 110 89 in
1012 3075 165 89 malis
1122 3075 165 89 huius

1264 179 170 72 vite
1370 179 276 72 deputandi
1582 179 191 72 sunt:
1709 179 170 72 quae
1816 179 149 72 ita
1900 179 255 72 subiecta
2091 179 149 72 est
2155 179 85 72 va

1275 235 215 71 nitati:
1432 235 117 71 vt
1490 235 273 71 approbetur
1705 235 137 71 hic
1783 235 176 71 falsa
1900 235 137 71 pro
1978 235 195 71 veris:
2095 235 137 71 respu

1266 292 161 61 antur
1374 292 143 61 vira
1463 292 125 61 pro
1535 292 197 61 falsis:
1678 292 233 61 teneantur
1858 292 197 61 incerta
2001 292 125 61 pro
2073 292 197 61 certis:

1260 353 137 58 hoc
1339 353 177 58 ille.
1457 353 157 58 Uult
1555 353 196 58 dicere
1692 353 157 58 quod
1790 353 177 58 tales
1908 353 216 58 errores
2064 353 157 58 sunt
2143 353 98 58 pe-

1267 403 126 64 ne
1330 403 126 64 et
1393 403 147 64 non
1477 403 210 64 culpe.
1624 403 210 64 Tertio
1772 403 210 64 adduco
1919 403 210 64 sacram
2066 403 210 64 scrip.

1284 460 139 71 quae
1370 460 121 71 hoc
1440 460 156 71 satis
1544 460 191 71 innuit:
1683 460 226 71 videlicet
1856 460 139 71 quod
1943 460 104 71 de
1995 460 139 71 fcto
2082 460 139 71 deus
2169 460 104 71 de

1265 508 186 64 cepit:
1396 508 131 64 hoc
1470 508 131 64 est
1545 508 205 64 causuit
1694 508 205 64 errorem
1843 508 131 64 non
1918 508 168 64 solum
2030 508 131 64 per
2104 508 168 64 malos

1260 578 114 58 sed
1325 578 147 58 etiam
1423 578 114 58 per
1488 578 163 58 bonos:
1602 578 98 58 et
1651 578 212 58 aliquando
1814 578 212 58 immediate
1976 578 114 58 per
2042 578 179 58 seipsum
2172 578 98 58 de

1263 621 154 76 cepit
1366 621 120 76 tam
1434 621 154 76 bonos
1537 621 137 76 quam
1623 621 171 76 malos.
1743 621 137 76 vnde
1829 621 171 76 unuium
1949 621 103 76 ii
2000 621 171 76 habter
2120 621 137 76 quod

1258 679 151 64 btam
1352 679 169 64 vergo
1465 679 282 64 existimauit
1691 679 188 64 filium
1823 679 151 64 suum
1917 679 188 64 fuisse
2049 679 113 64 in
2086 679 151 64 commi-

1265 732 140 71 tatu
1352 732 192 71 virorum
1492 732 122 71 cum
1562 732 192 71 Ioseph.
1701 732 105 71 et
1754 732 175 71 certum
1876 732 122 71 est
1946 732 140 71 quod
2033 732 157 71 talis
2138 732 140 71 erro

1258 791 124 68 ris
1329 791 159 68 causa
1435 791 230 68 partialis
1611 791 141 68 fuit
1700 791 177 68 ipemet
1823 791 230 68 christus:
2000 791 124 68 qui
2070 791 212 68 clamculo

1262 844 126 71 et
1325 844 230 71 occulte
1492 844 251 71 retinuit
1681 844 126 71 se
1744 844 126 71 in
1806 844 230 71 hierism
1974 844 147 71 nre
2058 844 230 71 recedem

1260 901 149 70 te.
1345 901 149 70 Nec
1430 901 149 70 est
1516 901 192 70 magis
1644 901 342 70 inconveniens
1922 901 214 70 dicere
2071 901 214 70 beatam

1260 964 205 63 verginem
1414 964 120 63 sic
1482 964 205 63 errasse:
1636 964 137 63 quam
1721 964 171 63 dicere
1841 964 120 63 eam
1909 964 188 63 sitisse
2046 964 85 63 /
2080 964 188 63 esurusi

1258 1017 131 67 se
1324 1017 175 67 etc.
1433 1017 240 67 Praefea
1608 1017 175 67 deus
1717 1017 218 67 iussit
1870 1017 218 67 Abraam
2023 1017 262 67 immolare

1254 1068 177 71 filium
1378 1068 160 71 suum:
1485 1068 106 71 vt
1538 1068 230 71 superiori
1715 1068 160 71 arti.
1821 1068 230 71 tractatum
1999 1068 142 71 est:
2087 1068 124 71 sed
2140 1068 89 71 per

1262 1141 168 62 illud
1374 1141 261 62 praeceptum
1579 1141 224 62 causauit
1747 1141 224 62 errorem:
1915 1141 186 62 igitur
2046 1141 149 62 etc.
2120 1141 112 62 Prae

1256 1182 177 69 terea
1374 1182 217 69 angelus
1532 1182 177 69 bonus
1650 1182 256 69 liberauit
1847 1182 217 69 Petrum:
2005 1182 197 69 igitur
2143 1182 138 69 sic

1268 1245 88 61 ut
1312 1245 132 61 causa
1400 1245 190 61 partialis
1547 1245 146 61 cauuit
1649 1245 88 61 in
1693 1245 88 61 eo
1737 1245 132 61 illum
1825 1245 176 61 errorem:
1957 1245 220 61 conseqentia
2132 1245 132 61 patet

1261 1314 156 48 quia
1358 1314 156 48 illo
1455 1314 175 48 facto
1572 1314 194 48 posito
1708 1314 156 48 fuit
1805 1314 117 48 in
1863 1314 117 48 eo
1922 1314 194 48 error.
2058 1314 117 48 et
2116 1314 136 48 non
2174 1314 78 48 fu

1258 1355 176 64 isset
1375 1355 117 64 in
1433 1355 117 64 eo
1492 1355 176 64 error
1609 1355 117 64 si
1667 1355 137 64 eum
1745 1355 137 64 sic
1823 1355 137 64 non
1901 1355 293 64 deduxisset.
2135 1355 156 64 Quod

1260 1412 169 63 autem
1373 1412 188 63 Petrus
1504 1412 263 63 fallebatur
1710 1412 131 63 tam
1785 1412 113 63 in
1842 1412 206 63 visione
1992 1412 150 63 sibi
2085 1412 169 63 onesa
2179 1412 75 63 de

1266 1464 286 66 linteamine
1490 1464 123 66 de
1552 1464 164 66 celo
1654 1464 327 66 descendente:
1920 1464 123 66 de
1981 1464 143 66 qua
2063 1464 184 66 Actur
2186 1464 102 66 x

1271 1531 135 63 quam
1356 1531 152 63 etiam
1457 1531 101 63 de
1508 1531 186 63 visione
1643 1531 101 63 de
1693 1531 118 63 qua
1761 1531 186 63 argutum
1896 1531 135 63 est:
1981 1531 169 63 quando
2099 1531 118 63 per
2150 1531 84 63 an-

1270 1576 181 71 gelum
1390 1576 201 71 ductus
1531 1576 161 71 fuit
1631 1576 120 71 de
1691 1576 241 71 carcere.
1872 1576 120 71 Et
1932 1576 241 71 expresse
2113 1576 181 71 dicit

1265 1628 239 71 Augustinus
1453 1628 120 71 xii
1521 1628 154 71 super
1623 1628 137 71 Den.
1709 1628 171 71 Petrus
1828 1628 120 71 non
1897 1628 154 71 solum
1999 1628 171 71 discum
2119 1628 154 71 illum

1266 1684 235 71 videbat:
1443 1684 118 71 et
1502 1684 118 71 in
1561 1684 137 71 eo.
1639 1684 137 71 non
1717 1684 294 71 silitudines
1953 1684 255 71 corporum:
2149 1684 137 71 sed

1273 1739 193 65 corpora
1413 1739 210 65 putabat:
1570 1739 105 65 in
1623 1739 123 65 qua
1693 1739 175 65 vtique
1815 1739 263 65 fallebatur.
2025 1739 158 65 verum
2130 1739 140 65 alio

1257 1802 216 65 tempore
1414 1802 118 65 ab
1473 1802 196 65 angelo
1610 1802 216 65 solutis
1767 1802 216 65 viculis
1924 1802 157 65 ibat
2022 1802 118 65 in
2061 1802 177 65 corpore

1260 1860 244 55 ambulans:
1448 1860 113 55 et
1505 1860 301 55 praesentatis
1749 1860 301 55 corporalibus
1994 1860 207 55 Niammis
2125 1860 113 55 puta

1256 1904 148 66 bat
1340 1904 127 66 se
1404 1904 190 66 visum
1531 1904 233 66 videre:
1700 1904 212 66 nihilo
1848 1904 190 66 minus
1975 1904 317 66 fallebatur:

1260 1972 132 55 nam
1336 1972 114 55 et
1393 1972 151 55 ille
1487 1972 114 55 in
1544 1972 170 55 disco
1657 1972 170 55 erant
1771 1972 265 55 spiritales
1979 1972 170 55 forme
2074 1972 170 55 corpora

1265 2019 160 64 libus
1372 2019 178 64 siles:
1497 2019 107 64 et
1550 2019 142 64 ista
1639 2019 249 64 corporalis
1835 2019 231 64 expressio
2013 2019 178 64 soluti
2137 2019 107 64 de
2173 2019 71 64 vi

1267 2076 159 62 culis
1374 2076 195 62 proptur
1515 2076 230 62 miraculum
1692 2076 283 62 spisiuterale
1922 2076 159 62 silis
2029 2076 159 62 erat:
2117 2076 124 62 falle

1265 2139 187 55 batur
1390 2139 125 55 in
1453 2139 292 55 uvtrisque.
1682 2139 229 55 Praefea
1848 2139 229 55 angelus
2015 2139 229 55 apprens
2161 2139 83 55 Ma

1265 2196 129 63 gis
1338 2196 110 63 in
1393 2196 203 63 somnis:
1541 2196 166 63 dixit
1651 2196 129 63 eis
1725 2196 147 63 quod
1817 2196 129 63 per
1891 2196 166 63 aliam
2001 2196 147 63 viam
2093 2196 166 63 reuer

1261 2241 222 56 terentur
1428 2241 111 56 in
1484 2241 222 56 regionem
1651 2241 167 56 suam:
1762 2241 111 56 et
1818 2241 130 56 sic
1892 2241 241 56 illuderet
2077 2241 204 56 haerodi

1266 2299 153 64 quod
1361 2299 115 64 et
1419 2299 191 64 factum
1552 2299 153 64 est:
1648 2299 191 64 igitur
1782 2299 153 64 deus
1877 2299 210 64 decepit
2030 2299 172 64 malos
2145 2299 134 64 per

1263 2348 221 65 bonos.
1418 2348 266 65 Praefea.
1617 2348 266 65 christus
1816 2348 266 65 apparens
2016 2348 221 65 duobus
2148 2348 89 65 di

1265 2415 253 57 scipulis
1455 2415 253 57 euntibus
1644 2415 126 57 in
1707 2415 190 57 Emaus
1834 2415 190 57 fecit
1960 2415 147 57 eos
2044 2415 232 57 errare.

1274 2457 139 77 Unde
1361 2457 156 77 unuum
1465 2457 191 77 xxiiii.
1604 2457 156 77 Oculi
1708 2457 156 77 eorum
1812 2457 261 77 tenebantur.
2021 2457 174 77 igitur
2143 2457 139 77 etc.

1314 2516 220 74 Prefea
1468 2516 242 74 exempla
1644 2516 176 74 sunt
1754 2516 198 74 multa
1885 2516 132 74 in
1951 2516 220 74 veteri
2083 2516 154 74 testa

1264 2572 201 62 mento
1398 2572 134 62 ad
1465 2572 201 62 idem.
1599 2572 246 62 Rebecca
1778 2572 134 62 et
1845 2572 201 62 Iacob
1979 2572 134 62 de
2046 2572 246 62 familia

1274 2628 110 68 ri
1329 2628 219 68 consilio
1493 2628 256 68 spussancti
1694 2628 256 68 excusantur
1896 2628 91 68 a
1932 2628 219 68 mendacio
2097 2628 183 68 quando

1269 2682 277 90 deceperant
1487 2682 178 90 Isaac
1605 2682 178 90 GDen.
1724 2682 198 90 xxvii.
1862 2682 198 90 igitur
2000 2682 158 90 deus
2099 2682 138 90 per
2158 2682 79 90 bo

1279 2744 159 60 nos
1370 2744 204 60 bonum
1506 2744 249 60 hominem
1687 2744 272 60 decepit.
1891 2744 272 60 Praetea.
2072 2744 159 60 Abras

1281 2804 219 60 decepit
1440 2804 298 60 Abimelequer
1679 2804 179 60 regem
1798 2804 219 60 herare:
1957 2804 219 60 dicendo
2116 2804 159 60 quod

1290 2852 144 65 Sara
1380 2852 144 65 vxor
1471 2852 126 65 sua
1543 2852 144 65 fuit
1633 2852 163 65 soror
1741 2852 144 65 sua:
1832 2852 108 65 et
1886 2852 163 65 licet
1994 2852 199 65 excusat
2139 2852 126 65 per

1277 2914 174 57 sctons
1399 2914 87 57 a
1433 2914 226 57 mendacio:
1608 2914 122 57 non
1677 2914 157 57 tamen
1782 2914 139 57 pret
1869 2914 209 57 excusari
2026 2914 139 57 quin
2113 2914 174 57 sequit

1265 2964 320 55 Abimeleche
1516 2964 228 55 putare
1676 2964 183 55 quod
1790 2964 183 55 Sara
1905 2964 160 55 non
1996 2964 183 55 fuit
2087 2964 160 55 vxor-

1269 3011 159 83 sua.
1368 3011 178 83 Oeni.
1487 3011 139 83 xx.
1566 3011 159 83 Idem
1666 3011 238 83 narratur
1844 3011 139 83 cuc
1923 3011 198 83 Iosaac
2062 3011 119 83 et
2101 3011 159 83 Rebec.

1263 3068 216 88 Deum
1398 3068 216 88 xxvi
1533 3068 269 88 Prefea
1721 3068 243 88 Iacob
1883 3068 296 88 decepit
2071 3068 189 88 Laba.
