2550 3300
319 203 268 65 terponendo
529 203 191 65 quadam
663 203 172 65 alia:
778 203 229 65 dicendum
950 203 134 65 est
1026 203 153 65 quam
1122 203 134 65 vel
1198 203 134 65 fit

311 253 215 62 magna
454 253 382 62 interpositio
765 253 167 62 vel
860 253 263 62 modica.
1051 253 143 62 Si
1099 253 191 62 modica

323 308 162 61 sicut
431 308 269 61 sternutatio
646 308 126 61 vel
718 308 198 61 tussis:
862 308 108 61 et
916 308 144 61 tunc
1006 308 126 61 non
1077 308 162 61 nocet
1185 308 126 61 sic

310 360 110 60 ut
365 360 292 60 interpositio
602 360 201 60 proprii
748 360 201 60 nominis
894 360 146 60 quod
986 360 146 60 tunc
1077 360 238 60 imponitur

303 415 258 66 paruulo:
496 415 150 66 nec
582 415 193 66 obest
711 415 150 66 nec
797 415 236 66 prodest
969 415 215 66 sacro.
1119 415 129 66 Si
1184 415 150 66 est

304 468 187 63 magna:
435 468 131 63 ita
510 468 150 63 quod
604 468 112 63 si
660 468 150 63 vsus
753 468 224 63 loquindi
922 468 243 63 intentio:
1109 468 112 63 et
1146 468 131 63 actio

316 527 251 68 plationis
509 527 135 68 non
586 527 212 68 deberet
740 527 231 68 iudicari
914 527 174 68 unum:
1029 527 154 68 tunc
1126 527 135 68 non
1184 527 96 68 est

300 584 295 67 baptismus.
532 584 147 67 Sic
616 584 211 67 igitur
763 584 126 67 in
827 584 190 67 forma
953 584 147 67 fit
1037 584 232 67 mutatio
1185 584 105 67 tri

309 636 122 63 bus
378 636 156 63 modis
482 636 278 63 generaliter:
708 636 104 63 et
761 636 122 63 sex
830 636 156 63 modis
934 636 226 63 spaliter:
1108 636 209 63 scilicet

301 691 369 58 subtrahendo:
601 691 277 58 addendo:
808 691 392 58 interponendo:
1108 691 161 58 tran-

300 747 272 68 ponendo:
504 747 340 68 commutando:
776 747 362 68 corrumpendo.
1070 747 249 68 qTertio

306 817 171 60 circa
420 817 228 60 materiam
591 817 190 60 istius
724 817 171 60 sacri
838 817 133 60 est
914 817 228 60 sciendum
1085 817 152 60 quod
1161 817 114 60 ipsa

305 860 152 71 aqua
400 860 190 71 namlis
533 860 133 71 est
608 860 228 71 materia.
779 860 171 71 sicut
893 860 171 71 patet
1007 860 171 71 Ioan.
1120 860 152 71 iii.
1196 860 76 71 Ni

297 915 118 64 si
356 915 158 64 quis
455 915 217 64 renatus
613 915 197 64 fuerit
751 915 118 64 ex
810 915 158 64 aqua
908 915 118 64 et
967 915 276 64 spusancto:
1184 915 118 64 no

289 972 186 67 potest
420 972 149 67 etc.
513 972 205 67 Contra:
662 972 149 67 aqua
755 972 186 67 semper
885 972 167 67 mixta
996 972 130 67 est
1071 972 223 67 partibes

305 1027 214 64 erreis.
460 1027 155 64 vnde
557 1027 291 64 Aristoteles
790 1027 117 64 ii
848 1027 291 64 meteororum.
1081 1027 175 64 Omins
1178 1027 78 64 va

284 1089 151 66 por
371 1089 151 66 est
457 1089 151 66 duo
543 1089 259 66 vapores:
737 1089 172 66 ergo
845 1089 237 66 nunquam
1017 1089 151 66 fit
1104 1089 216 66 baptis

296 1148 144 61 mus
379 1148 165 61 nisi
482 1148 124 61 in
544 1148 165 61 aqua
647 1148 206 61 mixta.
792 1148 206 61 igitur
936 1148 144 61 non
1018 1148 124 61 in
1080 1148 165 61 aqua
1163 1148 103 61 ele

293 1198 250 62 mentari.
481 1198 167 62 Item
585 1198 167 62 aqua
689 1198 229 62 rosacea
855 1198 146 62 est
939 1198 229 62 eiusdem
1085 1198 187 62 speciei

298 1257 113 75 cum
362 1257 226 75 elemetari:
540 1257 129 75 igit
621 1257 129 75 etc.
701 1257 226 75 Antecedens
879 1257 161 75 patet:
992 1257 129 75 quia
1072 1257 210 75 vtriusque

284 1308 168 62 sunt
389 1308 189 62 eadem
515 1308 294 62 accidentia
746 1308 189 62 sicut
873 1308 315 62 frigiditas:
1125 1308 168 62 hum-

289 1365 157 61 ditas
393 1365 105 61 et
446 1365 297 61 perspicuitas.
691 1365 140 61 Item
778 1365 140 61 quod
865 1365 140 61 aqua
953 1365 262 61 simpliciter
1163 1365 122 61 non

283 1420 133 63 sit
359 1420 209 63 materia
511 1420 171 63 huius
625 1420 171 63 sacri
739 1420 133 63 ur:
816 1420 209 63 quiaqua
968 1420 152 63 quae
1063 1420 190 63 siuxit
1196 1420 114 63 de

282 1480 214 76 latere
431 1480 236 76 christi
603 1480 150 76 qua
688 1480 343 76 significabat
967 1480 257 76 materiam
1138 1480 107 76 hui

287 1532 273 63 sacramenti:
505 1532 127 63 non
578 1532 254 63 fuitipurum
778 1532 254 63 elementum:
977 1532 145 63 quia
1068 1532 145 63 tale
1159 1532 127 63 non

281 1591 251 74 invenitur
474 1591 251 74 faciliter
667 1591 116 74 in
725 1591 271 74 corporihus
938 1591 213 74 mixtis:
1093 1591 155 74 quia
1170 1591 97 74 ele

286 1647 195 60 menta
416 1647 151 60 non
503 1647 173 60 sunt
611 1647 130 60 in
675 1647 216 60 uxtis.
827 1647 173 60 Item
935 1647 151 60 aer
1021 1647 238 60 fuisset
1173 1647 86 60 ma

286 1708 172 64 teria
400 1708 344 64 convenientior:
687 1708 153 64 quia
783 1708 248 64 communior
973 1708 115 64 ut
1031 1708 229 64 videtur.
1184 1708 76 64 Di

281 1762 112 50 ci
337 1762 187 50 potest
469 1762 150 50 quod
562 1762 262 50 baptisimus
769 1762 131 50 est
844 1762 206 50 ablutio
994 1762 262 50 corporalis
1181 1762 75 50 ho

272 1812 180 67 minis
392 1812 140 67 non
472 1812 200 67 renati
613 1812 140 67 nec
693 1812 301 67 renitentis:
933 1812 180 67 facta
1054 1812 120 67 in
1114 1812 180 67 aquam

268 1868 121 55 ab
328 1868 201 55 aliquo
469 1868 181 55 simul
590 1868 282 55 proferenre
811 1868 181 55 verba
932 1868 221 55 debita:
1093 1868 121 55 et
1133 1868 121 55 debi

269 1924 150 55 tam
354 1924 322 55 intentionem
612 1924 257 55 habente.
805 1924 129 55 Ex
869 1924 150 55 qua
955 1924 343 55 diffinitione

270 1980 177 60 patet
388 1980 157 60 quod
487 1980 157 60 aqua
585 1980 138 60 per
663 1980 197 60 multas
801 1980 334 60 convenientias
1076 1980 118 60 ad
1115 1980 138 60 sacra

272 2031 206 60 mentum
416 2031 123 60 et
478 2031 164 60 eius
581 2031 247 60 effectum
766 2031 144 60 est
848 2031 226 60 materia
1012 2031 288 60 conveniens

277 2083 349 64 sacramenti.
556 2083 209 64 Primo
696 2083 256 64 ratione
882 2083 419 64 diaphaneitatis

269 2140 186 56 habet
393 2140 228 56 aliquid
559 2140 124 56 de
621 2140 228 56 lumine.
787 2140 228 56 Secundo
952 2140 228 56 ratione
1097 2140 145 56 humi-

277 2194 216 72 ditatis
435 2194 177 72 habet
552 2194 138 72 vim
631 2194 275 72 ablutivam.
847 2194 196 72 Teitio
985 2194 216 72 ratione
1122 2194 118 72 frig

277 2251 202 56 ditatis
424 2251 165 56 habet
534 2251 129 56 vim
608 2251 386 56 infrigiditativam.
938 2251 184 56 Quarto
1067 2251 221 56 secundum

269 2308 299 56 Aristoteles
508 2308 139 56 vii
588 2308 120 56 de
648 2308 299 56 animalibus.
887 2308 159 56 aqua
986 2308 199 56 maxime
1106 2308 139 56 conve

275 2364 146 55 nit
359 2364 313 55 generationi
609 2364 125 55 et
672 2364 355 55 augmentationi
965 2364 272 55 animalium
1173 2364 125 55 et

263 2420 292 63 plantarum.
493 2420 209 63 Quinto
639 2420 146 63 est
722 2420 209 63 conior
868 2420 125 63 et
931 2420 355 63 conuenientio:

267 2473 220 72 omnibus:
431 2473 110 72 et
486 2473 110 72 de
541 2473 183 72 facili
669 2473 183 72 potest
797 2473 201 72 haberi.
944 2473 256 72 Significat
1145 2473 146 72 quam

274 2530 388 56 illuminationem
598 2530 151 56 per
684 2530 194 56 fidem
814 2530 129 56 ex
878 2530 216 56 primo:
1029 2530 259 56 mundatio

263 2596 144 51 nem
346 2596 103 51 a
387 2596 226 51 peccato
551 2596 123 51 ex
613 2596 247 51 secundo:
798 2596 329 51 extinctionem
1066 2596 226 51 fomitis

268 2642 114 74 ex
325 2642 208 74 tertio:
476 2642 284 74 regnationem
704 2642 303 74 speriueralem
950 2642 114 74 et
1007 2642 170 74 grare
1101 2642 152 74 colla-

269 2693 187 70 tionem
400 2693 112 70 ex
456 2693 206 70 quarto:
606 2693 112 70 et
662 2693 243 70 concernit
849 2693 281 70 necessitate
1074 2693 206 70 baptis:

276 2751 122 60 mi
337 2751 122 60 ex
398 2751 224 60 quanto.
561 2751 122 60 Ad
622 2751 204 60 primum
765 2751 245 60 dicendum
948 2751 163 60 quod
1050 2751 204 60 mixtio
1172 2751 82 60 ac

283 2804 166 75 cipitur
404 2804 227 75 dupliciter.
585 2804 106 75 vno
646 2804 121 75 modo
721 2804 196 75 propriae:
872 2804 91 75 et
918 2804 121 75 illa
993 2804 151 75 tollit
1099 2804 181 75 specites

280 2852 291 71 miscibilis:
512 2852 174 71 sicut
629 2852 136 71 est
706 2852 116 71 in
764 2852 155 71 vira
861 2852 252 71 mixtione.
1055 2852 155 71 Alio
1133 2852 116 71 modo

284 2913 208 58 dicitur
435 2913 189 58 mixtio
568 2913 170 58 large
681 2913 208 58 quaedam
832 2913 227 58 confusio
1002 2913 132 58 vel
1059 2913 189 58 iuxtapo-

284 2967 161 60 sitio
391 2967 197 60 partium
534 2967 250 60 aliquarum:
731 2967 161 60 quand
838 2967 197 60 cilicet
981 2967 179 60 partes
1088 2967 161 60 diuerse

280 3027 304 57 diversarum
519 3027 196 57 rerum
650 3027 282 57 manentium
867 3027 130 57 in
932 3027 174 57 suis
1041 3027 217 57 spebus
1171 3027 87 57 iu

266 3090 157 58 xta
355 3090 269 58 ponutur.
557 3090 157 58 Ubi
646 3090 179 58 aqua
758 3090 269 58 miscetur
960 3090 202 58 primo
1094 3090 202 58 modo:

1305 189 143 78 non
1386 189 205 78 potest
1530 189 184 78 fieri
1653 189 287 78 baptismus:
1878 189 164 78 quia
1980 189 143 78 non
2062 189 143 78 est
2144 189 164 78 aqua
2226 189 82 78 pu

1322 251 111 56 ra.
1386 251 174 56 secundo
1512 251 127 56 modo
1592 251 174 56 potest:
1718 251 95 56 et
1766 251 127 56 ideo
1845 251 143 56 licet
1940 251 127 56 aqua
2020 251 190 56 commenis
2162 251 111 56 sit
2210 251 79 56 mi-

1321 308 159 49 xta
1412 308 273 49 partibus
1617 308 204 49 terre
1753 308 159 49 vel
1844 308 227 49 aeris:
2003 308 341 49 nihilominus

1306 356 226 54 manet
1457 356 176 54 vna
1557 356 226 54 spens
1708 356 226 54 aque.
1859 356 201 54 Unde
1984 356 151 54 in
2060 356 201 54 aqua
2160 356 126 54 ma-

1308 420 137 53 ris
1387 420 196 53 potest
1524 420 176 53 fieri
1641 420 274 53 baptismus:
1856 420 176 53 licet
1973 420 156 53 eius
2071 420 215 53 salsedo
2208 420 78 53 de

1314 468 182 55 clarat
1441 468 128 55 eam
1514 468 182 55 mixtam
1642 468 128 55 cum
1715 468 219 55 partibus
1879 468 292 55 terrestribus
2117 468 219 55 secundum

1322 517 240 70 Aristoteles
1514 517 112 70 ii.
1578 517 256 70 Maeteororum.
1786 517 208 70 Similiter
1946 517 96 70 in
1994 517 176 70 litivio
2122 517 128 70 quod
2202 517 112 70 fit

1310 571 127 72 per
1382 571 236 72 transitum
1564 571 145 72 aque
1654 571 127 72 per
1727 571 218 72 cineres.
1890 571 236 72 Similiter
2071 571 109 72 in
2126 571 199 72 thermis

1306 636 224 62 balneis
1469 636 122 62 et
1530 636 183 62 aquis
1652 636 306 62 sulphureis:
1897 636 143 62 sed
1978 636 143 62 non
2060 636 122 62 in
2121 636 204 62 vrina:

1311 694 171 53 quae
1418 694 150 53 est
1503 694 300 53 colamentum
1739 694 300 53 sanguinis:
1974 694 150 53 nec
2060 694 128 53 in
2103 694 171 53 cerui-

1304 747 134 56 sia
1380 747 153 56 bona
1476 747 248 56 principue
1666 747 153 56 quae
1762 747 153 56 bene
1857 747 210 56 nutrit.
2010 747 134 56 nam
2086 747 114 56 in
2143 747 172 56 istis

1300 801 157 58 non
1389 801 202 58 manet
1524 801 179 58 aqua
1636 801 134 58 in
1703 801 224 58 specie
1860 801 179 58 sua.
1972 801 134 58 Ad
2039 801 269 58 secundum
2218 801 90 58 di

1296 860 198 55 cendum
1435 860 159 55 quod
1534 860 159 55 aqua
1633 860 218 55 rosacea
1792 860 139 55 non
1872 860 139 55 est
1951 860 218 55 eiusdem
2110 860 238 55 specieio

1301 923 143 52 cum
1382 923 164 52 aqua
1485 923 307 52 elementari:
1730 923 184 52 sicut
1853 923 143 52 per
1935 923 246 52 actionem
2099 923 184 52 distin-

1305 974 136 69 ctam
1390 974 204 69 secundum
1543 974 153 69 speem
1644 974 170 69 patet:
1763 974 136 69 quia
1848 974 136 69 dato
1933 974 136 69 quod
2018 974 136 69 ille
2102 974 204 69 qualita:

1298 1027 126 57 tes
1370 1027 144 57 sint
1460 1027 108 57 in
1514 1027 198 57 vtraque
1659 1027 198 57 eiusdem
1803 1027 216 57 speciei:
1965 1027 126 57 non
2038 1027 162 57 tamen
2146 1027 162 57 omnes

1299 1085 180 70 aliae.
1425 1085 162 70 sicut
1533 1085 270 70 operationes
1749 1085 252 70 distinctae
1946 1085 216 70 secundum
2108 1085 198 70 speciet

1292 1140 333 74 manifestant.
1562 1140 125 74 Ad
1625 1140 229 74 tertium
1791 1140 208 74 dicant
1936 1140 208 74 quidam
2082 1140 166 74 quod
2186 1140 125 74 ad

1292 1193 157 59 quae
1390 1193 196 59 siuxit
1528 1193 157 59 etc.
1626 1193 157 59 fuit
1724 1193 275 59 elementum:
1940 1193 118 59 et
1998 1193 275 59 miraculose
2195 1193 78 59 re

1296 1251 176 57 soluta
1419 1251 105 57 in
1472 1251 123 57 ita
1542 1251 158 57 brevi
1648 1251 211 57 tempore:
1806 1251 141 57 quia
1894 1251 228 57 vulnerati
2069 1251 123 57 non
2139 1251 176 57 solent

1285 1307 274 59 emittere
1491 1307 206 59 aquam
1628 1307 137 59 de
1697 1307 320 59 vulneribus
1948 1307 183 59 nisi
2062 1307 183 59 post
2154 1307 114 59 lon

1282 1363 157 73 gam
1371 1363 359 73 resolutionem
1663 1363 135 73 et
1730 1363 359 73 alterationem
2021 1363 224 73 eorum.
2178 1363 135 73 Ad

1308 1428 190 57 quartum
1446 1428 190 57 dicitur
1585 1428 139 57 quod
1671 1428 139 57 bene
1758 1428 225 57 potuisset
1931 1428 139 57 sive
2018 1428 173 57 posset
2139 1428 121 57 sic
2191 1428 69 57 fi

1291 1477 157 62 isse
1389 1477 274 62 institutus
1605 1477 255 62 haptismus
1801 1477 118 62 si
1860 1477 216 62 christo
2016 1477 294 62 placuisset:

1295 1531 135 72 sed
1372 1531 135 72 non
1449 1531 135 72 est
1526 1531 250 72 elementum
1718 1531 135 72 sic
1796 1531 250 72 resistens
1988 1531 193 72 tactui
2123 1531 135 72 nec
2181 1531 96 72 ita

1299 1588 253 59 ensibile
1489 1588 190 59 sicut
1615 1588 190 59 aqui.
1741 1588 126 59 vt
1805 1588 190 59 dicit
1931 1588 211 59 Alber.
2078 1588 232 59 QQuarto

1298 1646 223 61 videndum
1466 1646 130 61 est
1540 1646 149 61 quid
1633 1646 260 61 requiritur
1837 1646 93 61 a
1875 1646 167 61 parte
1986 1646 279 61 recipientis
2191 1646 74 61 sa

1295 1699 213 55 cistrum
1449 1699 252 55 baptismi.
1643 1699 155 55 vnde
1740 1699 232 55 dicendum
1914 1699 135 55 est
1991 1699 135 55 vel
2049 1699 213 55 haptiand-

1289 1753 150 72 est
1374 1753 258 72 paruulus
1568 1753 150 72 vel
1653 1753 258 72 adultus.
1847 1753 129 72 Si
1911 1753 279 72 peruulus:
2126 1753 193 72 nihil

1287 1812 262 64 requiritur
1493 1812 150 64 nisi
1587 1812 150 64 quod
1681 1812 131 64 sit
1756 1812 169 64 natus
1868 1812 112 64 et
1924 1812 206 64 divisus
2074 1812 94 64 a
2111 1812 150 64 osre
2186 1812 94 64 to-

1284 1867 197 75 taliter
1427 1867 125 75 vel
1499 1867 107 75 in
1552 1867 179 75 parte.
1678 1867 143 75 Quod
1767 1867 143 75 ideo
1857 1867 161 75 dico:
1964 1867 143 75 quod
2053 1867 179 75 libcet
2161 1867 107 75 regu

1283 1917 242 61 lariter
1459 1917 285 61 expectari
1678 1917 220 61 debeat
1832 1917 242 61 totalis
2008 1917 263 61 egressio
2183 1917 88 61 de

1283 1979 203 60 vtero:
1425 1979 122 60 in
1486 1979 244 60 articulo
1669 1979 183 60 tamen
1791 1979 325 60 necessitatis
2056 1979 142 60 ubi
2117 1979 142 60 times

1284 2036 172 63 mors
1391 2036 258 63 parueri:
1584 2036 129 63 si
1648 2036 193 63 caput
1777 2036 236 63 appeat:
1949 2036 279 63 aspgendum
2164 2036 150 63 est

1288 2092 155 68 aqui:
1391 2092 137 68 quia
1477 2092 155 68 caput
1580 2092 120 68 est
1649 2092 258 68 principalis
1855 2092 137 68 pars
1940 2092 189 68 hominis
2078 2092 103 68 in
2129 2092 120 68 qua
2198 2092 120 68 sut

1282 2148 190 50 omnes
1409 2148 232 50 sensus.
1578 2148 127 50 si
1641 2148 169 50 vero
1747 2148 190 50 manus
1874 2148 148 50 vel
1958 2148 148 50 prs
2043 2148 148 50 pus
2127 2148 190 50 exeat

1287 2195 213 55 secundum
1447 2195 195 55 quosdam
1589 2195 124 55 non
1660 2195 160 55 debet
1766 2195 230 55 baptiari:
1943 2195 160 55 nihil
2050 2195 160 55 tamen
2156 2195 160 55 nocet

1284 2252 119 57 si
1344 2252 237 57 aspgatur
1522 2252 138 57 cum
1601 2252 198 57 debita
1739 2252 178 57 forma
1858 2252 257 57 verborum.
2055 2252 158 57 quia
2154 2252 158 57 mise

1282 2310 242 69 ricordia
1464 2310 141 69 dei
1544 2310 141 69 non
1625 2310 141 69 est
1706 2310 121 69 in
1766 2310 384 69 necessitatearet
2089 2310 182 69 anda.
2190 2310 81 69 si

1280 2367 165 67 vero
1384 2367 207 67 postea
1528 2367 248 67 plenarie
1714 2367 269 67 nascatur:
1921 2367 207 67 potest
2045 2367 227 67 haptinari

1285 2418 140 77 sub
1365 2418 280 77 conditione
1585 2418 160 77 sic.
1685 2418 120 77 Si
1745 2418 140 77 non
1826 2418 120 77 es
1886 2418 300 77 haptibatus:
2126 2418 140 77 ego
2186 2418 80 77 te

1292 2476 214 62 haptio
1442 2476 171 62 etc.
1549 2476 300 62 Sctificati
1784 2476 171 62 vero
1891 2476 129 62 in
1956 2476 193 62 vtero
2084 2476 236 62 haptia.

1283 2532 116 54 ri
1341 2532 194 54 debent
1476 2532 194 54 quando
1612 2532 155 54 sunt
1709 2532 155 54 nati
1806 2532 213 54 propter
1961 2532 291 54 characterem
2193 2532 116 54 et

1288 2581 235 69 praeceptum
1473 2581 201 69 eccliae.
1623 2581 134 69 Item
1707 2581 134 69 puer
1791 2581 117 69 non
1858 2581 151 69 debet
1959 2581 151 69 intus
2059 2581 117 69 hoc
2126 2581 117 69 est
2193 2581 117 69 in.

1282 2644 170 74 vtero
1396 2644 170 74 totus
1509 2644 227 74 existens
1679 2644 246 74 haptiari:
1869 2644 132 74 nec
1944 2644 151 74 mter
2039 2644 170 74 debet
2134 2644 132 74 bapti

1290 2699 139 58 cari
1377 2699 192 58 proptur
1516 2699 192 58 puerum:
1655 2699 139 58 quod
1742 2699 105 58 si
1795 2699 157 58 fiat:
1899 2699 122 58 non
1969 2699 122 58 tmu
2039 2699 122 58 est
2108 2699 192 58 baptira

1286 2757 153 62 tus.
1382 2757 115 62 de
1439 2757 172 62 conse
1554 2757 134 62 dit
1630 2757 172 62 iiii.
1745 2757 134 62 Qui
1822 2757 115 62 in
1879 2757 191 62 mrnis.
2013 2757 115 62 et
2071 2757 115 62 c.
2128 2757 115 62 si
2185 2757 115 62 ad

1280 2811 166 56 mris
1384 2811 228 56 corpus.
1549 2811 166 56 Unde
1653 2811 124 56 si
1715 2811 186 56 mlier
1839 2811 228 56 gravida
2005 2811 290 56 conuertere

1280 2868 155 53 tur
1368 2868 133 53 ad
1435 2868 199 53 fidem
1568 2868 133 53 et
1634 2868 288 53 baptaret:
1855 2868 332 53 nihilominus
2121 2868 177 53 puer

1274 2922 209 65 postea
1420 2922 188 65 natus
1546 2922 188 65 debet
1671 2922 272 65 bapt:ari.
1880 2922 125 65 Si
1943 2922 167 65 vero
2026 2922 230 65 haptiand-

1284 2966 146 69 sit
1367 2966 250 69 aduitus:
1555 2966 146 69 vel
1638 2966 146 69 est
1722 2966 250 69 furiosus
1909 2966 250 69 stultus:
2096 2966 146 69 vel
2159 2966 104 69 sa-

1270 3020 147 66 ne
1344 3020 270 66 mestis.
1541 3020 147 66 Si
1614 3020 270 66 stultus
1811 3020 172 66 vel
1909 3020 319 66 perpetuae
2130 3020 123 66 fu-

1267 3084 237 73 riosus:
1440 3084 172 73 idem
1547 3084 258 73 iadicium
1741 3084 151 73 est
1827 3084 129 73 de
1891 3084 172 73 tali
1999 3084 129 73 et
2063 3084 129 73 de
2128 3084 172 73 parm
