2550 3300
284 164 109 109 per
347 164 141 109 illud
441 164 172 109 Urbani.
566 164 94 109 et
613 164 172 109 ponitur
738 164 94 109 de
785 164 141 109 conse
879 164 235 109 distintione
1066 164 94 109 xe
1113 164 156 109 capitl
1207 164 47 109 i

277 267 196 60 Omnes
408 267 240 60 fideles
582 267 152 60 per
669 267 196 60 manus
800 267 348 60 impositiones
1083 267 218 60 eporum

278 314 353 58 spiritumsctum
569 314 166 58 post
673 314 270 58 baptismum
880 314 249 58 accipere
1067 314 228 58 debent:

289 369 107 58 ut
343 369 161 58 pleni
450 369 250 58 christiani
646 369 268 58 inveniatur.
861 369 125 58 sed
932 369 197 58 necesse
1075 369 125 58 est
1147 369 107 58 ad
1183 369 71 58 sa

298 420 168 68 lutem
410 420 149 68 quod
503 420 149 68 homo
596 420 130 68 sit
671 420 186 68 plenus
801 420 298 68 christianus.
1043 420 242 68 Praeterea

294 477 102 62 si
345 477 136 62 sic:
430 477 203 62 quilibet
582 477 254 62 confirmatus
786 477 169 62 posset
904 477 254 62 confirmare:
1107 477 102 62 et
1158 477 136 62 quia

292 537 206 59 quilibet
446 537 154 59 talis
549 537 154 59 habet
652 537 257 59 characterem
858 537 326 59 confirmationis:
1116 537 137 59 potest

285 588 275 72 consimilem
501 588 118 72 in
560 588 118 72 eo
619 588 236 72 causare.
796 588 157 72 Item
894 588 118 72 si
953 588 157 72 sic:
1052 588 138 72 eps
1110 588 138 72 degra

297 651 160 48 datus
404 651 178 48 posset
529 651 267 48 confirmare:
743 651 107 48 et
796 651 178 48 posset
921 651 232 48 consicere
1099 651 178 48 corpus

286 701 211 54 christi
440 701 154 54 quia
536 701 115 54 si
593 701 173 54 semel
709 701 192 54 potuit
843 701 269 54 confirmare
1055 701 135 54 aut
1112 701 135 54 confi

284 749 151 62 cere
378 749 188 62 corpus
510 749 226 62 christi:
680 749 188 62 semper
812 749 207 62 poterit
962 749 94 62 /
1000 749 113 62 ex
1057 749 132 62 quo
1113 749 132 62 chara

285 810 182 57 cter
399 810 205 57 manet
536 810 228 57 semper
695 810 364 57 indelebilis.
991 810 296 57 Oppositum

290 875 145 63 tamen
386 875 177 63 habetur
515 875 96 63 de
563 875 209 63 consecraa
724 875 241 63 distintione
917 875 80 63 v
949 875 112 63 per
1013 875 145 63 totum
1109 875 96 63 Ad
1158 875 129 63 hanc

287 923 245 72 questionem
480 923 210 72 dicendum
638 923 123 72 est
708 923 140 72 quod
795 923 140 72 sic.
883 923 140 72 Unde
970 923 210 72 sciendum
1128 923 140 72 quod

296 979 151 65 iex
383 979 172 65 sunt
490 979 129 65 de
555 979 302 65 substantia
792 979 194 65 huius
922 979 323 65 sacramenti:
1159 979 86 65 ma

286 1043 179 55 teria
406 1043 120 55 et
465 1043 179 55 forma
585 1043 120 55 ex
645 1043 179 55 parte
765 1043 159 55 sui:
864 1043 239 55 dignitas
1024 1043 219 55 pontifica

281 1092 130 63 lis
356 1092 112 63 et
412 1092 223 63 intentio
579 1092 186 63 debita
709 1092 112 63 ex
765 1092 167 63 parte
876 1092 242 63 ministri:
1062 1092 112 63 ex
1118 1092 167 63 parte

282 1148 179 55 autem
401 1148 278 55 confirmati
620 1148 159 55 quod
719 1148 199 55 habeat
858 1148 278 55 deuotionem
1076 1148 139 55 seu
1136 1148 99 55 vo-

288 1203 237 64 luntatem:
470 1203 109 64 et
525 1203 146 64 quod
616 1203 128 64 sit
689 1203 255 64 baptiatus.
889 1203 146 64 quia
981 1203 237 64 haptismus
1163 1203 128 64 est

300 1260 163 63 ianva
408 1260 325 63 sacramentorum.
679 1260 289 63 distinctione
914 1260 144 63 liii
1004 1260 271 63 solicitudo.

286 1330 240 49 Materia
461 1330 153 49 est
548 1330 262 49 chrisma:
745 1330 175 49 quod
854 1330 153 49 est
941 1330 197 49 oleum
1050 1330 197 49 balsama

288 1380 140 55 et
358 1380 257 55 mixtura
544 1380 257 55 quaedam
731 1380 140 55 de
801 1380 187 55 oleo
917 1380 140 55 et
987 1380 257 55 balsamo
1151 1380 93 55 ab

285 1428 170 64 aepo
391 1428 319 64 consecrata.
646 1428 191 64 oleum
774 1428 170 64 vero
880 1428 191 64 debet
1008 1428 170 64 esse
1093 1428 149 64 olive

296 1484 210 63 tantum.
449 1484 172 63 Forma
563 1484 134 63 est
640 1484 172 63 ista.
754 1484 229 63 Consigno
926 1484 115 63 te
984 1484 172 63 signo
1079 1484 153 63 cruci-

286 1544 262 51 Confirmo
483 1544 131 51 te
548 1544 284 51 chrismate
767 1544 262 51 salutis.
963 1544 131 51 In
1029 1544 218 51 nomine
1160 1544 87 51 pa

295 1596 152 55 iris
390 1596 152 55 etc.
486 1596 172 55 licet
600 1596 191 55 quidam
733 1596 191 55 dicant
867 1596 95 55 /
905 1596 172 55 signo
1019 1596 114 55 te
1057 1596 191 55 chrisma-

280 1652 131 68 te
346 1652 414 68 sctificationis.
694 1652 131 68 Ad
760 1652 218 68 primum
912 1652 261 68 dicendum
1108 1652 174 68 quod

284 1708 192 55 istud
411 1708 319 55 sacramentum
667 1708 170 55 fuit
773 1708 298 55 institutum
1008 1708 106 55 a
1050 1708 234 55 christo

287 1769 134 50 Mat
363 1769 153 50 xix.
459 1769 134 50 ubi
535 1769 248 50 praeueris
726 1769 210 50 legitur
879 1769 172 50 manus
994 1769 287 50 imposuisse.

279 1812 134 63 nec
356 1812 192 63 obstat
490 1812 153 63 quod
586 1812 134 63 nec
662 1812 115 63 in
720 1812 249 63 euangelio
912 1812 211 63 legitur
1065 1812 96 63 /
1104 1812 134 63 nec
1161 1812 77 63 in

290 1883 231 48 actibus
458 1883 252 48 aplsorum
647 1883 189 48 forma
774 1883 147 48 vel
858 1883 231 48 materia
1026 1883 210 48 istius
1152 1883 84 48 sa

291 1922 276 73 cramenti:
503 1922 170 73 quia
610 1922 149 73 tam
695 1922 191 73 forma
822 1922 170 73 quam
928 1922 234 73 materia
1077 1922 170 73 quorum

279 1988 139 55 dam
359 1988 159 55 quae
458 1988 139 55 non
537 1988 159 55 sunt
637 1988 119 55 de
696 1988 298 55 necessitate
934 1988 218 55 salutis
1093 1988 99 55 /
1113 1988 139 55 occul

285 2043 185 54 tanda
409 2043 185 54 erant
532 2043 123 54 in
594 2043 247 54 ecclesia
779 2043 268 54 primitiva
985 2043 226 54 propter
1150 2043 123 54 il

277 2100 269 47 risiones
478 2100 313 47 gentilium.
724 2100 179 47 Unde
836 2100 291 47 Dionvsius
1060 2100 134 47 in
1105 2100 134 47 fine

277 2156 359 55 ecclesiastice
572 2156 296 55 hierarchie
805 2156 127 55 se
868 2156 232 55 excusat
1037 2156 106 55 a
1058 2156 190 55 determi

284 2204 275 55 natione
484 2204 300 55 factorum
709 2204 476 55 lacramentalium.
1110 2204 175 55 Pet

300 2259 157 68 quod
399 2259 177 68 patet
517 2259 118 68 ad
576 2259 256 68 secundum:
773 2259 177 68 tamen
891 2259 236 68 apostoli
1068 2259 216 68 aliquao

293 2308 182 63 forma
414 2308 283 63 vtebantur:
637 2308 182 63 licet
758 2308 142 63 non
839 2308 324 63 scribebatur.
1102 2308 121 63 Ad
1143 2308 101 63 ter

291 2364 138 63 tium
377 2364 190 63 dicitur
515 2364 138 63 quod
602 2364 259 63 necessarium
809 2364 121 63 est
878 2364 121 63 non
947 2364 104 63 ad
999 2364 156 63 esse:
1103 2364 121 63 sed
1172 2364 104 63 ad

295 2419 139 76 bene
381 2419 156 76 esse.
485 2419 104 76 Ad
537 2419 191 76 quartum
676 2419 191 76 dicitur
815 2419 139 76 quod
901 2419 243 76 communiter
1092 2419 139 76 soli
1161 2419 87 76 epe

285 2483 229 64 possunt
451 2483 145 64 hoc
535 2483 312 64 sacramentum
784 2483 270 64 conferre:
992 2483 145 64 sed
1054 2483 187 64 simpli-

288 2539 119 52 ci
348 2539 257 52 sacerdoti
545 2539 198 52 potest
684 2539 257 52 committi.
882 2539 158 52 vide
981 2539 178 52 casum
1099 2539 119 52 de
1139 2539 99 52 cot

293 2588 165 63 secra
403 2588 276 63 distintione
623 2588 110 63 u.
678 2588 184 63 manus.
807 2588 129 63 cum
881 2588 165 63 glos.
991 2588 110 63 Ad
1046 2588 202 63 quintum
1175 2588 73 63 di

297 2648 142 58 cunt
386 2648 177 58 quidam
510 2648 142 58 quod
598 2648 142 58 sic:
687 2648 142 58 quia
776 2648 124 58 eps
847 2648 248 58 degradatus
1041 2648 177 58 semper
1165 2648 124 58 est

289 2699 175 64 eps.
398 2699 175 64 Nota
508 2699 197 64 quare
639 2699 240 64 tenetur
814 2699 175 64 homo
923 2699 131 64 ad
967 2699 284 64 confirmatio

285 2764 157 64 nem:
384 2764 157 64 quia
482 2764 138 64 est
560 2764 295 64 sacramentum
796 2764 118 64 ad
855 2764 295 64 foborandum:
1091 2764 118 64 et
1130 2764 118 64 ipse

293 2812 115 63 se
350 2812 267 63 significat
560 2812 191 63 robore
694 2812 248 63 indigere.
885 2812 134 63 nec
961 2812 210 63 differt
1114 2812 172 63 vtrum

290 2876 208 55 mulier
436 2876 208 55 teneat
582 2876 188 55 virum
707 2876 125 55 an
770 2876 167 55 vir.
874 2876 167 55 Item
978 2876 167 55 loca
1061 2876 188 55 unctio-

295 2931 156 49 nis
384 2931 222 49 debent
539 2931 222 49 ligari
695 2931 200 49 panno
828 2931 267 49 quousque
1006 2931 245 49 desiccen-

285 2980 158 55 tur.
384 2980 118 55 et
443 2980 197 55 postea
581 2980 177 55 debet
699 2980 158 55 homo
798 2980 158 55 esse
896 2980 138 55 sub
975 2980 197 55 quadam
1093 2980 158 55 disci-

289 3036 216 63 plinam
440 3036 151 63 per
527 3036 216 63 septem
678 3036 194 63 dies:
807 3036 237 63 propter
958 3036 281 63 septisormem

281 3083 163 72 grat:
390 3083 199 72 amilin.
534 3083 308 72 iiilussancti.

1603 213 379 102 Ueritur
1878 213 310 102 utrum
2085 213 207 102 in

1620 315 297 56 sacramento
1853 315 339 56 eucharistiae
2129 315 149 56 sub

1627 372 205 65 spenbus
1776 372 168 65 panis
1888 372 149 65 vere
1981 372 112 65 et
2037 372 223 65 realiter

1611 428 202 63 existat
1758 428 184 63 corpus
1886 428 220 63 christi:
2051 428 147 63 Quod
2143 428 129 63 non

1622 475 125 66 quia
1701 475 94 66 si
1747 475 125 66 sic:
1826 475 109 66 hoc
1888 475 156 66 fieret
1998 475 109 66 per
2044 475 188 66 conuersio-

1277 532 131 63 nem
1352 532 168 63 panis
1464 532 112 63 et
1521 532 150 63 vini
1614 532 112 63 in
1670 532 187 63 corpus
1801 532 225 63 christi:
1970 532 131 63 sed
2045 532 168 63 talis
2138 532 94 63 con

1281 596 181 63 versio
1408 596 127 63 est
1480 596 308 63 impossibilis.
1734 596 145 63 ergo
1824 596 145 63 etc.
1915 596 236 63 Assumptum
2096 596 181 63 probo:

1286 659 152 56 quia
1381 659 191 56 quaero
1515 659 152 56 tali
1610 659 286 56 conuersione
1839 659 172 56 facta
1953 659 172 56 vtrum
2067 659 172 56 manet
2163 659 76 56 pa

1285 699 141 64 nis
1366 699 121 64 an
1426 699 141 64 non
1507 699 182 64 manet
1628 699 202 64 panis:
1769 699 121 64 si
1829 699 202 64 manet:
1971 699 161 64 ergo
2071 699 141 64 non
2152 699 141 64 est

1273 764 255 55 transitus
1469 764 137 55 nec
1548 764 274 55 conversus.
1763 764 118 55 si
1822 764 137 55 non
1900 764 176 55 manet
2018 764 196 55 panis:
2155 764 137 55 nec

1282 820 137 55 est
1361 820 216 55 aliquid
1518 820 118 55 de
1577 820 157 55 pane
1675 820 275 55 generatum:
1891 820 196 55 igitur
2028 820 177 55 panis
2146 820 137 55 est

1274 868 250 63 adnihilatus.
1478 868 125 63 Ista
1556 868 250 63 consequentia
1759 868 156 63 patet:
1869 868 125 63 quia
1947 868 94 63 si
1994 868 172 63 aliquid
2119 868 125 63 fuit
2181 868 63 63 pa

1269 939 165 49 nis:
1372 939 124 49 et
1434 939 185 49 nihil
1558 939 144 49 est
1640 939 165 49 modo
1743 939 206 49 panis:
1888 939 144 49 nec
1970 939 165 49 alia
2053 939 185 49 diuisio

1273 988 197 55 fiebat
1411 988 118 55 in
1471 988 178 55 pane:
1589 988 138 55 vel
1668 988 217 55 ablatio
1826 988 217 55 partis:
1984 988 138 55 nec
2062 988 217 55 materia

1277 1044 185 62 panis
1401 1044 144 62 est
1483 1044 144 62 sub
1565 1044 164 62 alia
1668 1044 205 62 forma:
1812 1044 205 62 igitur
1955 1044 185 62 panis
2079 1044 144 62 est
2140 1044 103 62 ad-

1278 1097 244 57 nihilatus:
1469 1097 140 57 quia
1557 1097 122 57 non
1626 1097 174 57 potest
1749 1097 140 57 dici
1836 1097 227 57 corruptus
2010 1097 87 57 /
2045 1097 140 57 nisi
2132 1097 140 57 alia

1267 1155 197 57 forma
1399 1155 329 57 generaretur
1661 1155 131 57 in
1727 1155 241 57 materia
1902 1155 219 57 panis.
2034 1155 197 57 Confir-

1279 1219 168 56 matur
1391 1219 149 56 ista
1485 1219 187 56 ratio:
1615 1219 149 56 quia
1709 1219 168 56 facta
1820 1219 317 56 consecratione
2082 1219 187 56 quaero

1271 1268 194 55 utrum
1401 1268 237 55 aliquid
1573 1268 172 55 quod
1680 1268 172 55 fuit
1788 1268 172 55 pars
1896 1268 194 55 panis
2025 1268 108 55 /
2068 1268 172 55 est:
2154 1268 86 55 an

1274 1331 187 57 nihil
1399 1331 166 57 quod
1502 1331 166 57 fuit
1606 1331 166 57 pars
1710 1331 187 57 panis
1834 1331 104 57 /
1876 1331 166 57 est:
1979 1331 124 57 Si
2042 1331 249 57 secundum

1276 1380 216 55 detur:
1428 1380 216 55 igitur
1579 1380 151 55 nec
1666 1380 238 55 materia
1839 1380 151 55 nec
1925 1380 195 55 forma
2055 1380 195 55 panis
2163 1380 87 55 ma

1280 1438 142 61 net:
1369 1438 107 61 et
1422 1438 124 61 per
1493 1438 249 61 consequens
1689 1438 160 61 panis
1795 1438 124 61 est
1866 1438 284 61 adnihilatus.
2097 1438 107 61 Si
2132 1438 107 61 ali-

1273 1492 162 60 quid
1374 1492 162 60 quod
1476 1492 162 60 fuit
1577 1492 162 60 pars
1679 1492 183 60 panis
1800 1492 101 60 /
1841 1492 203 60 manet:
1983 1492 223 60 Contra.
2146 1492 142 60 aut

1285 1557 167 62 igitur
1402 1557 134 62 pars
1486 1557 134 62 esse
1569 1557 217 62 ntiatiur:
1736 1557 117 62 aut
1803 1557 284 62 quantitativa:
2037 1557 117 62 aut
2087 1557 150 62 qualita

1284 1603 179 64 tiva.
1404 1603 120 64 Si
1463 1603 339 64 quantitativa:
1743 1603 140 64 cum
1822 1603 259 64 quaelibet
2022 1603 159 64 pars
2121 1603 159 64 quam

1272 1666 247 57 titativa
1458 1666 185 57 panis
1581 1666 144 57 fit
1664 1666 206 57 panis:
1808 1666 247 57 sequitur
1993 1666 165 57 quod
2096 1666 185 57 panis

1288 1708 171 62 manet
1402 1708 152 62 post
1497 1708 360 62 consecrationem.
1800 1708 265 62 consequens
2009 1708 133 62 est
2084 1708 209 62 falsum.

1275 1772 121 55 Si
1335 1772 322 55 essentialis:
1597 1772 141 55 vel
1677 1772 221 55 materia
1838 1772 141 55 vel
1918 1772 201 55 forma:
2059 1772 141 55 sed
2119 1772 121 55 sive

1280 1819 132 76 sic
1355 1819 151 76 sive
1450 1819 132 76 sic
1525 1819 94 76 /
1562 1819 207 76 oportet
1713 1819 245 76 concedere
1901 1819 151 76 quod
1995 1819 132 76 ibi
2071 1819 207 76 remanet

1280 1883 199 54 aliquam
1425 1883 254 54 substantia
1624 1883 236 54 distincta
1805 1883 217 54 realiter
1968 1883 91 54 a
2005 1883 199 54 corpore
2131 1883 109 54 chri

1283 1932 108 64 sti
1344 1932 77 64 /
1375 1932 93 64 et
1422 1932 139 64 anima
1514 1932 170 64 christi
1638 1932 77 64 /
1669 1932 93 64 et
1715 1932 186 64 partibus
1855 1932 170 64 christi
1978 1932 77 64 /
2009 1932 93 64 et
2055 1932 216 64 divinitate

1273 1981 98 78 et
1322 1981 213 78 similiter
1486 1981 131 78 quod
1568 1981 115 78 non
1633 1981 115 78 est
1699 1981 230 78 transiatio
1879 1981 164 78 totius
1994 1981 148 78 panis
2076 1981 164 78 consecra

1277 2052 127 54 ti.
1350 2052 182 54 igitur
1477 2052 127 54 non
1549 2052 127 54 est
1622 2052 236 54 possibile
1804 2052 182 54 ponere
1931 2052 164 54 talem
2022 2052 218 54 conuersio-

1274 2092 139 71 nem.
1361 2092 174 71 igitur
1483 2092 139 71 etc.
1570 2092 244 71 Praeterea.
1762 2092 105 71 si
1814 2092 157 71 talis
1918 2092 227 71 conuersio
2093 2092 174 71 vunius

1283 2164 126 55 rei
1355 2164 108 55 in
1409 2164 163 55 aliam
1518 2164 163 55 foret
1626 2164 271 55 possibilis:
1843 2164 108 55 et
1897 2164 163 55 tamen
2005 2164 126 55 res
2077 2164 108 55 in
2132 2164 144 55 quam

1274 2212 129 61 fit
1347 2212 239 61 conuersio
1531 2212 92 61 /
1567 2212 129 61 non
1641 2212 257 61 augeretur:
1843 2212 257 61 sequeretur
2045 2212 147 61 quod
2137 2212 147 61 deus

1284 2276 204 55 posset
1427 2276 286 55 convertere
1651 2276 184 55 totam
1774 2276 245 55 machinam
1958 2276 184 55 mundi
2081 2276 123 55 in
2142 2276 143 55 sub

1273 2325 228 53 stantiam
1444 2325 190 53 musce:
1576 2325 133 53 vel
1652 2325 171 53 etiam
1766 2325 152 53 quod
1861 2325 190 53 posset
1994 2325 190 53 ponere
2107 2325 133 53 quam-

1281 2379 160 64 libet
1388 2379 266 64 substantiam
1601 2379 124 64 sub
1672 2379 178 64 specie
1796 2379 231 64 alterius.
1974 2379 107 64 et
2027 2379 124 64 sic
2098 2379 178 64 posset

1279 2436 189 62 ponere
1411 2436 189 62 asinum
1544 2436 132 62 sub
1619 2436 189 62 specie
1752 2436 227 62 hominis:
1922 2436 151 62 immo
2016 2436 151 62 pari
2092 2436 151 62 ratio-

1284 2492 118 63 ne
1343 2492 176 63 mille
1461 2492 196 63 asinos
1598 2492 118 63 in
1657 2492 196 63 specie
1794 2492 176 63 unius
1911 2492 215 63 hominis
2068 2492 137 63 vel
2127 2492 118 63 econ

1282 2549 214 62 trario:
1437 2549 117 62 et
1495 2549 136 62 sic
1573 2549 214 62 periret
1729 2549 194 62 omnino
1865 2549 253 62 certitudo
2040 2549 194 62 experien

1274 2603 131 57 tiae:
1362 2603 88 57 et
1406 2603 190 57 generatio
1552 2603 190 57 scientiae
1697 2603 102 57 per
1756 2603 233 57 experimentum
1945 2603 146 57 contra
2047 2603 219 57 Aristoteles

1267 2660 172 60 telem
1381 2660 95 60 i
1420 2660 267 60 metaphpyus
1629 2660 114 60 et
1687 2660 210 60 secundo
1839 2660 286 60 posteriorum
2068 2660 114 60 in
2106 2660 134 60 fine.

1279 2716 148 62 patet
1377 2716 280 62 consequentia:
1608 2716 132 62 quia
1690 2716 132 62 deus
1772 2716 164 62 potest
1887 2716 164 62 facere
2002 2716 148 62 subam
2085 2716 164 62 sapphiri

1278 2772 148 76 sub
1362 2772 211 76 specie
1510 2772 295 76 adamantis:
1742 2772 127 76 et
1805 2772 190 76 subam
1932 2772 211 76 stelle
2079 2772 148 76 sub
2143 2772 105 76 spe

1276 2836 139 55 cie
1356 2836 179 55 vnius
1475 2836 199 55 herbe:
1614 2836 119 55 et
1674 2836 139 55 sic
1753 2836 199 55 semper
1892 2836 258 55 habebimus
2071 2836 159 55 dubita

1268 2871 137 80 re
1337 2871 137 80 an
1405 2871 160 80 res
1497 2871 343 80 demonstrata
1771 2871 160 80 sit
1862 2871 206 80 lapis
1999 2871 137 80 an
2045 2871 183 80 lignum

1269 2939 117 63 an
1328 2939 176 63 herba
1445 2939 117 63 an
1504 2939 176 63 homo.
1621 2939 117 63 et
1680 2939 137 63 sic
1758 2939 215 63 inventa
1915 2939 196 63 hostia
2051 2939 176 63 super
2149 2939 98 63 al-

1273 2988 153 63 tare
1369 2988 96 63 /
1407 2988 287 63 dubitaretur
1637 2988 249 63 aliquando
1828 2988 115 63 an
1885 2988 134 63 sit
1962 2988 268 63 consecrata
2153 2988 77 63 an

1275 3045 161 62 non.
1376 3045 141 62 nec
1456 3045 323 62 sussiceremus
1719 3045 121 62 ad
1779 3045 343 62 distinguendum
2061 3045 182 62 inter
2162 3045 81 62 pa

1277 3100 130 76 nem
1352 3100 111 76 et
1407 3100 130 76 non
1481 3100 185 76 panem.
1611 3100 111 76 et
1667 3100 148 76 pari
1759 3100 204 76 ratione
1907 3100 130 76 nec
1982 3100 296 76 sufficeremus
