2550 3300
275 203 107 62 le
329 203 143 62 hoc:
418 203 107 62 an
471 203 178 62 corpus
596 203 161 62 suum:
704 203 107 62 et
757 203 125 62 hoc
828 203 125 62 non
900 203 125 62 est
971 203 107 62 ad
1025 203 250 62 propositum

276 267 100 56 an
326 267 166 56 corpus
443 267 183 56 christi
575 267 100 56 in
625 267 150 56 celo:
725 267 100 56 et
775 267 133 56 tunc
858 267 150 56 dicit
958 267 166 56 falsum
1057 267 183 56 similiter

270 315 124 64 si
332 315 290 64 demonstrat
561 315 207 64 panem:
706 315 187 64 dicit
830 315 228 64 falsum.
996 315 166 64 ergo
1100 315 187 64 nullo

275 365 166 61 modo
379 365 187 61 dicit
504 365 208 61 verum.
649 365 229 61 Dicitur
815 365 125 61 ad
878 365 187 61 illud
982 365 249 61 communitet

280 427 150 60 quod
374 427 225 60 sacerdos
543 427 169 60 dicit
655 427 150 60 ista
749 427 169 60 verba
861 427 262 60 recitative
1067 427 112 60 in
1105 427 131 60 perso

281 484 106 54 na
334 484 195 54 christi
476 484 106 54 et
530 484 142 54 tunc
618 484 160 54 simul
725 484 160 54 dicit
831 484 106 54 ea
884 484 248 54 recitative
1079 484 106 54 et
1115 484 124 54 signi

273 531 241 79 ficative
454 531 241 79 respectu
635 531 221 79 materie
796 531 161 79 sibi
896 531 322 79 praesentate.
1158 531 121 79 Si

274 591 226 68 quaritur
444 591 151 68 quid
538 591 301 68 demonstretur
782 591 132 68 per
858 591 132 68 hoc
933 591 226 68 pronomen
1102 591 151 68 hoc:
1178 591 75 68 Di

278 655 149 68 com
363 655 170 68 quod
469 655 191 68 illud
597 655 170 68 quod
703 655 191 68 manet
830 655 149 68 sub
915 655 234 68 vtroque
1064 655 170 68 termio

268 710 380 68 tramsmutationis:
591 710 114 68 et
648 710 133 68 est
724 710 171 68 illud
839 710 152 68 quod
934 710 133 68 est
1010 710 266 68 accidentia

279 756 275 63 sensibilia
496 756 118 63 et
555 756 177 63 nulla
673 756 295 63 substantia.
909 756 157 63 Unde
1007 756 197 63 sensus
1145 756 138 63 est

284 816 137 60 hoc
362 816 254 60 contentum
557 816 137 60 sub
635 816 137 60 his
713 816 254 60 speciebus
908 816 137 60 est
986 816 195 60 corpus
1103 816 137 60 meum.

276 872 109 72 et
330 872 145 72 haec
421 872 127 72 est
494 872 164 72 causa
603 872 164 72 quare
712 872 127 72 non
785 872 200 72 additur
930 872 200 72 aliquod
1057 872 182 72 pronomen

285 923 170 79 illi
391 923 276 79 pronomini
603 923 382 79 demonstrativo:
922 923 127 79 ne
985 923 127 79 ad
1049 923 234 79 aliquam

274 986 196 57 speciem
417 986 268 57 substantiae
631 986 303 57 determinetur.
881 986 161 57 uvnde
988 986 214 57 secundum
1149 986 125 57 eos

277 1038 198 69 istud
409 1038 264 69 pronomen
607 1038 154 69 hoc
695 1038 154 69 non
784 1038 308 69 demonstrat
1026 1038 264 69 terminum

285 1108 89 67 a
321 1108 125 67 quo
392 1108 178 67 istius
517 1108 302 67 conuersionis:
766 1108 142 67 quia
855 1108 142 67 eius
944 1108 285 67 significatio
1175 1108 107 67 im

290 1163 198 56 pediret
434 1163 234 56 veritatem
614 1163 306 56 propositionis
866 1163 198 56 totius:
1010 1163 126 56 cum
1064 1163 162 56 termin-

284 1212 106 61 a
326 1212 148 61 quo
411 1212 148 61 non
495 1212 212 61 maneat
644 1212 127 61 in
707 1212 212 61 vltimo
855 1212 254 61 instanti
1046 1212 233 61 locutio

273 1271 162 68 nis.
374 1271 142 68 nec
455 1271 182 68 etiam
577 1271 284 68 demonstrat
800 1271 243 68 terminum
982 1271 304 68 adquentrans

275 1324 384 56 substantiationis
602 1324 308 56 determinate:
852 1324 154 56 quia
948 1324 135 56 iam
1005 1324 231 56 significa-

283 1388 140 64 tum
363 1388 280 64 locutionis
583 1388 320 64 praesupponit
842 1388 260 64 entitatem
1042 1388 140 64 rei
1102 1388 140 64 signi

278 1441 164 58 ficati
392 1441 197 58 scilicet
540 1441 197 58 corporis
688 1441 181 58 christi
819 1441 98 58 et
868 1441 115 58 non
934 1441 148 58 esset
1033 1441 164 58 aliquo
1148 1441 131 58 modo

283 1493 127 62 eius
362 1493 158 62 causa.
473 1493 95 62 et
521 1493 127 62 ideo
600 1493 158 62 dicunt
711 1493 127 62 quod
790 1493 222 62 demonstrat
964 1493 111 62 hoc
1027 1493 127 62 quod
1106 1493 111 62 est
1154 1493 79 62 con

286 1547 214 64 utrique
441 1547 214 64 termino
597 1547 350 64 indeterminate.
889 1547 156 64 vnde
986 1547 195 64 sensus
1122 1547 156 64 est:

281 1606 126 69 hoc
353 1606 234 69 contentum
533 1606 126 69 sub
604 1606 162 69 istis
712 1606 180 69 spebus
838 1606 126 69 est
910 1606 180 69 corpus
1035 1606 162 69 meum:
1143 1606 144 69 haec

287 1666 115 57 est
352 1666 213 57 sententia
516 1666 131 57 scti
599 1666 197 57 Thoaomas
746 1666 131 57 iiii
828 1666 99 57 li
878 1666 131 57 viii
960 1666 197 57 distitin
1091 1666 148 57 articu.

275 1730 128 50 xvi
348 1730 110 50 in
403 1730 274 50 responsione
622 1730 110 50 ad
677 1730 183 50 primum
805 1730 165 50 argu.
915 1730 128 50 Sed
988 1730 219 50 arguitur
1153 1730 128 50 sic

273 1776 192 68 contra
407 1776 154 68 ista
503 1776 211 68 suppono
657 1776 154 68 quod
753 1776 211 68 termini
907 1776 115 68 et
964 1776 192 68 orones
1079 1776 154 68 suppo-

270 1828 134 62 nant
354 1828 117 62 pro
421 1828 167 62 ultimo
538 1828 201 62 instanti
688 1828 251 62 prolationis
889 1828 167 62 eorum:
1006 1828 100 62 ac
1056 1828 100 62 si
1106 1828 134 62 esse
1173 1828 67 62 nt

284 1891 80 51 n
316 1891 128 51 illo
396 1891 192 51 instanti
539 1891 112 51 cum
603 1891 144 51 tamen
699 1891 112 51 non
763 1891 144 51 sint.
859 1891 112 51 sit
923 1891 128 51 ergo
1003 1891 80 51 a
1034 1891 176 51 instans
1162 1891 112 51 ter

276 1939 154 54 minus
379 1939 257 54 prolationis
584 1939 171 54 istius
704 1939 291 54 propositionis
945 1939 120 54 hoc
1013 1939 120 54 est
1082 1939 137 54 etc.
1167 1939 103 54 Et

278 1993 172 58 arguo
393 1993 153 58 sic.
489 1993 230 58 quicquid
661 1993 268 58 significat
872 1993 172 58 illud
987 1993 230 58 pronomen
1140 1993 96 58 hoc

278 2052 112 65 in
334 2052 130 65 hac
409 2052 205 65 ofrone:
557 2052 130 65 est
632 2052 298 65 demonstratum
874 2052 112 65 in
929 2052 93 65 a
967 2052 130 65 per
1041 2052 167 65 illud
1134 2052 93 65 pro

279 2097 160 66 nomen
386 2097 125 66 aut
457 2097 178 66 igitur
582 2097 160 66 illud
689 2097 125 66 est
760 2097 178 66 corpus
885 2097 196 66 christi
1027 2097 125 66 vel
1099 2097 178 66 panis.

280 2161 99 58 si
330 2161 166 58 corpus
446 2161 199 58 christi:
595 2161 133 58 ergo
678 2161 166 58 corpus
794 2161 182 58 christi
927 2161 116 58 est
993 2161 116 58 ibi
1060 2161 133 58 ante
1126 2161 116 58 finem

280 2213 273 69 polationis
494 2213 195 69 forme:
631 2213 117 69 et
689 2213 137 69 sic
767 2213 156 69 erit
845 2213 390 69 transsubstantiatio

286 2274 131 57 ante
367 2274 245 57 prolationem
564 2274 180 57 aliorum
694 2274 213 57 verborum.
858 2274 98 57 et
907 2274 114 57 sic
972 2274 131 57 illa
1054 2274 114 57 non
1103 2274 131 57 essent

279 2324 101 69 de
330 2324 169 69 forma.
448 2324 101 69 si
498 2324 118 69 est
566 2324 169 69 panis:
684 2324 135 69 tunc
768 2324 236 69 propositio
953 2324 118 69 est
1021 2324 169 69 falsa:
1139 2324 135 69 quia

277 2380 216 63 denotatur
444 2380 133 63 quod
527 2380 150 63 panis
627 2380 116 63 est
693 2380 166 63 corpus
810 2380 200 63 christi:
959 2380 133 63 ideo
1042 2380 100 63 si
1092 2380 133 63 iste
1159 2380 83 63 vo-

270 2434 118 64 ces
338 2434 186 64 hosuent
473 2434 203 64 virtutem
625 2434 270 64 consecrandi:
844 2434 135 64 quia
928 2434 253 64 proferuntur
1131 2434 84 64 a
1148 2434 84 64 sa-

267 2507 219 48 cerdote
426 2507 179 48 super
546 2507 219 48 debitam
705 2507 259 48 materiam:
904 2507 199 48 quaero
1043 2507 119 48 an
1103 2507 179 48 talis

274 2556 193 68 virtus
409 2556 290 68 consecrandi
641 2556 232 68 competat
814 2556 174 68 illis
930 2556 193 68 verbis
1065 2556 154 68 quod
1142 2556 97 68 ta-

282 2608 133 59 les
358 2608 152 59 sunt
453 2608 171 59 sicut
566 2608 152 59 idem
661 2608 322 59 euenissetante
927 2608 341 59 institutionem:

276 2660 227 63 Similiter
450 2660 105 63 si
502 2660 140 63 sic:
590 2660 192 63 ponatur
729 2660 140 63 quod
816 2660 174 63 cadant
938 2660 87 63 a
973 2660 122 63 sua
1026 2660 209 63 significa-

276 2716 213 63 tione:
425 2716 192 63 adhuc
553 2716 235 63 poterit
724 2716 256 63 sacerdos
916 2716 235 63 dicendo
1087 2716 192 63 voces

275 2772 138 63 non
354 2772 355 63 significativas
650 2772 296 63 consecrare.
886 2772 158 63 Item
985 2772 118 63 si
1044 2772 158 63 sic:
1123 2772 118 63 pona

281 2833 127 57 tur
353 2833 145 57 quod
444 2833 108 57 in
498 2833 199 57 aliquao
642 2833 181 57 lingua
769 2833 235 57 barbarica
950 2833 127 57 hoc
1022 2833 163 57 propo
1131 2833 145 57 modo

274 2893 283 54 convertatur
501 2893 132 54 cum
576 2893 151 54 ista
671 2893 189 54 sortes
803 2893 208 54 currit.
954 2893 151 54 tunc
1048 2893 227 54 sacerdos

273 2930 278 65 barbaricus
492 2930 258 65 consecrat
690 2930 238 65 dicendo:
869 2930 199 65 sortes
1008 2930 199 65 currit
1128 2930 99 65 seu

275 2990 196 61 sortem
413 2990 235 61 currere:
589 2990 157 61 quia
687 2990 157 61 vere
785 2990 216 61 diceret
942 2990 137 61 has
1020 2990 176 61 voces
1138 2990 137 61 hoc

276 3059 126 62 est
348 3059 180 62 corpus
474 3059 162 62 meum.
582 3059 144 62 Item
672 3059 216 62 christus
835 3059 126 62 non
907 3059 216 62 protulit
1069 3059 144 62 haec
1141 3059 90 62 ver

272 3100 126 87 ba:
344 3100 144 87 quia
434 3100 126 87 non
506 3100 252 87 loquebatur
704 3100 216 87 latinum.
865 3100 108 87 Si
919 3100 198 87 dicatur
1063 3100 144 87 quod
1153 3100 126 87 hoc

1282 211 239 64 competit
1462 211 140 64 eis
1541 211 140 64 non
1621 211 160 64 quia
1721 211 160 64 sunt
1820 211 179 64 tales
1940 211 199 64 voces:
2080 211 140 64 sed
2139 211 120 64 quia

1280 264 144 59 sunt
1370 264 126 59 sic
1442 264 324 59 significative.
1712 264 198 59 Contra.
1857 264 108 59 si
1911 264 306 59 institueretur
2145 264 108 59 ille

1283 316 242 62 terminus
1464 316 101 62 a
1504 316 121 62 ad
1565 316 343 62 significandum
1847 316 383 62 convertibiliter
2149 316 101 62 cum

1283 371 143 56 ista
1373 371 251 56 propositos
1570 371 90 56 :
1605 371 125 56 hoc
1677 371 90 56 e
1713 371 179 56 corpus
1838 371 161 56 meum:
1946 371 179 56 posset
2071 371 215 56 sacerdos

1283 435 264 56 consecrare
1491 435 264 56 proferendo
1698 435 151 56 hanc
1793 435 151 56 voce
1887 435 113 56 a.
1944 435 245 56 similiter
2133 435 151 56 tunc

1276 491 199 58 posset
1416 491 160 58 homo
1515 491 199 58 mutare
1655 491 199 58 formam
1794 491 259 58 sacforum:
1994 491 160 58 quia
2074 491 179 58 signifi

1280 546 149 64 cata
1373 546 260 64 orationum:
1578 546 112 64 ut
1634 546 186 64 patet.
1764 546 242 64 Praeterea
1950 546 130 64 non
2024 546 279 64 intelligat.

1280 595 218 56 sacerdos
1443 595 145 56 quid
1534 595 273 56 significent
1752 595 182 56 verba:
1880 595 109 56 et
1934 595 182 56 nullus
2061 595 164 56 alius
2152 595 91 56 au-

1281 657 154 72 diat:
1384 657 137 72 tunc
1470 657 154 72 verba
1573 657 154 72 nihil
1676 657 275 72 significant.
1899 657 172 72 probo:
2019 657 137 72 quia
2105 657 154 72 nulli
2190 657 69 72 si

1281 716 293 62 gnificant.
1511 716 272 62 Praeterea
1720 716 125 62 in
1783 716 167 62 ista
1888 716 293 62 conversioe
2097 716 146 62 termi

1277 764 133 59 nus
1353 764 95 59 a
1391 764 133 59 qua
1467 764 133 59 non
1542 764 171 59 manet
1656 764 114 59 in
1713 764 152 59 fine
1808 764 284 59 prolationis
2035 764 246 59 verborum:

1289 824 123 66 nec
1360 824 211 66 terminus
1518 824 105 66 ad
1570 824 140 66 quem
1658 824 123 66 est
1728 824 105 66 in
1781 824 246 66 principio:
1974 824 140 66 ergo
2062 824 158 66 nihil
2167 824 105 66 es

1290 876 218 63 contentum
1458 876 134 63 quod
1541 876 167 63 posset
1658 876 268 63 demonstrari.
1876 876 218 63 Praeterea
2043 876 167 63 contra
2160 876 117 63 hoc

1282 929 142 62 quod
1371 929 196 62 dicitur
1513 929 142 62 quod
1602 929 142 62 cone
1691 929 196 62 utrique
1833 929 196 62 termino
1975 929 302 62 demonstratur.

1275 990 215 60 Arguitur
1436 990 143 60 sic.
1526 990 161 60 nihil
1633 990 125 60 est
1704 990 143 60 cone
1794 990 197 60 corperi
1937 990 197 60 christi
2080 990 107 60 et
2134 990 161 60 pani:

1272 1053 152 54 nisi
1367 1053 171 54 forte
1481 1053 133 54 vox
1557 1053 133 54 vel
1633 1053 247 54 conceptus
1822 1053 209 54 aliquis
1974 1053 133 54 qui
2050 1053 133 54 non
2107 1053 152 54 demon-

1279 1102 201 61 stratur.
1430 1102 167 61 certum
1547 1102 134 61 est.
1630 1102 100 61 Si
1681 1102 184 61 dicitur
1814 1102 134 61 quod
1898 1102 134 61 illa
1982 1102 217 61 collectio
2132 1102 134 61 sperum

1283 1163 125 64 est
1355 1163 161 64 conis
1461 1163 196 64 vtrique
1604 1163 232 64 sucessive
1783 1163 125 64 per
1854 1163 161 64 modum
1961 1163 178 64 istum:
2086 1163 143 64 quia
2175 1163 125 64 pri

1282 1227 121 49 mo
1342 1227 263 49 multitudo
1545 1227 142 49 est
1626 1227 182 49 simul
1747 1227 142 49 cum
1828 1227 142 49 sba
1909 1227 182 49 panis
2030 1227 121 49 et
2091 1227 202 49 postea

1282 1272 121 59 cum
1351 1272 190 59 corpore
1489 1272 208 59 christi.
1645 1272 190 59 Contra.
1784 1272 138 59 illa
1870 1272 225 59 responsio
2043 1272 121 59 non
2113 1272 173 59 salvat

1281 1331 122 57 viam
1357 1331 138 57 ista.
1449 1331 107 57 Nam
1510 1331 183 57 secundum
1648 1331 122 57 viam
1724 1331 138 57 illam
1816 1331 107 57 per
1877 1331 138 57 illud
1969 1331 183 57 pronomen
2106 1331 107 57 hoc
2168 1331 107 57 non

1275 1389 301 67 demonstratur
1520 1389 245 67 multitudo
1708 1389 207 67 illarum
1859 1389 264 67 specierum:
2066 1389 151 67 quia
2142 1389 94 67 teo

1283 1443 191 56 derent
1416 1443 267 56 locutionem
1626 1443 305 56 impossibilem
1874 1443 114 56 eo
1932 1443 153 56 modo
2027 1443 114 56 ac
2084 1443 114 56 si
2122 1443 134 56 demon

1283 1499 212 65 straretur
1445 1499 163 65 panis:
1559 1499 130 65 quia
1641 1499 130 65 ista
1722 1499 228 65 accidentia
1901 1499 179 65 numquam
2031 1499 179 65 possunt
2161 1499 130 65 esse

1278 1556 150 72 corpus
1383 1556 195 72 schristi:
1533 1556 120 72 ergo
1608 1556 105 72 non
1668 1556 150 72 potest
1773 1556 120 72 dici
1848 1556 120 72 quod
1923 1556 135 72 illud
2013 1556 120 72 cone
2088 1556 180 72 vutrique

1275 1606 224 73 termino
1438 1606 346 73 demonstratur.
1723 1606 143 73 Ite
1804 1606 183 73 dicit
1926 1606 163 73 illa
2028 1606 143 73 via
2110 1606 163 73 quod

1274 1660 165 63 illud
1384 1660 147 63 cone
1476 1660 147 63 quod
1567 1660 312 63 demonstratur:
1825 1660 129 63 est
1898 1660 202 63 aliquid
2045 1660 239 63 contentum

1285 1721 120 57 sub
1353 1721 154 57 istis
1456 1721 188 57 spebus:
1592 1721 120 57 ita
1661 1721 137 57 quod
1746 1721 171 57 sensus
1865 1721 171 57 istius
1985 1721 290 57 propositionis

1281 1778 124 57 sit
1352 1778 178 57 istae.
1477 1778 195 57 aliquid
1619 1778 231 57 contentum
1796 1778 124 57 sub
1867 1778 160 57 istis
1974 1778 178 57 spebus
2098 1778 124 57 est
2151 1778 89 57 cor

1283 1832 132 59 pus
1359 1832 226 59 christi.
1528 1832 188 59 Contra
1660 1832 226 59 arguitur
1830 1832 151 59 sic.
1924 1832 170 59 nihil
2037 1832 132 59 est
2093 1832 151 59 conten

1281 1892 128 54 tum
1354 1892 128 54 sub
1427 1892 165 54 istis
1537 1892 183 54 spebus
1666 1892 257 54 successive
1867 1892 147 54 nisi
1959 1892 183 54 corpus
2087 1892 183 54 christ

1274 1948 116 54 vel
1340 1948 165 54 aliquo
1455 1948 132 54 alia
1538 1948 149 54 suba.
1637 1948 116 54 non
1703 1948 165 54 corpus
1818 1948 198 54 christi:
1967 1948 132 54 quia
2049 1948 149 54 esset
2148 1948 132 54 tunc

1280 1998 130 61 ibi
1355 1998 185 61 corpus
1484 1998 204 61 christi
1633 1998 148 61 ante
1725 1998 278 61 prolationem
1948 1998 241 61 verborum.
2133 1998 111 61 Si
2170 1998 74 61 se

1271 2055 204 62 cundum:
1420 2055 259 62 redderetur
1623 2055 204 62 locutio
1771 2055 185 62 falsa.
1901 2055 111 62 et
1956 2055 148 62 stat
2049 2055 148 62 cone
2141 2055 130 62 arg

1279 2114 133 57 quod
1362 2114 133 57 impe
1445 2114 182 57 nititur
1578 2114 199 57 soluere.
1727 2114 216 57 Praeterea
1893 2114 199 57 secundum
2042 2114 149 57 illam
2142 2114 133 57 viam

1269 2165 169 71 sensus
1388 2165 288 71 propositionis
1625 2165 119 71 est
1693 2165 169 71 istae:
1811 2165 220 71 contentum
1981 2165 119 71 sub
2049 2165 153 71 istis
2133 2165 102 71 spe-

1269 2218 124 73 bus
1340 2218 124 73 est
1411 2218 177 73 corpus
1535 2218 159 73 meum.
1641 2218 124 73 sed
1712 2218 142 73 haec
1800 2218 124 73 est
1871 2218 124 73 vna
1942 2218 265 73 indefinita.
2154 2218 142 73 ergo

1274 2276 97 78 si
1322 2276 113 78 est
1387 2276 146 78 vira:
1484 2276 146 78 habet
1581 2276 178 78 aliquam
1710 2276 226 78 singularem
1888 2276 146 78 veram
1985 2276 113 78 aut
2050 2276 129 78 ergo
2131 2276 146 78 habet

1271 2326 160 69 istam
1378 2326 124 69 hoc
1449 2326 124 69 est
1520 2326 177 69 corpus
1644 2326 160 69 meum:
1750 2326 266 69 demonstrato
1963 2326 160 69 pane:
2070 2326 142 69 quod
2158 2326 124 69 est

1270 2383 211 68 falsum.
1423 2383 134 68 vel
1500 2383 172 68 istam
1614 2383 287 68 demonstrato
1844 2383 211 68 corpore
1997 2383 211 68 christi
2131 2383 115 68 ince

1278 2442 116 58 lo:
1345 2442 116 58 hoc
1411 2442 116 58 est
1478 2442 166 58 corpus
1594 2442 149 58 meum.
1693 2442 100 58 si
1743 2442 133 58 sic:
1826 2442 116 58 non
1892 2442 232 58 efficerent
2075 2442 133 58 ista
2158 2442 116 58 ver

1268 2491 104 64 ba
1320 2491 138 64 quod
1406 2491 276 64 significant:
1630 2491 138 64 quia
1717 2491 121 64 non
1786 2491 224 64 efficiunt
1958 2491 138 64 quod
2045 2491 173 64 corpus
2148 2491 104 64 chri

1278 2552 120 59 sti
1346 2552 120 59 sit
1415 2552 171 59 corpus
1534 2552 205 59 christi:
1688 2552 120 59 sed
1756 2552 137 59 quod
1842 2552 154 59 panis
1944 2552 137 59 fiat
2030 2552 171 59 corpus
2132 2552 103 59 chri

1269 2608 153 63 sti.
1364 2608 248 63 Praeterea
1555 2608 153 63 iste
1651 2608 153 63 duae
1746 2608 287 63 indefinitae
1976 2608 306 63 convertuntur

1268 2668 241 63 Contentum
1454 2668 130 63 sub
1528 2668 167 63 istis
1639 2668 185 63 spebus
1769 2668 130 63 est
1843 2668 185 63 corpus
1973 2668 167 63 meum:
2084 2668 111 63 et
2121 2668 130 63 suda-

1270 2718 118 69 qua
1338 2718 118 69 sub
1405 2718 152 69 istis
1507 2718 169 69 spebus
1625 2718 237 69 continetur
1811 2718 118 69 est
1879 2718 169 69 corpus
1997 2718 152 69 meum:
2099 2718 169 69 quaero

1270 2779 125 63 ergo
1349 2779 110 63 pro
1411 2779 125 63 quae
1490 2779 204 63 subiectum
1646 2779 204 63 supponit:
1803 2779 94 63 ex
1850 2779 110 63 quo
1913 2779 110 63 est
1976 2779 219 63 propositio
2132 2779 110 63 affir

1267 2844 196 63 mativa:
1409 2844 160 63 opuet
1516 2844 142 63 quod
1605 2844 231 63 subiectum
1783 2844 107 63 et
1836 2844 267 63 praedicatum
2049 2844 231 63 supponant

1274 2893 106 70 pro
1335 2893 152 70 eodem.
1441 2893 121 70 ergo
1517 2893 137 70 optet
1608 2893 152 70 dicere
1714 2893 121 70 quod
1790 2893 106 70 pro
1851 2893 167 70 corpore
1972 2893 167 70 christi
2093 2893 121 70 ergo
2154 2893 76 70 pro

1263 2952 220 62 termino
1423 2952 120 62 ad
1483 2952 160 62 quem
1584 2952 200 62 istius
1724 2952 341 62 conuersionis.
2005 2952 160 62 quod
2105 2952 180 62 negat

1266 2993 138 65 ista
1352 2993 189 65 opinio.
1490 2993 103 65 Si
1541 2993 189 65 dicitur
1679 2993 155 65 sicut
1782 2993 155 65 dicit
1886 2993 172 65 Scotus
2006 2993 172 65 tenens
2127 2993 155 65 hanc:

1270 3052 151 65 viam:
1371 3052 134 65 quod
1455 3052 218 65 quodlibet
1623 3052 118 65 vle
1690 3052 151 65 habet
1791 3052 134 65 suum
1875 3052 201 65 proprium
2026 3052 218 65 singulare
2177 3052 67 65 et

1264 3108 147 87 suum
1356 3108 221 87 proximum
1522 3108 240 87 contentum
1706 3108 129 87 sub
1780 3108 129 87 se.
1853 3108 129 87 sic
1927 3108 129 87 hoc
2001 3108 203 87 contens
2130 3108 129 87 haber
