2550 3300
359 215 114 60 Ad
416 215 209 60 quartum
568 215 266 60 principale
777 215 190 60 quando
909 215 247 60 quaeritur
1099 215 114 60 an
1137 215 114 60 vide

301 275 131 69 mus
376 275 131 69 ibi
451 275 187 69 corpus
582 275 112 69 an
638 275 150 69 non:
732 275 150 69 Dico
825 275 150 69 quod
919 275 168 69 tales
1013 275 243 69 propositio-

297 332 137 56 nes
376 332 98 56 /
415 332 177 56 video
533 332 236 56 corprus:
710 332 177 56 tango
827 332 216 56 corpus:
984 332 137 56 non
1063 332 196 56 debent
1181 332 79 56 ne

302 379 142 71 gari
391 379 106 71 in
444 379 159 71 sensu
550 379 106 71 in
603 379 124 71 quo
674 379 177 71 fiunt:
798 379 142 71 quia
887 379 177 71 sensus
1011 379 124 71 est
1082 379 89 71 /
1117 379 124 71 sub
1170 379 89 71 spe

308 431 175 75 ciebus
431 431 158 75 visis
537 431 105 75 et
589 431 175 75 tactis
712 431 123 75 est
782 431 175 75 corpus
905 431 193 75 christi
1045 431 105 75 et
1098 431 123 75 non
1168 431 123 75 est

291 488 200 59 sensus
431 488 160 59 quod
531 488 180 59 illud
652 488 160 59 quod
752 488 220 59 immutat
912 488 140 59 ibi
992 488 200 59 visum:
1133 488 120 59 ut
1173 488 80 59 ob

299 546 185 64 iectum
428 546 166 64 visus
539 546 129 64 vel
613 546 203 64 tactus:
761 546 129 64 est
835 546 185 64 corpus
964 546 203 64 christi
1112 546 148 64 quia
1186 546 74 64 fi

300 594 108 65 de
354 594 197 65 tenemus
497 594 143 65 quam
587 594 161 65 spens
694 594 233 65 videntur:
874 594 251 65 tanguntur:
1071 594 215 65 frangum:

302 660 133 65 tur.
385 660 100 65 et
435 660 133 65 quod
518 660 149 65 visio
618 660 83 65 /
651 660 183 65 fractio
784 660 83 65 /
817 660 100 65 et
867 660 216 65 huiusmoni
1033 660 116 65 est
1099 660 100 65 in
1132 660 133 65 specie

310 716 150 56 bus:
404 716 131 56 non
479 716 112 56 in
535 716 225 56 corpore.
703 716 243 56 Similiter
891 716 243 56 immutatio
1078 716 168 56 visus
1190 716 112 56 et

305 770 324 57 multiplicatio
572 770 210 57 speciei
725 770 114 57 ac
782 770 210 57 obiecti
935 770 134 57 est
1011 770 95 57 a
1049 770 248 57 speciebus

312 821 162 62 tantum:
430 821 89 62 et
475 821 103 62 non
534 821 74 62 a
563 821 162 62 corpore
681 821 118 62 vnde
755 821 89 62 de
799 821 133 62 conse
888 821 221 62 distintione
1065 821 89 62 ii
1109 821 103 62 qui
1154 821 103 62 mandu

311 884 161 63 canst.
423 884 145 63 Panis
520 884 112 63 est
584 884 96 63 et
632 884 145 63 calix
729 884 129 63 quod
809 884 145 63 oculi
905 884 241 63 renuntiant:
1098 884 129 63 quod
1179 884 112 63 ant

297 932 183 77 fides
419 932 285 77 expostulat
643 932 306 77 instruenda:
887 932 183 77 panis
1010 932 143 77 est
1091 932 204 77 corpus

309 990 212 62 christi:
468 990 159 62 calix
574 990 212 62 sanguis.
733 990 106 62 et
786 990 141 62 ideo
874 990 141 62 ista
962 990 212 62 dicuntur
1121 990 176 62 sacra:

325 1061 132 57 quia
407 1061 99 57 in
456 1061 115 57 eis
522 1061 148 57 aliud
621 1061 198 57 videtur:
769 1061 99 57 et
819 1061 148 57 aliud
918 1061 280 57 intelligitur.
1148 1061 132 57 quod

314 1103 214 68 videtur:
475 1103 161 68 habet
582 1103 196 68 speciem
725 1103 250 68 corporale.
921 1103 143 68 quod
1010 1103 286 68 intelligitur

314 1160 180 58 fructum
445 1160 147 58 habet
543 1160 262 58 speiteralem.
756 1160 115 58 Ubi
821 1160 180 58 mafeste
952 1160 180 58 dicitur
1083 1160 131 58 quod
1165 1160 131 58 spes

312 1223 237 52 videtur:
490 1223 118 52 et
549 1223 197 52 corpus
687 1223 217 52 christi
845 1223 138 52 sub
924 1223 257 52 speciebus
1122 1223 138 52 non
1181 1223 79 52 vi

323 1276 193 55 detur:
458 1276 135 55 sed
535 1276 329 55 intelligitur.
806 1276 155 55 Unde
903 1276 213 55 proprie
1058 1276 232 55 loquendo

313 1341 117 53 non
380 1341 151 53 debet
481 1341 184 53 concedi
615 1341 84 53 /
649 1341 168 53 tetigi
766 1341 168 53 corpus
883 1341 201 53 christi:
1034 1341 134 53 vidi
1118 1341 168 53 corpus

314 1395 224 67 christi:
482 1395 131 67 nec
557 1395 168 67 ipsum
669 1395 187 67 corpus
800 1395 205 67 christi
949 1395 205 67 tetigit
1098 1395 131 67 me:
1154 1395 112 67 cor-

313 1444 138 63 pus
392 1444 217 63 christi
550 1444 198 63 imutat
689 1444 178 63 visum
807 1444 178 63 meum.
926 1444 178 63 tamen
1045 1444 257 63 loquendum

321 1501 126 54 est
393 1501 108 54 vt
447 1501 198 54 plures:
590 1501 126 54 dum
662 1501 162 54 tamen
770 1501 198 54 habeant
914 1501 162 54 sanum
1022 1501 269 54 intellectum

377 1555 111 55 Ad
433 1555 204 55 quintum
581 1555 259 55 principale
785 1555 185 55 quando
914 1555 222 55 arguitur
1081 1555 111 55 de
1136 1555 167 55 intem

310 1611 201 63 tione
444 1611 313 63 sacerdotis
690 1611 269 63 habentis
892 1611 201 63 coram
1026 1611 134 63 se
1093 1611 157 63 sex
1160 1611 112 63 ho-

325 1665 172 58 stias.
445 1665 137 58 Dico
531 1665 275 58 probabiliter
754 1665 137 58 quod
840 1665 120 58 pro
909 1665 137 58 tunc
994 1665 120 58 non
1063 1665 240 58 consecrat:

313 1731 149 48 quia
407 1731 168 48 actus
519 1731 280 48 consecrandi
743 1731 224 48 requirit
911 1731 280 48 intentionem
1117 1731 149 48 deter-

316 1777 180 50 minatam
447 1777 147 50 circa
545 1777 164 50 certam
659 1777 213 50 materiam.
823 1777 131 50 vnde
905 1777 115 50 cum
970 1777 180 50 dicitur
1101 1777 131 50 quod
1183 1777 115 50 ibi

317 1835 124 62 est
388 1835 230 62 intentio:
565 1835 141 62 dico
653 1835 141 62 quod
741 1835 141 62 non.
829 1835 106 62 et
882 1835 124 62 cum
953 1835 212 62 arguitur
1112 1835 141 62 quod
1183 1835 88 62 in-

310 1884 192 56 tentio
444 1884 326 56 indeterminata
713 1884 249 56 sufficit:
905 1884 153 56 quia
1000 1884 134 56 cum
1077 1884 230 56 sacerdos

315 1947 233 57 consecret
494 1947 215 57 hostiam:
656 1947 233 57 consecrat
835 1947 233 57 infinitas
1015 1947 197 57 partes:
1158 1947 144 57 quia

314 2003 132 59 ista
396 2003 164 59 hostia
511 2003 115 59 est
577 2003 214 59 infinitae
741 2003 181 59 partes.
872 2003 132 59 Dici
955 2003 164 59 potest
1070 2003 132 59 quod
1152 2003 148 59 habet

313 2052 319 62 determinatam
572 2052 299 62 iutentionem
812 2052 299 62 consecrandi
1051 2052 259 62 infinitas

314 2108 186 63 partes
444 2108 223 63 hostiae.
611 2108 148 63 quia
704 2108 148 63 illa
797 2108 186 63 hostia
927 2108 130 63 est
1001 2108 241 63 infinitae
1168 2108 93 63 par

324 2167 162 51 tes:
425 2167 121 51 et
485 2167 182 51 istam
607 2167 242 51 intendit
788 2167 303 51 determinate
1031 2167 283 51 consecrare

322 2217 129 58 etc
395 2217 111 58 Si
451 2217 203 58 militer
598 2217 185 58 quando
728 2217 222 58 sacerdos
894 2217 240 58 consecrat
1078 2217 185 58 multas
1189 2217 74 58 ho

324 2268 160 57 stias
431 2268 160 57 sicut
537 2268 107 57 in
591 2268 124 57 die
662 2268 178 57 pasce:
786 2268 124 57 non
857 2268 249 57 requiritur
1053 2268 142 57 quod
1142 2268 160 57 sciat

325 2324 220 55 numerum
485 2324 279 55 hostiarum:
704 2324 140 55 sed
784 2324 239 55 sufficit
964 2324 239 55 intentio
1123 2324 140 55 conse

311 2376 236 64 crandi
477 2376 378 64 multitudinem
784 2376 236 64 istam.
949 2376 189 64 Unde
1044 2376 236 64 intentio

310 2435 246 56 formata
489 2435 157 56 per
578 2435 335 56 copulativam
846 2435 268 56 mentalem
1047 2435 157 56 vel
1115 2435 157 56 voca-

316 2484 131 70 lem
391 2484 150 70 quae
485 2484 262 70 aequivalet
691 2484 262 70 copulative
897 2484 94 70 /
934 2484 243 70 sufficit:
1121 2484 131 70 sed
1196 2484 112 70 in

322 2550 227 61 tentio
481 2550 250 61 formata
663 2550 159 61 per
753 2550 363 61 disiunctivam
1048 2550 272 61 mentalem

324 2604 135 54 non
401 2604 250 54 sufficit:
593 2604 154 54 quia
689 2604 154 54 illa
785 2604 135 54 est
862 2604 231 54 intentio
1035 2604 173 54 magis
1131 2604 135 54 vaga-

323 2655 132 60 cum
399 2655 132 60 qua
474 2655 151 60 stat
568 2655 151 60 quod
662 2655 188 60 nullum
794 2655 170 60 panem
907 2655 132 60 vel
982 2655 207 60 hostiam
1114 2655 151 60 inten-

322 2708 126 64 dit
394 2708 270 64 consecrare.
610 2708 108 64 Ad
664 2708 216 64 secundum
825 2708 180 64 quando
951 2708 198 64 argutur
1095 2708 108 64 de
1149 2708 162 64 erram

321 2764 108 63 te
375 2764 162 63 circa
483 2764 306 63 compositionem
735 2764 234 63 continui:
914 2764 108 63 et
968 2764 234 63 quaeritur
1148 2764 162 63 utrum

325 2831 217 53 consecrat
492 2831 100 53 an
543 2831 134 53 non.
626 2831 167 53 Potest
743 2831 134 53 dici
827 2831 134 53 quod
910 2831 150 53 talis
1011 2831 117 53 non
1077 2831 234 53 consecrat:

328 2884 131 65 quia
409 2884 114 65 non
475 2884 147 65 habet
573 2884 245 65 intentionem
769 2884 196 65 debitam.
916 2884 229 65 requiritur
1096 2884 131 65 enim
1178 2884 131 65 quod

328 2939 240 53 consecrans
516 2939 205 53 intendat
670 2939 240 53 consecrare
858 2939 154 53 panem
961 2939 222 53 visibilem
1132 2939 103 53 et
1183 2939 120 53 tan

326 2978 228 68 gibilem:
497 2978 190 68 quolis
630 2978 133 68 non
706 2978 133 68 est
782 2978 171 68 panis
895 2978 342 68 indivisibilis.
1161 2978 114 68 Con-

324 3048 138 68 tra
403 3048 197 68 credat
541 3048 178 68 talis
660 3048 158 68 quod
759 3048 158 68 omne
857 3048 316 68 indivisibile
1114 3048 138 68 est
1173 3048 99 68 sen

329 3092 190 95 sibile
462 3092 133 95 vel
538 3092 246 95 visibile:
727 3092 114 95 et
784 3092 228 95 intendat
955 3092 152 95 tunc
1049 3092 265 95 consecrare

1291 217 160 58 unum
1391 217 320 58 indivisibile
1651 217 260 58 praecise:
1850 217 220 58 nunquid
2010 217 280 58 consecrat:

1296 275 169 63 Potest
1415 275 135 63 dici
1499 275 135 63 quod
1584 275 135 63 sic:
1669 275 135 63 quia
1753 275 119 63 non
1821 275 152 63 omnis
1922 275 203 63 falsitas
2075 275 119 63 qua
2126 275 135 63 impli-

1304 331 153 51 catur
1406 331 102 51 in
1457 331 239 51 intentione
1645 331 273 51 consecrantis
1866 331 85 51 /
1900 331 187 51 impedit
2037 331 256 51 consecratio

1299 381 144 54 nem.
1389 381 144 54 quia
1478 381 126 54 cum
1550 381 144 54 isto
1640 381 179 54 errore
1766 381 144 54 quod
1855 381 287 54 indivisibile
2089 381 126 54 sit
2142 381 108 54 sen-

1295 436 207 56 sibile:
1445 436 150 56 stat
1539 436 150 56 quod
1633 436 244 56 veraciter
1821 436 225 56 intendat
1990 436 263 56 consecrare
2178 436 75 56 pa

1289 490 135 74 nem
1366 490 174 74 visum
1482 490 97 74 a
1520 490 135 74 se.
1598 490 116 74 Ad
1656 490 212 74 tertium
1810 490 193 74 quando
1945 490 232 74 arguitur
2119 490 155 74 quod

1296 549 246 74 intendit
1481 549 287 74 consecrare
1707 549 185 74 omnes
1830 549 205 74 partes
1954 549 287 74 proportionab

1288 604 143 59 les
1369 604 266 59 denotatas
1574 604 102 59 a
1615 604 205 59 numero
1759 604 205 59 impari
1902 604 164 59 etc.
2004 604 205 59 Potest
2127 604 123 59 dici

1297 659 139 72 quod
1384 659 157 72 talis
1488 659 226 72 consecret
1662 659 157 72 omnes
1767 659 174 72 partes
1888 659 139 72 quia
1975 659 226 72 quodlibet
2150 659 139 72 quod

1290 716 148 63 ipse
1382 716 222 63 intendit
1548 716 277 63 consecrare:
1770 716 129 63 est
1844 716 185 63 panis.
1974 716 111 63 Et
2029 716 129 63 cum
2085 716 166 63 dicietr

1294 780 152 61 quod
1389 780 152 61 ipse
1484 780 133 61 ibi
1560 780 171 61 facit
1674 780 247 61 infinitos
1863 780 171 61 panes
1977 780 114 61 in
2034 780 171 61 actu:
2148 780 152 61 quia

1297 828 211 75 inter
1437 828 328 75 quoscumque
1694 828 187 75 duos
1811 828 211 75 panes
1952 828 234 75 mediat
2116 828 187 75 unus

1290 880 159 67 homo.
1397 880 177 67 potest
1520 880 142 67 dici
1609 880 142 67 quod
1697 880 124 67 non
1768 880 212 67 sequitur
1928 880 142 67 quod
2016 880 124 67 ibi
2087 880 142 67 sunt
2158 880 106 67 infi

1294 948 155 64 niti
1390 948 174 64 panes
1507 948 116 64 eo
1565 948 116 64 mo
1623 948 136 64 quo
1700 948 291 64 philosophus
1933 948 232 64 loquitur
2107 948 136 64 iii
2165 948 97 64 phy

1297 995 177 64 sicorum
1426 995 193 64 capitulo
1570 995 97 64 de
1619 995 209 64 infinito.
1779 995 129 64 quia
1860 995 113 64 sic
1924 995 209 64 requirtur
2085 995 113 64 non
2149 995 145 64 solum

1295 1046 152 70 quod
1390 1046 343 70 discontinuetur
1676 1046 95 70 a
1714 1046 267 70 substantia
1923 1046 133 70 cui
1999 1046 152 70 fuit
2076 1046 171 70 contiua

1302 1109 126 61 ta:
1374 1109 126 61 sed
1446 1109 144 61 quod
1536 1109 252 61 qualitates
1734 1109 144 61 suae
1824 1109 144 61 vere
1914 1109 342 61 discontinuentur
2202 1109 90 61 a

1299 1164 291 79 qualitatibus
1536 1164 146 79 quae
1627 1164 200 79 fuerunt
1772 1164 109 79 in
1827 1164 146 79 pane
1918 1164 128 79 iam
1973 1164 273 79 transsubstan-

1294 1220 202 63 tiato.
1435 1220 121 63 et
1496 1220 162 63 quia
1597 1220 182 63 manet
1718 1220 162 63 vera
1819 1220 283 63 cotinuatio
2041 1220 121 63 in
2081 1220 182 63 acciden

1287 1284 186 55 tibus
1411 1284 207 55 istius
1556 1284 248 55 hostiae:
1742 1284 165 55 ideo
1845 1284 207 55 nullus
1990 1284 186 55 panis
2113 1284 145 55 est
2175 1284 83 55 fa

1288 1337 161 68 ctus
1388 1337 121 68 in
1449 1337 161 68 actu
1549 1337 181 68 magis
1670 1337 121 68 in
1730 1337 161 68 fine
1831 1337 362 68 consecrationis
2132 1337 161 68 quam

1292 1395 169 57 ante.
1405 1395 113 57 Et
1461 1395 131 57 cum
1536 1395 206 57 dicitur
1686 1395 169 57 inter
1799 1395 263 57 quoscumque
2005 1395 169 57 panes
2118 1395 188 57 mediat

1298 1452 149 72 unus
1391 1452 167 72 homo:
1503 1452 130 72 ego
1577 1452 223 72 concedo.
1744 1452 111 72 et
1800 1452 204 72 concedo
1948 1452 149 72 quod
2041 1452 149 72 isti
2134 1452 167 72 panes

1300 1500 155 62 sunt
1396 1500 349 62 discontinuati:
1687 1500 155 62 quia
1784 1500 194 62 nullus
1919 1500 291 62 continuatur
2152 1500 155 62 alte

1303 1565 130 54 rit
1378 1565 167 54 tamen
1489 1565 149 54 quia
1582 1565 204 54 remanet
1731 1565 130 54 una
1805 1565 241 54 qualitas:
1990 1565 149 54 ideo
2083 1565 130 54 non
2158 1565 149 54 sunt

1307 1612 152 63 ille
1402 1612 152 63 duae
1498 1612 191 63 partes
1631 1612 210 63 reducte
1783 1612 114 63 ad
1841 1612 172 63 actum
1955 1612 229 63 secundum
2127 1612 172 63 modum

1303 1669 204 61 loquendi
1456 1669 255 61 Aristoteles
1660 1669 119 61 iii
1728 1669 255 61 physicorum.
1931 1669 187 61 Uocando
2067 1669 153 61 tamen
2169 1669 136 61 esse

1308 1724 128 64 in
1372 1724 170 64 actu
1478 1724 170 64 esse
1584 1724 170 64 unam
1691 1724 149 64 rem
1776 1724 149 64 vel
1861 1724 319 64 substantiam
2095 1724 170 64 alteri

1301 1787 167 64 omnino
1418 1787 117 64 non
1485 1787 234 64 continuam:
1668 1787 167 64 potest
1785 1787 184 64 concedi
1919 1787 234 64 conclusio:
2102 1787 133 64 quod
2186 1787 117 64 ibi

1303 1833 158 73 sunt
1402 1833 256 73 infinitae
1599 1833 295 73 substantiae
1835 1833 118 73 in
1894 1833 177 73 actu.
2012 1833 138 73 Sed
2091 1833 138 73 cum
2150 1833 118 73 qui-

1294 1892 178 64 ritur
1413 1892 119 64 de
1472 1892 238 64 tangente
1650 1892 297 64 superficiem
1888 1892 277 64 remanentem
2106 1892 198 64 versus

1304 1948 154 63 quam
1400 1948 135 63 fit
1477 1948 269 63 progressio
1688 1948 211 63 partium
1842 1948 423 63 proportionabilium:
2188 1948 77 63 an

1295 2004 174 62 talis
1411 2004 193 62 tangit
1546 2004 193 62 corpus
1682 2004 213 62 christi
1836 2004 116 62 an
1894 2004 193 62 panem:
2030 2004 193 62 Potest
2146 2004 116 62 dici

1303 2064 156 59 quod
1400 2064 175 59 simul
1516 2064 194 59 tangit
1653 2064 175 59 panem
1769 2064 292 59 consecratum
2003 2064 117 59 et
2061 2064 175 59 panem
2178 2064 136 59 non

1297 2118 344 61 consecratum:
1577 2118 172 61 quia
1685 2118 280 61 immediate
1900 2118 194 61 iurta
2029 2118 194 61 manum
2158 2118 151 61 est

1295 2163 198 73 panis
1427 2163 352 73 consecratus.
1713 2163 220 73 Aliter
1867 2163 220 73 potest
2021 2163 176 73 dici
2131 2163 132 73 ad
2175 2163 88 73 ar

1300 2228 240 56 gumentum
1480 2228 100 56 a
1520 2228 260 56 principio
1720 2228 160 56 quod
1820 2228 180 56 talis
1940 2228 140 56 non
2020 2228 280 56 consecrat:

1307 2278 166 62 quia
1411 2278 145 62 est
1494 2278 166 62 dare
1597 2278 228 62 aliquam
1763 2278 186 62 parte
1887 2278 414 62 proportionabilem

1306 2337 325 57 insensibilem:
1574 2337 153 57 quae
1670 2337 115 57 si
1727 2337 211 57 virtute
1880 2337 191 57 divina
2014 2337 172 57 esset
2110 2337 153 57 conse-

1314 2395 184 55 crata:
1443 2395 129 55 non
1516 2395 166 55 esset
1627 2395 276 55 sensibilis:
1848 2395 111 55 et
1903 2395 184 55 nullus
2032 2395 166 55 debet
2125 2395 147 55 inten-

1301 2451 154 61 dere
1397 2451 193 61 facere
1532 2451 270 61 distinctum
1744 2451 174 61 sacrm
1860 2451 135 61 per
1937 2451 135 61 se:
2014 2451 154 61 lied
2111 2451 193 61 debeat

1308 2493 265 70 intendere
1512 2493 285 70 consecrare
1736 2493 184 70 panem
1858 2493 326 70 insensibilem
2123 2493 184 70 inexi

1303 2549 197 69 stentem
1446 2549 232 69 totaliter
1625 2549 125 69 per
1696 2549 125 69 se:
1768 2549 143 69 quia
1857 2549 161 69 talis
1964 2549 143 69 pars
2054 2549 125 69 non
2125 2549 179 69 potest

1310 2611 153 65 esse
1405 2611 229 65 sactutrm
1577 2611 324 65 determinatum:
1844 2611 153 65 quia
1940 2611 134 65 non
2016 2611 172 65 habet
2111 2611 153 65 speci-

1308 2668 128 63 es
1372 2668 319 63 sensibiles.
1627 2668 128 63 Ad
1691 2668 277 63 quodlibet
1904 2668 170 63 enim
2010 2668 234 63 sacstrm
2160 2668 106 63 de-

1300 2724 277 63 terminatum
1518 2724 277 63 requiritur
1736 2724 257 63 distantia
1934 2724 119 63 et
1993 2724 317 63 sensibilitas

1310 2772 248 71 specierum:
1505 2772 106 71 et
1558 2772 142 71 ideo
1647 2772 159 71 licet
1753 2772 177 71 potest
1877 2772 248 71 consecrare
2071 2772 230 71 quodlibet

1308 2836 103 63 a
1350 2836 308 63 consecrando
1596 2836 205 63 totum:
1740 2836 123 63 et
1802 2836 144 63 sic
1884 2836 205 63 facere
2027 2836 164 63 unum
2130 2836 185 63 sacrm

1303 2884 133 71 de
1369 2884 200 71 toto:
1503 2884 200 71 tamen
1636 2884 156 71 non
1725 2884 222 71 potest
1881 2884 311 71 consecrare
2103 2884 156 71 quod-

1305 2932 177 76 libet
1423 2932 98 76 a
1463 2932 295 76 distinctae:
1699 2932 157 76 quia
1797 2932 256 76 quodlibet
1994 2932 98 76 a
2033 2932 138 76 non
2112 2932 197 76 potest

1298 2997 169 62 esse
1404 2997 296 62 distinctum
1636 2997 338 62 sacramentum:
1911 2997 169 62 ideo
2017 2997 190 62 talis
2123 2997 148 62 inten

1312 3044 179 71 deret
1432 3044 319 71 impossibile.
1691 3044 120 71 et
1751 3044 140 71 per
1830 3044 279 71 consequens
2050 3044 140 71 non
2129 3044 179 71 facit

1303 3108 181 72 quod
1416 3108 294 72 intendit:
1642 3108 203 72 tamen
1778 3108 294 72 consecrat
2004 3108 181 72 unam
2117 3108 203 72 multi
