2550 3300
337 204 228 54 necessarium
519 204 152 54 postea
625 204 212 54 confiteri.
792 204 228 54 conseqentia
974 204 152 54 patet:
1081 204 121 54 quia
1141 204 152 54 confesso

326 262 127 58 non
398 262 127 58 est
471 262 254 58 necessaria
671 262 145 58 nisi
762 262 200 58 propter
907 262 272 58 dimissionem
1125 262 200 58 peccati

331 307 229 64 Antecedens
511 307 164 64 probo:
625 307 131 64 quia
707 307 164 64 gratia
822 307 98 64 et
871 307 147 64 culpa
969 307 213 64 seinuicem
1132 307 115 64 non
1181 307 115 64 compa

326 363 228 56 tiuntur:
497 363 133 56 sed
573 363 190 56 statim
706 363 114 56 ad
763 363 304 56 contritionem
1011 363 266 56 peccatorum
1201 363 76 56 in

313 420 259 69 funditur
508 420 237 69 gratia.
680 420 194 69 iuxta
810 420 194 69 illud
939 420 129 69 Ee
1004 420 194 69 xviii
1133 420 129 69 In
1176 420 108 69 qua

330 476 186 62 cumque
461 476 149 62 hora
554 476 168 62 inge.
666 476 149 62 pec.
759 476 149 62 etc.
852 476 242 62 Praeterea
1039 476 112 62 de
1095 476 186 62 petrus
1206 476 75 62 di

317 534 184 64 prima.
445 534 165 64 prope
555 534 275 64 principium.
776 534 165 64 cait.
886 534 239 64 lachryme.
1070 534 110 64 et
1125 534 202 64 recitat

327 589 194 53 magiter
469 589 159 53 dist.
575 589 159 53 xvii.
681 589 106 53 c.
734 589 141 53 iii.
822 589 212 53 Cachrume
981 589 177 53 lauant
1104 589 212 53 delictum

324 643 137 56 quod
410 643 137 56 voce
496 643 155 56 pudor
599 643 120 56 est
667 643 240 56 confiteri.
856 643 137 56 ergo
942 643 223 56 confessio
1114 643 120 56 non
1182 643 120 56 est

307 699 329 55 necessaria.
570 699 351 55 Confirmatur.
855 699 175 55 quia
964 699 219 55 Petrum
1096 699 175 55 Mhagda

312 756 187 55 lenam
437 756 125 55 et
499 756 208 55 Paulum
645 756 229 55 legimus
811 756 208 55 fuisse
957 756 291 55 peccatores
1165 756 104 55 ve-

318 813 146 54 niam
409 813 311 54 consequentes:
665 813 110 54 de
720 813 183 54 quorum
848 813 165 54 tamen
958 813 274 54 confessione
1159 813 110 54 nul-

315 862 159 61 libi
415 862 239 61 scriptum
594 862 159 61 est.
694 862 259 61 Praeterea
893 862 259 61 confessio
1073 862 199 61 facienda

327 917 137 62 est
406 917 254 62 sacerdoti
601 917 254 62 discreto:
797 917 137 62 qui
875 917 176 62 sciat
992 917 274 62 discernere
1188 917 78 62 in

315 972 120 63 ter
383 972 171 63 lepram
503 972 102 63 et
554 972 120 63 non
622 972 188 63 sepram:
759 972 102 63 et
810 972 205 63 secundum
964 972 171 63 culpas
1066 972 205 63 proportio-

318 1034 142 57 nare
407 1034 195 57 poenas:
549 1034 124 57 sed
619 1034 230 57 aliquando
797 1034 230 57 contingit
974 1034 142 57 quod
1062 1034 195 57 aliquis
1186 1034 71 57 sa

312 1091 185 66 cerdos
441 1091 129 66 non
515 1091 148 66 scit
607 1091 129 66 ita
681 1091 148 66 bene
773 1091 259 66 discernere
976 1091 166 66 inter
1087 1091 222 66 peccatum

306 1148 118 54 et
365 1148 275 54 gravitatem
581 1148 216 54 peccati
738 1148 216 54 pensare
895 1148 98 54 /
934 1148 177 54 sicut
1052 1148 137 54 non
1111 1148 157 54 sacer-

309 1204 156 54 dos:
406 1204 117 54 et
464 1204 253 54 aliquando
659 1204 214 54 ipsemet
814 1204 234 54 sacerdos
990 1204 136 54 est
1067 1204 175 54 talis
1165 1204 97 54 qui

318 1252 158 57 sciat
424 1252 228 57 huiusmoni
599 1252 105 57 ex
652 1252 123 57 quo
722 1252 193 57 videtur
862 1252 140 57 quod
950 1252 175 57 liceat
1073 1252 123 57 non
1126 1252 140 57 sacer-

312 1320 139 51 doti
398 1320 243 51 confiteri:
590 1320 104 51 et
642 1320 139 51 quod
729 1320 139 51 idem
815 1320 139 51 homo
902 1320 174 51 possit
1024 1320 104 51 in
1076 1320 139 51 casu
1163 1320 139 51 sibi

312 1371 152 58 ipsi
407 1371 228 58 imponere
578 1371 323 58 poenitentiam:
845 1371 114 58 ne
902 1371 133 58 sit
978 1371 285 58 necessarium
1187 1371 76 58 re

321 1435 203 56 cursum
463 1435 203 56 habere
604 1435 122 56 ad
665 1435 304 56 sacerdotem.
908 1435 263 56 Praeterea
1111 1435 122 56 si
1151 1435 122 56 con-

310 1482 196 65 fessio
448 1482 137 65 sit
526 1482 275 65 necessaria
742 1482 118 65 ad
801 1482 236 65 salutem:
978 1482 137 65 vel
1056 1482 137 65 est
1115 1482 157 65 homini

313 1537 269 59 imposita
515 1537 135 59 de
582 1537 180 59 iure
694 1537 247 59 divino:
874 1537 157 59 vel
964 1537 135 59 de
1031 1537 180 59 iure
1121 1537 157 59 natu-

309 1595 128 56 re
373 1595 149 56 non
458 1595 128 56 de
521 1595 170 56 iure
628 1595 234 56 divino:
798 1595 170 56 quia
904 1595 170 56 illi
1011 1595 149 56 qui
1096 1595 213 56 tantum

309 1652 223 63 fuerunt
471 1652 142 63 sub
552 1652 162 63 lege
653 1652 223 63 naturae
816 1652 101 63 /
856 1652 223 63 fuerunt
1018 1652 243 63 obligati
1201 1652 122 63 ad

309 1700 341 71 confessionem.
590 1700 201 71 Probo:
731 1700 161 71 quia
831 1700 161 71 Adam
932 1700 121 71 et
992 1700 161 71 Caun
1072 1700 201 71 reprhen-

324 1755 172 64 duntur
444 1755 86 64 a
478 1755 120 64 deo
547 1755 137 64 quod
633 1755 206 64 peccatum
788 1755 137 64 suum
874 1755 120 64 non
942 1755 223 64 voluerunt
1097 1755 172 64 confite-

310 1820 131 64 riate
397 1820 87 64 vt
440 1820 131 64 patet
527 1820 160 64 Omentio
643 1820 102 64 iii
701 1820 87 64 et
745 1820 131 64 iiii.
832 1820 87 64 Et
875 1820 189 64 similiter
1020 1820 102 64 Iob
1078 1820 116 64 fuit
1151 1820 160 64 tempore

319 1867 154 64 legis
422 1867 206 64 naturae:
576 1867 103 64 et
628 1867 154 64 tamen
730 1867 137 64 ipse
816 1867 274 64 confitebatur
1039 1867 206 64 peccata.
1176 1867 86 64 Iob

306 1932 162 63 xxxi.
414 1932 108 63 Si
468 1932 216 63 abscondi
630 1932 162 63 quasi
738 1932 144 63 homo
828 1932 216 63 peccatum
990 1932 162 63 meum.
1098 1932 144 63 ergo
1170 1932 90 63 con

306 1980 173 71 fessio
427 1980 121 71 non
496 1980 121 71 est
565 1980 173 71 tantum
685 1980 104 71 de
737 1980 138 71 iure
824 1980 190 71 divino.
962 1980 104 71 Si
1013 1980 190 71 dicitur
1151 1980 138 71 quod

308 2030 131 60 est
383 2030 112 60 de
439 2030 149 60 iure
532 2030 205 60 naturae
682 2030 93 60 .
719 2030 205 60 contra.
868 2030 224 60 quicquid
1036 2030 131 60 est
1111 2030 112 60 de
1148 2030 112 60 iure

300 2092 238 53 naturae:
479 2092 238 53 sequitur
657 2092 238 53 dictamen
836 2092 258 53 naturalis
1035 2092 258 53 rationis:

304 2148 182 64 eodem
425 2148 162 64 modo
526 2148 283 64 observatur
749 2148 162 64 apud
850 2148 202 64 omnes:
991 2148 142 64 sed
1072 2148 142 64 hoc
1153 2148 142 64 non

315 2201 175 62 potest
438 2201 140 62 dici
526 2201 105 62 de
578 2201 280 62 confessione.
806 2201 175 62 igitur
928 2201 228 62 Praeterea
1103 2201 123 62 non
1173 2201 123 62 est

317 2252 283 55 necessaria:
543 2252 151 55 nisi
638 2252 151 55 quia
732 2252 94 55 a
770 2252 132 55 deo
845 2252 264 55 instituta:
1053 2252 132 55 sed
1109 2252 151 55 divina

306 2308 299 62 institutio
540 2308 320 62 promulgatur
797 2308 213 62 Iacobi
946 2308 128 62 v.
989 2308 277 62 Confitemini

314 2371 269 56 alterutrum
525 2371 211 56 peccata
678 2371 211 56 vestra.
832 2371 134 56 vbi
909 2371 134 56 non
985 2371 134 56 fit
1062 2371 192 56 mentio
1177 2371 77 56 de

312 2420 241 63 sacerdote.
501 2420 223 63 Similiter
673 2420 103 63 in
724 2420 137 63 stra
810 2420 258 63 persuadetur
1016 2420 103 63 in
1068 2420 137 63 casu
1137 2420 120 63 confi

313 2479 134 57 teri
397 2479 168 57 socio.
514 2479 117 57 vbi
582 2479 184 57 dicitur
716 2479 117 57 sic
783 2479 134 57 dist
867 2479 134 57 xvii
950 2479 201 57 capitulo
1101 2479 84 57 v
1135 2479 101 57 Si
1168 2479 101 57 defu

313 2537 162 59 erit
414 2537 264 59 sacerdos:
617 2537 223 59 proximo
779 2537 142 59 vel
860 2537 183 59 socio
982 2537 243 59 facienda
1165 2537 142 59 est

311 2579 249 68 confessio.
507 2579 231 68 Praeterea
685 2579 107 68 si
738 2579 142 68 sic:
827 2579 196 68 videtur
970 2579 142 68 quod
1058 2579 196 68 liceret
1183 2579 89 68 con

316 2647 163 56 fiteri
430 2647 196 56 cuilibet
576 2647 212 56 sacerdoti
739 2647 196 56 meliori.
886 2647 261 56 consequentia
1098 2647 147 56 patet
1196 2647 114 56 per

325 2699 130 62 llud
406 2699 130 62 quod
488 2699 147 62 dixit
585 2699 179 62 magiter
715 2699 98 62 in
764 2699 130 62 iiii
846 2699 130 62 dist
927 2699 130 62 xvii
1009 2699 195 62 capitulo
1155 2699 81 62 v
1188 2699 114 62 Qui

321 2755 138 63 ergo
407 2755 242 63 confitetur
597 2755 242 63 sacerdoti:
788 2755 173 63 omnino
909 2755 190 63 meliori
1047 2755 138 63 quam
1134 2755 173 63 potest

307 2811 273 56 confiteatur.
529 2811 137 56 ergo
615 2811 256 56 relinquitur
820 2811 188 56 iudicio
956 2811 256 56 confitentis
1161 2811 137 56 sibi

315 2876 187 47 eligere
451 2876 272 47 confessorem.
672 2876 136 47 Item
757 2876 204 47 ditition
909 2876 136 47 xvii
994 2876 204 47 capitulo
1147 2876 85 47 v
1164 2876 102 47 Quae

314 2923 198 47 rendus
453 2923 138 47 est
532 2923 158 47 enim
630 2923 237 47 sacerdos
808 2923 217 47 sapiens
967 2923 119 47 et
1026 2923 277 47 discretus:

326 2957 115 83 qui
391 2957 115 83 cum
457 2957 213 83 potestate
621 2957 148 83 simul
720 2957 164 83 habeat
835 2957 213 83 iudicium.
999 2957 213 83 Similiter
1163 2957 148 83 quili

308 3020 144 63 bet
391 3020 246 63 sacerdos
575 3020 185 63 habet
698 3020 226 63 claues:
863 3020 164 63 ergo
965 3020 246 63 quilibet
1129 3020 144 63 eorum

322 3085 196 77 potest
459 3085 254 77 quemlibet
655 3085 215 77 hominem
812 3085 274 77 absoluere.
1027 3085 117 77 Et
1066 3085 196 77 consirma

1322 219 141 48 tur.
1411 219 141 48 quia
1499 219 212 48 quilibet
1658 219 212 48 sacerdos
1817 219 177 48 potest
1941 219 248 48 consecrare
2136 219 177 48 corpus

1316 262 195 61 christi
1458 262 89 61 :
1493 262 142 61 quod
1582 262 159 61 maius
1688 262 142 61 est.
1777 262 195 61 igitur.
1919 262 106 61 Ad
1972 262 248 61 oppositum.
2167 262 142 61 omne

1328 324 138 63 quod
1414 324 138 63 deus
1500 324 224 63 praecepit
1672 324 86 63 /
1706 324 120 63 est
1775 324 258 63 necessarium
1982 324 103 63 ad
2033 324 206 63 salutem:
2188 324 120 63 sed

1326 370 135 73 quod
1410 370 219 73 sacerdoti
1578 370 135 73 fiat
1663 370 219 73 confessio
1831 370 84 73 /
1864 370 219 73 praecepit
2033 370 151 73 deus:
2133 370 168 73 igitur

1315 436 134 58 etc.
1399 436 151 58 Maior
1500 436 218 58 probatur:
1667 436 134 58 quia
1751 436 201 58 christus
1902 436 184 58 Ioannes
2036 436 101 58 xx
2087 436 168 58 quando
2187 436 84 58 di-

1312 479 135 71 xit
1389 479 174 71 aplis
1505 479 116 71 et
1563 479 271 71 discipulis
1776 479 174 71 suis.
1892 479 252 71 Accipitae
2086 479 232 71 spiritum

1306 547 226 48 sanctum:
1475 547 188 48 quorum
1607 547 282 48 remiseritis
1833 547 207 48 peccata
1983 547 94 48 /
2021 547 282 48 remittuntur

1313 595 136 68 eis
1390 595 175 68 dedit
1507 595 272 68 potestatem
1721 595 253 68 iudicandi
1915 595 117 68 de
1973 595 233 68 peccatis
2148 595 156 68 ergo

1309 660 120 55 eo
1369 660 160 55 ipso
1469 660 240 55 imposuit
1649 660 180 55 aliis
1769 660 300 55 obedientiam
2008 660 120 55 et
2048 660 220 55 subiectio

1309 716 155 55 nem:
1405 716 155 55 quia
1502 716 155 55 sine
1599 716 174 55 eorum
1715 716 290 55 subiectione
1947 716 135 55 non
2024 716 232 55 poterant
2179 716 97 55 ex-

1310 764 171 55 aequi
1424 764 152 55 suam
1519 764 285 55 potestatem:
1747 764 152 55 quia
1841 764 266 55 cognoscere
2050 764 114 55 in
2107 764 209 55 iudicam

1309 821 123 62 do
1370 821 225 62 peccata
1534 821 184 62 eorum
1657 821 143 62 non
1739 821 246 62 possunt:
1923 821 164 62 nisi
2025 821 123 62 ea
2087 821 143 62 per
2148 821 123 62 con-

1308 867 271 73 fessionem
1517 867 271 73 audirent.
1725 867 271 73 Praeterea
1934 867 271 73 confiteri
2122 867 146 73 sacer

1309 928 163 59 doti
1410 928 142 59 est
1492 928 285 59 praeceptum
1716 928 183 59 sedis
1838 928 305 59 apostolice.
2082 928 183 59 sicut
2184 928 81 59 ha

1304 986 167 56 betur
1416 986 111 56 in
1471 986 185 56 decre.
1601 986 167 56 dist.
1712 986 148 56 xix.
1805 986 130 56 sic
1879 986 185 56 omnes.
2009 986 130 56 Sic
2083 986 167 56 omnes
2175 986 93 56 san

1306 1037 225 74 ctiones
1469 1037 204 74 aplice
1612 1037 184 74 sedis
1734 1037 286 74 accipiende
1959 1037 184 74 sunt:
2081 1037 225 74 tamquam

1305 1100 228 61 ipsius
1465 1100 228 61 divina
1624 1100 182 61 voce
1738 1100 205 61 Petri
1875 1100 273 61 formate.
2057 1100 205 61 Praeter

1300 1148 112 77 ea
1356 1148 150 77 exma
1450 1148 112 77 de
1506 1148 131 77 pes
1581 1148 112 77 et
1637 1148 131 77 re.
1712 1148 168 77 omnis
1824 1148 243 77 utriusque
2011 1148 187 77 serus.
2123 1148 150 77 proci-

1293 1219 142 57 pit
1374 1219 263 57 concilium
1576 1219 283 57 celebratum
1799 1219 142 57 sub
1880 1219 283 57 Innocentio
2102 1219 202 57 tertio

1307 1266 146 69 quod
1398 1266 164 69 omnis
1507 1266 237 69 utriusque
1689 1266 164 69 sexus
1798 1266 200 69 fidelis
1944 1266 182 69 statim
2071 1266 218 69 postquam

1303 1328 119 59 ad
1363 1328 179 59 annos
1482 1328 318 59 discretionis
1741 1328 298 59 peruenerit:
1979 1328 179 59 omnia
2079 1328 179 59 peccata

1297 1381 147 78 sua
1381 1381 189 78 semel
1507 1381 126 78 in
1570 1381 168 78 anno
1675 1381 273 78 fideliter
1884 1381 315 78 consiteatur
2115 1381 147 78 propo

1302 1435 274 58 sacerdoti.
1518 1435 255 58 Praeterea
1714 1435 216 58 magiter
1871 1435 176 58 libro
1988 1435 157 58 iiii
2086 1435 157 58 dist
2164 1435 118 58 xvii

1301 1493 132 53 ci.
1377 1493 94 53 v
1414 1493 170 53 dicit
1527 1493 151 53 quod
1622 1493 132 53 non
1697 1493 226 53 sufficit
1867 1493 132 53 deo
1942 1493 245 53 confiteri
2131 1493 151 53 sine
2207 1493 75 53 sa

1305 1556 243 60 cerdote:
1487 1556 141 60 nec
1568 1556 141 60 est
1648 1556 162 60 vere
1749 1556 222 60 humilis
1911 1556 121 60 et
1972 1556 243 60 penitens
2154 1556 101 60 /
2194 1556 121 60 si

1303 1598 141 69 non
1384 1598 262 69 desiderat
1585 1598 121 69 et
1646 1598 242 69 requirit
1828 1598 283 69 sacerdotis
2050 1598 262 69 iudicium.

1371 1654 118 69 Ad
1430 1654 294 69 quaestionem
1665 1654 157 69 dico
1763 1654 157 69 quod
1861 1654 216 69 aliquid
2018 1654 137 69 est
2077 1654 176 69 necessa

1300 1716 156 54 rium
1397 1716 117 54 ad
1456 1716 215 54 salutem
1612 1716 254 54 dupliter.
1807 1716 137 54 vel
1885 1716 156 54 quia
1982 1716 156 54 sine
2080 1716 156 54 illo
2158 1716 98 54 im-

1305 1772 226 63 possibile
1479 1772 122 63 est
1548 1772 174 63 habere
1670 1772 209 63 salutem:
1827 1772 122 63 vel
1896 1772 139 63 quia
1983 1772 122 63 sic
2053 1772 226 63 ordinatum
2210 1772 52 63 /

1305 1828 139 55 quod
1392 1828 122 55 non
1461 1828 122 55 est
1531 1828 104 55 in
1583 1828 174 55 libera
1705 1828 226 55 potestate
1879 1828 244 55 voluntatis
2071 1828 157 55 illud
2158 1828 104 55 con-

1302 1883 215 57 temnere
1459 1883 118 57 et
1518 1883 215 57 salutem
1675 1883 215 57 habere.
1831 1883 176 57 Primo
1949 1883 157 57 modo
2047 1883 196 57 nullum
2164 1883 98 57 sa-

1303 1933 254 62 cramentum
1499 1933 137 62 est
1577 1933 293 62 necessarium
1812 1933 117 62 ad
1871 1933 235 62 salutem:
2047 1933 157 62 quia
2145 1933 157 62 deus

1297 1996 235 56 virtutem
1474 1996 157 56 suam
1572 1996 137 56 non
1650 1996 255 56 alligauit
1846 1996 313 56 sacramentis.
2100 1996 118 56 et
2159 1996 137 56 sic

1300 2044 131 59 non
1375 2044 131 59 est
1450 2044 243 59 contritio
1637 2044 262 59 necessaria
1843 2044 131 59 nec
1918 2044 262 59 confessio:
2124 2044 131 59 sed
2180 2044 75 59 su

1300 2094 179 69 ficit
1419 2094 159 69 sola
1519 2094 239 69 voluntas
1698 2094 139 69 dei
1778 2094 139 69 cum
1857 2094 239 69 creatura
2016 2094 239 69 rationabi-

1296 2156 126 63 li.
1368 2156 198 63 Secundo
1512 2156 144 63 modo
1602 2156 234 63 confessio
1782 2156 126 63 est
1855 2156 252 63 necessaria
2053 2156 108 63 ad
2107 2156 198 63 salutem

1285 2208 143 67 hoc
1366 2208 143 67 est
1448 2208 265 67 confessio
1651 2208 143 67 est
1733 2208 204 67 medium
1875 2208 265 67 ordinatum
2079 2208 122 67 ad
2119 2208 143 67 salu-

1301 2268 134 62 tem:
1385 2268 117 62 ita
1452 2268 134 62 quod
1536 2268 117 62 non
1603 2268 117 62 est
1670 2268 101 62 in
1720 2268 218 62 potestate
1888 2268 184 62 hominis
2022 2268 134 62 isto
2089 2268 168 62 contepto

1293 2323 242 64 obtinere
1474 2323 242 64 salutem.
1656 2323 161 64 Unde
1756 2323 242 64 quilibet
1938 2323 141 64 qui
2018 2323 141 64 est
2099 2323 201 64 compos

1292 2380 209 63 mentis:
1444 2380 114 63 et
1501 2380 190 63 potens
1634 2380 190 63 loqui:
1767 2380 114 63 et
1825 2380 190 63 haiens
1958 2380 190 63 copiam
2091 2380 209 63 sacerdo

1285 2439 158 52 tis:
1384 2439 118 52 si
1443 2439 237 52 peccauit
1621 2439 296 52 mortaliter:
1858 2439 217 52 tenetur
2015 2439 257 52 confiteri
2193 2439 79 52 sa

1296 2492 201 55 cerdoti
1442 2492 164 55 tunc:
1551 2492 128 55 vel
1624 2492 164 55 aliis
1734 2492 219 55 secundum
1898 2492 292 55 permissionem
2135 2492 110 55 et
2190 2492 110 55 ad

1299 2540 340 63 ordinationem
1575 2540 276 63 ecclesie.
1788 2540 128 63 Ad
1851 2540 213 63 primam
2000 2540 255 63 rationem
2170 2540 85 63 di

1308 2603 101 70 co
1359 2603 134 70 quod
1442 2603 201 70 peccatum
1594 2603 117 70 sic
1661 2603 235 70 remittitur
1845 2603 84 70 /
1879 2603 134 70 quod
1963 2603 101 70 si
2013 2603 168 70 habita
2114 2603 134 70 oppor-

1291 2655 237 60 tunitate
1469 2655 257 60 contemnat
1667 2655 277 60 confiteri:
1884 2655 138 60 nec
1963 2655 119 60 de
2022 2655 158 60 illo
2101 2655 158 60 contem

1306 2710 131 63 ptu
1381 2710 168 63 prius
1493 2710 262 63 poeniteat:
1699 2710 206 63 peccata
1848 2710 131 63 sua
1923 2710 206 63 dimissa
2073 2710 150 63 sibi
2166 2710 112 63 in

1299 2764 211 74 putantur
1457 2764 175 74 denuo.
1580 2764 246 74 Argumentum
1773 2764 158 74 tamen
1879 2764 140 74 bene
1966 2764 228 74 concludit
2142 2764 140 74 quod

1304 2826 233 57 confessio
1483 2826 125 57 non
1555 2826 125 57 est
1627 2826 197 57 necaria
1770 2826 161 57 primo
1878 2826 161 57 modo.
1985 2826 108 57 Ad
2039 2826 215 57 secundum
2182 2826 72 57 ve

1301 2880 125 52 rum
1372 2880 125 52 est
1444 2880 143 52 quod
1533 2880 214 52 lachrume
1693 2880 178 52 lauant
1818 2880 232 52 delictum:
1996 2880 143 52 quia
2086 2880 160 52 pudo:
2175 2880 71 52 et

1300 2931 233 56 confiteri:
1483 2931 150 56 tamen
1583 2931 116 56 non
1650 2931 200 56 obstante
1799 2931 166 56 pudore
1916 2931 133 56 oper
1999 2931 233 56 consiteri.
2182 2931 100 56 Et

1301 2988 117 55 ad
1359 2988 351 55 confirmationem
1651 2988 156 55 dico
1749 2988 156 55 quod
1846 2988 175 55 multa
1963 2988 156 55 sunt
2061 2988 175 55 facta
2158 2988 78 55 eu

1303 3044 121 65 non
1372 3044 138 65 sunt
1458 3044 207 65 scripta.
1614 3044 104 65 Ad
1666 3044 190 65 tertium
1804 3044 190 65 dicitur
1942 3044 138 65 quod
2028 3044 138 65 scia
2098 3044 156 65 acquisi

1297 3092 104 80 ta
1349 3092 122 80 non
1418 3092 122 80 est
1488 3092 191 80 clavis:
1627 3092 122 80 sed
1697 3092 191 80 auentas
1836 3092 139 80 quam
1923 3092 174 80 laicus
2044 3092 122 80 non
2114 3092 174 80 habet:
