2550 3300
312 204 244 56 cipales.
494 204 122 56 Ad
555 204 203 56 primam
697 204 183 56 patet
819 204 142 56 per
901 204 284 56 praedicta:
1124 204 142 56 cum
1185 204 81 56 re

308 255 174 60 ctus
417 255 131 60 et
482 255 196 60 verus
613 255 305 60 intelletus
852 255 218 60 istius
1005 255 305 60 decretalis

317 316 168 63 omnis
429 316 243 63 utriusque
616 316 168 63 sexus
728 316 131 63 etc
803 316 131 63 est
877 316 149 63 quia
970 316 224 63 proprius
1120 316 149 63 sacer-

312 364 116 62 dos
379 364 116 62 non
445 364 264 62 distinguitur
659 364 165 62 contra
775 364 149 62 conem
874 364 248 62 sacerdotem:
1072 364 116 62 sed
1138 364 165 62 contra

310 415 227 59 alienum.
480 415 151 59 Unde
575 415 246 59 signanter
764 415 284 59 constitutio
991 415 189 59 dicit.
1124 415 114 59 Si
1161 415 114 59 quis

299 473 214 57 alieno
448 473 278 57 sacerdoti
663 473 257 57 voluerit
855 473 193 57 iusta
984 473 128 57 de
1048 473 193 57 causa
1155 473 107 57 co-

315 524 182 63 fiteri
442 524 128 63 sua
515 524 219 63 peccata:
679 524 237 63 licentiam
862 524 164 63 prius
971 524 219 63 postulet
1135 524 109 63 et
1172 524 91 63 ob-

301 588 220 55 tineat.
461 588 160 55 Unde
561 588 240 55 intentio
741 588 360 55 constitutionis
1040 588 140 55 est
1120 588 180 55 arcta

305 640 132 60 re
371 640 265 60 subditos
570 640 199 60 unius
702 640 287 60 parochie:
923 640 132 60 ne
989 640 132 60 ad
1055 640 243 60 sacerdo

311 699 131 60 tem
386 699 225 60 alterius
555 699 225 60 parochie
724 699 244 60 accedant:
911 699 150 60 onto
1005 699 131 60 non
1080 699 169 60 habet
1173 699 94 60 iu-

314 739 319 69 risdictionem
573 739 180 69 super
693 739 140 69 eos
773 739 140 69 per
853 739 319 69 commissionem
1092 739 180 69 dicenti

308 811 165 56 pape
411 811 144 56 vel
494 811 289 56 diocesani.
721 811 124 56 Si
783 811 186 56 tamen
906 811 227 56 habeat:
1071 811 144 56 iam
1154 811 144 56 non

304 860 134 64 est
380 860 229 64 alienus:
552 860 134 64 sed
629 860 229 64 proprius
801 860 210 64 tantum.
954 860 115 64 Ad
1011 860 229 64 secundum
1164 860 96 64 cum

315 910 167 82 icitur
432 910 134 82 quod
516 910 150 82 illud
616 910 134 82 quod
700 910 150 82 cedit
800 910 100 82 in
850 910 267 82 praeiudicium
1067 910 217 82 alterius:

307 972 138 56 non
386 972 197 56 potest
524 972 197 56 alicui
661 972 256 56 convenire
858 972 138 56 per
936 972 315 56 privilegium.
1172 972 79 56 Di

303 1028 119 61 co
363 1028 159 61 quod
462 1028 179 61 maior
582 1028 139 61 est
662 1028 199 61 falsa.
801 1028 179 61 bonum
920 1028 159 61 enim
1020 1028 219 61 commune
1159 1028 100 61 to-

297 1091 162 56 tius
398 1091 243 56 ecclesie
581 1091 223 56 prferri
743 1091 183 56 debet
865 1091 162 56 bono
966 1091 325 56 particulari.

315 1141 140 58 Unde
402 1141 123 58 ubi
472 1141 158 58 bonum
577 1141 123 58 rei
647 1141 210 58 publicae
805 1141 123 58 non
875 1141 175 58 potest
997 1141 280 58 convenienter

299 1199 228 68 procurari
475 1199 140 68 sine
562 1199 245 68 preiudicio
755 1199 158 68 facto
860 1199 175 68 alicui
982 1199 228 68 personae:
1157 1199 123 68 sed

306 1252 118 63 cum
373 1252 235 63 preiudicio
558 1252 135 63 suo:
643 1252 151 63 licet
743 1252 101 63 ei
794 1252 118 63 qui
861 1252 168 63 rector
979 1252 118 63 est
1029 1252 219 63 reipublicae

299 1317 197 60 propter
442 1317 161 60 bonum
550 1317 143 60 cone
639 1317 268 60 preiudicare
854 1317 143 60 illi
943 1317 233 60 personae:
1122 1317 161 60 licer

296 1371 228 67 proprie
462 1371 248 67 loquendo
648 1371 145 67 non
731 1371 207 67 debeat
876 1371 166 67 sibi
979 1371 166 67 dici
1062 1371 186 67 priudi-

300 1426 179 57 ciale
419 1426 99 57 /
459 1426 159 57 quod
558 1426 139 57 est
638 1426 298 57 ampliativum
876 1426 139 57 vel
956 1426 338 57 consummativum

292 1476 151 63 boni
386 1476 207 63 comnis:
537 1476 132 63 seu
612 1476 320 63 conservativum
876 1476 132 63 rei
952 1476 151 63 pub.
1046 1476 170 63 cuius
1140 1476 113 63 ille

312 1533 118 61 est
380 1533 152 61 pars.
481 1533 135 61 Unde
565 1533 135 61 bene
649 1533 168 61 potest
767 1533 185 61 concedi
901 1533 152 61 maior
1002 1533 168 61 illius
1120 1533 152 61 ratio

310 1588 142 75 nis
391 1588 223 75 quantum
553 1588 122 75 ad
614 1588 284 75 propositum
838 1588 203 75 actum.
980 1588 183 75 illud
1102 1588 183 75 haber

301 1643 211 71 expresse.
463 1643 130 71 xxv.
544 1643 97 71 qu
593 1643 195 71 scilicet
739 1643 130 71 quod
820 1643 146 71 vero.
918 1643 97 71 in
967 1643 130 71 glos
1048 1643 114 71 vbi
1113 1643 179 71 habetur

303 1700 138 78 quod
389 1700 258 78 privilegium
596 1700 121 78 non
664 1700 172 78 potest
785 1700 189 78 concedi
923 1700 103 78 in
974 1700 207 78 alterius
1112 1700 138 78 preiu-

304 1752 183 59 dicium.
437 1752 100 59 et
487 1752 233 59 conceditur
670 1752 133 59 quod
753 1752 249 59 preiudicium
952 1752 116 59 fit
1018 1752 183 59 curato:
1151 1752 100 59 si
1185 1752 66 59 al

299 1814 150 68 teri
393 1814 169 68 detur
505 1814 225 68 potestas
674 1814 112 68 et
730 1814 281 68 iurisdictio
955 1814 169 68 super
1068 1814 225 68 subditos

302 1864 173 59 suos.
417 1864 192 59 Dicunt
551 1864 230 59 doctores
724 1864 154 59 quod
820 1864 154 59 sibi
916 1864 134 59 non
993 1864 134 59 fit
1050 1864 192 59 preiudi-

288 1923 156 55 cium:
391 1923 138 55 quia
478 1923 190 55 nunquam
616 1923 121 55 fit
686 1923 225 55 piudicium
858 1923 173 55 alicui
980 1923 86 55 /
1014 1923 138 55 nisi
1101 1923 104 55 ei
1153 1923 121 55 sub

301 1980 197 55 trahatur
449 1980 132 55 quod
531 1980 132 55 sibi
613 1980 115 55 est
679 1980 99 55 in
728 1980 181 55 fauorem
859 1980 214 55 indultum.
1024 1980 115 55 sed
1090 1980 197 55 potestas

287 2035 374 56 iurisdictionis
599 2035 145 56 non
682 2035 145 56 est
765 2035 208 56 curato
910 2035 228 56 indulta
1076 2035 125 56 in
1117 2035 125 56 fauo

303 2089 141 58 rem
383 2089 241 58 persone:
564 2089 141 58 sed
645 2089 121 58 in
705 2089 282 58 vtilitatem
926 2089 221 58 plebis:
1087 2089 121 58 et
1127 2089 121 58 hono

291 2148 129 55 rem
364 2148 147 55 dei:
456 2148 110 55 et
512 2148 147 55 ideo
604 2148 110 55 si
659 2148 295 55 superioribus
898 2148 184 55 platis
1027 2148 203 55 videtur
1156 2148 92 55 ex-

298 2196 208 71 pedire
444 2196 125 71 ad
506 2196 229 71 salutem
672 2196 208 71 plebis
818 2196 125 71 et
880 2196 229 71 honorem
1046 2196 166 71 dei:
1129 2196 125 71 pos-

300 2252 169 63 sunt
405 2252 274 63 postmodum
617 2252 296 63 committere
849 2252 190 63 aliis
976 2252 106 63 a
1018 2252 232 63 palatis
1166 2252 84 63 in

297 2308 295 63 ferioribus
529 2308 379 63 iurisdictionem
845 2308 126 63 in
908 2308 253 63 subditos
1098 2308 190 63 eorum

290 2368 126 60 et
353 2368 336 60 sinepiudicio
626 2368 273 60 eorundem:
835 2368 126 60 ut
898 2368 126 60 si
961 2368 168 60 papa
1066 2368 231 60 faceret

300 2420 164 61 unum
402 2420 266 61 simplicem
607 2420 287 61 sacerdotem
832 2420 225 61 legatum
996 2420 123 61 in
1058 2420 225 61 Anglia:

301 2481 121 74 in
361 2481 181 74 nullo
482 2481 282 74 piudicaret
703 2481 161 74 epis
804 2481 141 74 nec
884 2481 322 74 inferioribus
1125 2481 121 74 prae

302 2528 192 61 latis.
436 2528 115 61 Et
494 2528 115 61 ad
552 2528 192 61 primum
686 2528 212 61 motivum
840 2528 135 61 cum
917 2528 212 61 dicitur
1071 2528 154 61 ille
1148 2528 96 61 sa-

300 2597 211 62 cerdos
447 2597 232 62 tenetur
616 2597 169 62 sibi
721 2597 295 62 ministrare
953 2597 337 62 eucharistiae

305 2644 193 63 sacrm:
440 2644 154 63 ergo
536 2644 212 63 tenetur
691 2644 174 63 scire
806 2644 174 63 vitam
922 2644 174 63 suam:
1038 2644 116 63 et
1096 2644 193 63 audire

313 2708 215 64 pfessione
479 2708 99 64 de
529 2708 199 64 peccatis
678 2708 133 64 suis
761 2708 199 64 omnibus.
910 2708 133 64 nego
993 2708 298 64 consequentiam:

313 2764 139 63 quia
400 2764 209 63 sufficit
556 2764 226 63 sacerdoti
730 2764 139 63 quod
817 2764 156 63 dicat
921 2764 104 63 se
973 2764 226 63 confessum
1147 2764 139 63 illi

304 2812 120 62 qui
373 2812 172 62 potest
493 2812 120 62 eum
561 2812 240 62 absoluere:
750 2812 137 62 quia
836 2812 137 62 dato
922 2812 137 62 quod
1008 2812 137 62 sibi
1076 2812 172 62 confite-

301 2876 157 46 tur:
399 2876 176 46 aliam
517 2876 294 46 securitatem
752 2876 196 46 habere
889 2876 137 46 non
968 2876 196 46 posset
1105 2876 118 46 de
1144 2876 98 46 vel

306 2925 183 62 ritate
434 2925 219 62 dictorum
598 2925 201 62 suorum:
744 2925 146 62 nisi
835 2925 219 62 credendo
999 2925 183 62 dictis
1127 2925 164 62 suis.

303 2981 121 63 et
363 2981 161 63 ideo
464 2981 121 63 in
524 2981 302 63 simpliciter
765 2981 241 63 occultis
946 2981 181 63 debet
1067 2981 221 63 credere

304 3028 264 71 sacerdos
502 3028 242 71 subdito
678 3028 154 71 suo
766 3028 242 71 dicenti
943 3028 132 71 se
1009 3028 286 71 confessum

312 3091 206 72 alicui
456 3091 226 72 habenti
621 3091 288 72 potestatem
847 3091 103 72 a
889 3091 123 72 se
950 3091 144 72 vel
1033 3091 103 72 a
1074 3091 226 72 superio

1298 203 128 63 ri
1362 203 170 63 suo.
1468 203 192 63 Secus
1596 203 149 63 est
1681 203 192 63 autem
1809 203 128 63 in
1873 203 298 63 manifestis
2107 203 192 63 etiam

1297 260 376 69 executionibus
1607 260 288 69 publicis:
1828 260 133 69 de
1894 260 221 69 quibus
2049 260 155 69 non
2115 260 133 69 opor

1303 315 141 62 tet
1383 315 161 62 quod
1484 315 241 62 sacerdos
1664 315 161 62 stet
1765 315 121 62 in
1825 315 241 62 simplici
2006 315 181 62 verbo
2106 315 141 62 subdi

1287 372 111 55 ti
1342 372 148 55 sui:
1434 372 148 55 nisi
1526 372 129 55 per
1600 372 203 55 literas
1748 372 277 55 confessoris
1969 372 92 55 /
2006 372 129 55 vel
2061 372 185 55 testimo-

1304 428 148 55 nium
1397 428 204 55 aliquod
1545 428 278 55 ostendatur.
1768 428 148 55 Unde
1861 428 204 55 videtur
2009 428 111 55 de
2065 428 148 55 tali
2139 428 111 55 sub-

1305 474 176 65 dito:
1423 474 156 65 quod
1520 474 137 65 vel
1598 474 234 65 sacerdos
1774 474 195 65 scivit
1911 474 137 65 eum
1989 474 293 65 irregularem

1283 535 242 60 aliquo
1452 535 363 60 impedimento
1742 535 169 60 quo
1839 535 218 60 minus
1984 535 314 60 accederet

1289 591 126 59 ad
1352 591 356 59 eucharistiam.
1645 591 314 59 impedimento
1897 591 168 59 dico
2002 591 293 59 partinente

1288 652 132 63 ad
1354 652 198 63 forum
1486 652 307 63 iudiciale:
1727 652 154 63 vel
1815 652 220 63 aliquo
1969 652 329 63 impedimento

1298 700 267 63 partinente
1508 700 114 63 ad
1565 700 172 63 forum
1679 700 324 63 poenitentiae.
1946 700 172 63 Primo
2060 700 152 63 modo
2156 700 133 63 non

1294 759 225 60 tenetur
1457 759 245 60 sacerdos
1641 759 184 60 stare
1764 759 184 60 dicto
1886 759 245 60 subditi:
2070 759 163 60 immo
2172 759 123 60 in

1287 812 191 71 pasca
1414 812 255 71 impedire
1605 812 361 71 eucharistiam:
1902 812 170 71 nisi
2009 812 276 71 legitimam

1288 864 170 59 nidem
1402 864 189 59 faciat
1534 864 114 59 se
1591 864 152 59 esse
1686 864 265 59 absolutum.
1894 864 208 59 secundo
2046 864 227 59 tenetur.

1336 915 118 72 Ad
1395 915 256 72 secunduam
1592 915 197 72 formam
1730 915 217 72 eiusdem
1888 915 295 72 principalis
2124 915 118 72 de
2163 915 79 72 au

1284 980 275 70 ctoritate
1495 980 317 70 Prouerbuer.
1749 980 212 70 xxvii.
1897 980 296 70 Diligenter
2109 980 127 70 agno

1283 1028 135 68 sce
1360 1028 193 68 vultum
1495 1028 212 68 pecoris
1649 1028 154 68 tui.
1745 1028 154 68 dico
1842 1028 154 68 quod
1938 1028 173 68 nulli
2054 1028 212 68 imponit

1286 1100 298 55 impossibile.
1528 1100 186 55 libr.o
1659 1100 112 55 vi
1715 1100 112 55 ex
1771 1100 112 55 de
1826 1100 186 55 rergu.
1957 1100 186 55 iuris.
2087 1100 186 55 nullus

1279 1148 201 63 potest
1420 1148 121 63 ad
1480 1148 302 63 impossibile
1722 1148 262 63 obligari.
1923 1148 121 63 Si
1983 1148 181 63 autem
2104 1148 181 63 illud

1286 1205 186 62 dictum
1417 1205 298 62 intelligatur
1659 1205 112 62 de
1715 1205 261 62 cognitione
1919 1205 317 62 conscientiae:
2162 1205 74 62 fo

1284 1260 141 63 ret
1364 1260 242 63 prelatus
1546 1260 262 63 obligatus
1747 1260 121 63 ad
1808 1260 322 63 impossibile:
2070 1260 121 63 et
2130 1260 161 63 ideo

1286 1318 172 61 primo
1400 1318 114 61 et
1458 1318 324 61 principaliter
1725 1318 305 61 intelligitur
1973 1318 114 61 de
2011 1318 229 61 agnitionem

1280 1380 150 55 quae
1374 1380 188 55 potest
1506 1380 188 55 haberi
1637 1380 131 55 per
1712 1380 263 55 exteriorem
1919 1380 357 55 conversationem.

1279 1428 299 62 Secudarie
1509 1428 138 62 de
1578 1428 414 62 manifestatione
1922 1428 368 62 conscientiae

1282 1481 117 66 in
1340 1481 253 66 occultis:
1534 1481 117 66 in
1593 1481 136 66 qua
1670 1481 253 66 agnitione
1865 1481 175 66 debet
1981 1481 214 66 credere
2137 1481 136 66 sub

1283 1542 152 61 dito
1378 1542 171 61 suo:r
1492 1542 114 61 ex
1548 1542 133 61 quo
1624 1542 171 61 aliam
1738 1542 284 61 cognitionem
1966 1542 133 61 non
2041 1542 190 61 potest
2174 1542 114 61 in

1288 1597 212 58 talibus
1442 1597 212 58 habere.
1596 1597 115 58 et
1653 1597 115 58 si
1711 1597 115 58 ad
1769 1597 135 58 eum
1846 1597 231 58 venerit:
2019 1597 115 58 et
2077 1597 212 58 dixerit

1285 1644 115 63 se
1342 1644 192 63 dignum
1477 1644 289 63 perceptione
1708 1644 327 63 eucharistiae:
1978 1644 173 63 habet
2074 1644 173 63 agnitio

1280 1707 144 52 nem
1363 1707 165 52 quae
1466 1707 247 52 sufficit
1651 1707 247 52 curatis.
1837 1707 247 52 Simliter
2022 1707 124 52 si
2084 1707 165 52 haec
2167 1707 82 52 au

1280 1764 252 55 ctoritas
1469 1764 231 55 ligaret
1637 1764 273 55 praelatum
1848 1764 126 55 ad
1911 1764 336 55 personaliter
2163 1764 84 55 au

1277 1820 231 62 diendum:
1450 1820 135 62 non
1527 1820 192 62 posset
1661 1820 173 62 vices
1777 1820 154 62 suas
1873 1820 269 62 commiitere
2084 1820 96 62 :
2123 1820 154 62 quod

1285 1875 171 56 tamen
1399 1875 209 56 faciunt
1550 1875 246 56 commniter
1740 1875 246 56 rectores:
1930 1875 209 56 ponendo
2081 1875 152 56 suos
2157 1875 76 56 sa

1276 1924 268 71 cerdotes
1477 1924 157 71 qui
1566 1924 157 71 non
1656 1924 179 71 sunt
1768 1924 268 71 prelati.
1969 1924 134 71 Ad
2036 1924 224 71 terti:

1286 1977 177 67 formam
1410 1977 124 67 cum
1481 1977 194 67 dicitur
1622 1977 141 67 quod
1710 1977 283 67 inconveniens
1940 1977 124 67 est
2011 1977 141 67 quod
2082 1977 141 67 alicui

1285 2035 274 80 deputentur
1501 2035 196 80 plures
1637 2035 215 80 iudices
1794 2035 274 80 immediati.
2009 2035 156 80 dico
2107 2035 156 80 quod

1284 2100 123 55 non
1355 2100 123 55 est
1425 2100 175 55 verum:
1547 2100 123 55 sed
1617 2100 193 55 expedit
1757 2100 123 55 hoc
1827 2100 175 55 fieri.
1950 2100 123 55 non
2020 2100 158 55 tamen
2125 2100 105 55 in
2160 2100 70 55 ca

1283 2140 115 71 su
1340 2140 153 71 modo
1436 2140 192 71 deben:
1570 2140 134 71 hoc
1647 2140 134 71 est
1724 2140 134 71 non
1800 2140 230 71 tenentur
1973 2140 172 71 simul
2069 2140 172 71 exerce-

1281 2204 105 63 re
1334 2204 158 63 actum
1439 2204 193 63 iudicii
1579 2204 158 63 iuper
1685 2204 175 63 eandem
1807 2204 228 63 materiam:
1983 2204 158 63 licet
2070 2204 158 63 possini

1340 2261 110 73 Ad
1395 2261 202 73 tertium
1541 2261 257 73 prancipale
1743 2261 220 73 dicendum
1908 2261 128 73 est
1981 2261 147 73 quod
2073 2261 147 73 illa
2146 2261 92 73 au-

1290 2316 249 63 ctoritas.
1481 2316 115 63 xi
1539 2316 134 63 qui
1615 2316 96 63 i
1654 2316 249 63 peruenit.
1845 2316 230 63 loquitur
2017 2316 115 63 de
2056 2316 172 63 iurisdi

1278 2375 208 75 ctione
1424 2375 125 75 in
1486 2375 166 75 foro
1590 2375 250 75 publico.
1777 2375 270 75 similiter
1985 2375 208 75 quando
2110 2375 125 75 aepi

1272 2428 210 63 scopus
1419 2428 231 63 confert
1586 2428 210 63 alicui
1733 2428 293 63 potestatem
1964 2428 251 63 audiendi
2131 2428 105 63 con

1278 2485 290 62 fessiones:
1506 2485 145 62 non
1589 2485 249 62 aufertur
1776 2485 270 62 inferiori
1983 2485 228 62 prelato
2128 2485 104 62 in-

1286 2540 251 62 nsdictio
1474 2540 167 62 sua:
1579 2540 147 62 sed
1663 2540 188 62 datur
1788 2540 126 62 ei
1851 2540 272 62 coadiutor
2061 2540 126 62 ad
2102 2540 126 62 exe-

1276 2604 218 61 quendum
1435 2604 356 61 iurisdictionem
1731 2604 178 61 suam:
1850 2604 158 61 quae
1949 2604 317 61 principalius

1296 2655 126 60 ist
1368 2655 126 60 epi
1440 2655 144 60 quam
1531 2655 144 60 sua.
1621 2655 108 60 Si
1675 2655 199 60 ponatur
1820 2655 144 60 quod
1910 2655 235 60 prohibeat
2073 2655 144 60 subdi-

1285 2707 111 63 lo
1341 2707 130 63 suo
1415 2707 111 63 ne
1471 2707 279 63 confiteatur
1694 2707 186 63 alicui
1824 2707 186 63 habeti
1954 2707 260 63 potestatem
2140 2707 74 63 au

1291 2762 202 64 diendi
1432 2762 121 64 ex
1493 2762 263 64 puilegio.
1696 2762 243 64 Dicendum
1878 2762 162 64 quod
1979 2762 142 64 cum
2060 2762 142 64 par
2141 2762 121 64 in

1285 2820 178 71 parem
1404 2820 138 71 non
1483 2820 198 71 habeat
1622 2820 257 71 imperium:
1819 2820 277 71 prohibitio
2037 2820 178 71 nihil
2136 2820 79 71 va

1289 2873 114 74 et:
1354 2873 114 74 sed
1419 2873 98 74 de
1468 2873 114 74 hoc
1534 2873 114 74 per
1599 2873 131 74 suum
1681 2873 212 74 superiore
1844 2873 114 74 vel
1910 2873 278 74 conservatorem
2138 2873 114 74 pri

1279 2922 264 69 vilegiorum
1487 2922 170 69 debet
1600 2922 227 69 graviter
1770 2922 264 69 castigari:
1978 2922 170 69 sicut
2091 2922 170 69 visum

1288 2986 140 65 est
1368 2986 120 65 de
1428 2986 220 65 multis.
1588 2986 140 65 Sed
1668 2986 220 65 nunquid
1828 2986 180 65 debet
1948 2986 300 65 privilegiat

1276 3036 262 78 absoluens
1477 3036 262 78 iniungere
1679 3036 242 78 confesso
1860 3036 161 78 sibi
1961 3036 161 78 quod
2062 3036 202 78 saltem

1280 3092 324 88 consiteatur
1540 3092 130 88 in
1604 3092 259 88 generali
1799 3092 238 88 proprio
1972 3092 302 88 sacerdoni:
