2550 3300
260 188 131 70 est
335 188 262 70 consuetudo
541 188 112 70 in
597 188 206 70 aliquam
747 188 224 70 regione:
915 188 150 70 quod
1008 188 243 70 quicumque

268 244 291 65 incendiarum
500 244 155 65 sint
597 244 272 65 exconicati
811 244 155 65 ipso
908 244 194 65 facto:
1043 244 175 65 sicut
1140 244 78 65 in

270 308 280 62 Theutonia:
490 308 120 62 et
550 308 180 62 plati
670 308 140 62 hoc
750 308 200 62 sciunt
889 308 120 62 et
949 308 280 62 approbant:
1149 308 80 62 te

269 356 187 64 nendum
400 356 131 64 est
475 356 131 64 eos
550 356 150 64 esse
644 356 300 64 exconicatos.
888 356 112 64 Et
944 356 169 64 illud
1056 356 150 64 quod
1150 356 112 64 di

262 406 162 67 ctum
363 406 142 67 est
444 406 122 67 de
505 406 324 67 incendiariis
768 406 324 67 ecclesiarum:
1031 406 243 67 tenendum

278 466 126 74 est
350 466 161 74 etiam
457 466 108 74 de
511 466 269 74 fractoribus
727 466 287 74 ecclesiarum:
960 466 144 74 quia
1050 466 144 74 sunt
1121 466 108 74 ipso

260 516 182 78 facto
381 516 303 78 exconicati:
623 516 121 78 et
684 516 101 78 a
724 516 162 78 papa
825 516 303 78 absoluendi.
1067 516 121 78 Si
1108 516 121 78 vero

272 574 145 69 alia
362 574 254 69 committant
562 574 109 69 in
616 574 236 69 ecclesia:
797 574 109 69 si
852 574 127 69 non
924 574 236 69 frangunt:
1105 574 163 69 absol

279 631 222 69 uuntur
434 631 133 69 ab
501 631 178 69 epo.
612 631 245 69 Quintus
790 631 200 69 casus
924 631 156 69 est
1013 631 133 69 in
1057 631 178 69 crimi-

275 693 127 62 ne
338 693 254 62 publico:
529 693 190 62 sicut
655 693 127 62 in
719 693 359 62 blasphemante.
1015 693 127 62 ex
1078 693 127 62 de
1120 693 106 62 ma-

271 749 261 62 ledicis.
467 749 305 62 statuimus.
707 749 218 62 Sextus
859 749 152 62 est
946 749 131 62 in
1011 749 174 62 voto
1098 749 131 62 fra-

280 795 169 73 cto.
385 795 126 73 ex
448 795 126 73 de
512 795 169 73 voto
617 795 126 73 et
680 795 169 73 voti
786 795 337 73 redemptione.
1059 795 169 73 capi
1144 795 84 73 i-

314 852 251 71 Septimus
502 852 126 71 si
565 852 230 71 ipsemet
733 852 209 71 epsrus
879 852 335 71 confessionem
1130 852 105 71 sui

276 907 240 72 subditi
451 907 240 72 audivit
626 907 131 72 de
691 907 219 72 aliquo
845 907 262 72 peccato:
1041 907 175 72 tunc
1129 907 109 72 in-

274 964 188 70 ferior
406 964 132 70 non
481 964 188 70 potest
613 964 132 70 eum
688 964 188 70 punire
819 964 132 70 pro
895 964 150 70 illo
989 964 150 70 dite
1083 964 132 70 xxi
1158 964 113 70 in

273 1024 217 74 ferior
425 1024 217 74 sedes.
578 1024 239 74 Octavus
752 1024 130 74 si
817 1024 152 74 sit
904 1024 304 74 consuetudo
1143 1024 130 74 in

276 1076 201 79 aliquo
417 1076 301 79 episcopatu:
658 1076 161 79 quod
758 1076 261 79 episcopus
959 1076 161 79 ista
1059 1076 221 79 peccata

274 1140 221 63 audiat:
435 1140 181 63 sicut
555 1140 121 63 de
616 1140 302 63 parientibus
857 1140 161 63 quae
958 1140 201 63 filios
1078 1140 161 63 oppri-

280 1196 189 71 munt:
406 1196 126 71 de
469 1196 314 71 homicidiis:
720 1196 126 71 de
783 1196 293 71 falsariis:
1013 1196 126 71 de
1055 1196 189 71 sacrile

288 1259 170 71 giis:
402 1259 114 71 de
458 1259 322 71 violationibus
723 1259 284 71 ecclesiarum
950 1259 114 71 et
1007 1259 265 71 libertatis

287 1306 293 73 eccliasticae:
528 1306 103 73 de
580 1306 276 73 sortilegiis:
804 1306 103 73 de
856 1306 155 73 vitio
959 1306 172 73 contra
1080 1306 190 73 naturam

283 1363 129 71 et
348 1363 216 71 maxime
499 1363 151 71 cum
585 1363 237 71 brutis:
758 1363 129 71 de
822 1363 259 71 incestu:
1016 1363 129 71 de
1060 1363 172 71 corru-

275 1419 229 79 ptione
435 1419 457 79 sanctimonialium:
824 1419 137 79 de
892 1419 297 79 ablatorum
1098 1419 137 79 siue

279 1476 250 72 illicitae
471 1476 307 72 acquisitorum
720 1476 384 72 restitutionibus:
1047 1476 115 72 de
1085 1476 154 72 periu-

285 1539 152 65 rio:
380 1539 114 65 de
437 1539 284 65 clandestine
664 1539 341 65 contrahentibus
949 1539 114 65 et
1005 1539 171 65 aliis
1119 1539 152 65 eno:

283 1597 201 71 mibus
417 1597 290 71 erroribus
640 1597 179 71 quos
752 1597 313 71 consuetudo
997 1597 290 71 generalis

295 1643 113 72 et
352 1643 244 72 specialis
540 1643 244 72 episcopis
728 1643 244 72 reseruat:
915 1643 113 72 in
972 1643 188 72 quibus
1103 1643 169 72 etiam

288 1698 237 73 episcopi
466 1698 256 73 remittunt
663 1698 256 73 aliquando
860 1698 118 73 ad
919 1698 197 73 curiam
1057 1698 217 73 Romanam

277 1753 234 77 propter
447 1753 318 77 enormitatem
701 1753 276 77 criminum:
914 1753 170 77 haec
1020 1753 255 77 dicuntui

279 1805 230 78 secundum
451 1805 249 78 iuristas.
643 1805 134 78 Sed
719 1805 191 78 restat
853 1805 230 78 videndum
1025 1805 115 78 in
1083 1805 191 78 quobus

277 1869 238 63 casibus
451 1869 195 63 alius
581 1869 108 63 a
624 1869 282 63 sacerdote
841 1869 238 63 proprio
1014 1869 217 63 possit
1144 1869 87 63 ab

277 1919 262 68 soluere:
474 1919 131 68 et
539 1919 327 68 assignantur
801 1919 175 68 octo
910 1919 218 68 casus.
1062 1919 218 68 Primus

280 1973 159 79 quando
391 1973 190 79 sacerdos
534 1973 111 79 est
597 1973 254 79 indiscretus.
804 1973 95 79 de
851 1973 238 79 poenitentia
1026 1973 206 79 distintione

276 2035 120 66 vi
336 2035 239 66 placuit.
516 2035 120 66 Et
575 2035 239 66 secundus
755 2035 200 66 quando
895 2035 200 66 aliqui
1034 2035 160 66 sunt
1114 2035 120 66 vaga

264 2084 222 70 bundi:
419 2084 155 70 qui
508 2084 155 70 non
596 2084 222 70 habent
751 2084 266 70 proprium
951 2084 332 70 domicilium:

278 2140 162 74 quia
379 2140 223 74 nullius
541 2140 364 74 iurisdictionis
844 2140 162 74 sunt
946 2140 324 74 determinate.

294 2196 252 71 Tertius
478 2196 207 71 casus
615 2196 184 71 est:
730 2196 138 71 si
799 2196 252 71 aliquis
983 2196 252 71 mutauit
1143 2196 92 71 do

264 2259 294 63 micilium:
490 2259 136 63 et
558 2259 294 63 navigauit
784 2259 158 63 vel
874 2259 316 63 itinerauit
1100 2259 136 63 quae

266 2302 173 77 rens
375 2302 152 77 quo
461 2302 130 77 se
526 2302 282 77 divertat.
743 2302 130 77 Et
808 2302 130 77 de
873 2302 152 77 hoc
959 2302 173 77 modo
1068 2302 217 77 dicunt

263 2372 201 63 quidam
404 2372 161 63 quod
504 2372 242 63 proprius
686 2372 242 63 sacerdos
867 2372 403 63 peregrinantiumac

276 2420 187 71 terta
401 2420 166 71 loca
505 2420 104 71 /
546 2420 145 71 est
629 2420 270 71 quicumque
837 2420 312 71 parochialis
1066 2420 166 71 sacer-

262 2483 181 64 dos.
376 2483 249 64 Quartus
557 2483 249 64 ratione
738 2483 272 64 delicti:
942 2483 136 64 vt
1010 2483 136 64 si
1055 2483 181 64 incur-

264 2532 197 71 ritur
396 2532 351 71 exconicatio.
680 2532 241 71 Quintus
856 2532 241 71 ratione
1031 2532 241 71 studii:

265 2588 202 70 sicut
399 2588 314 70 scholaris.
646 2588 225 70 Sextus
803 2588 359 70 necessitatis
1073 2588 157 70 tempo

265 2644 148 71 re.
350 2644 254 71 Septimus
540 2644 254 71 secundum
731 2644 191 71 Osti.
858 2644 127 71 si
921 2644 169 71 unus
1006 2644 212 71 parochia

270 2704 158 68 lis
361 2704 271 68 sacerdos
564 2704 203 68 ponat
700 2704 181 68 spem
813 2704 136 68 in
881 2704 271 68 oratione
1062 2704 158 68 alte-

274 2755 169 72 rius
379 2755 127 72 ix
443 2755 169 72 quia
548 2755 127 72 ii
612 2755 274 72 lugdunen.
823 2755 232 72 Octauus
992 2755 127 72 si
1055 2755 148 72 est
1118 2755 106 72 re-

262 2814 222 69 uelator
423 2814 323 69 confessionis
685 2814 121 69 et
746 2814 282 69 solicitans
968 2814 121 69 ad
1028 2814 202 69 malum.
1149 2814 81 69 In

271 2877 156 68 istis
375 2877 191 68 casibus
513 2877 173 68 semper
635 2877 156 68 debet
739 2877 139 68 peti
825 2877 208 68 licentia
981 2877 87 68 a
1016 2877 191 68 proprio
1137 2877 87 68 sa-

271 2931 236 56 cerdote:
449 2931 217 56 exempto
606 2931 236 56 articulo
784 2931 315 56 necessitatis
1040 2931 217 56 mortis.

263 2976 108 66 Et
317 2976 108 66 si
371 2976 217 66 negauit:
534 2976 181 66 potest
660 2976 163 66 alium
769 2976 199 66 licitae
913 2976 181 66 adire.
1039 2976 108 66 Si
1094 2976 163 66 autem

270 3030 160 69 sine
370 3030 240 69 licentia
550 3030 220 69 proprii
710 3030 280 69 sacerdotis
929 3030 200 69 aliqui
1049 3030 180 69 peregri

277 3084 205 79 nantur:
427 3084 131 79 non
501 3084 205 79 possunt
651 3084 205 79 absolui
800 3084 112 79 ab
856 3084 149 79 alis
950 3084 299 79 sacerdotibus

1256 188 151 47 nisi
1351 188 113 47 in
1407 188 208 47 tempore
1558 188 321 47 necessitatis.
1823 188 151 47 Idem
1917 188 132 47 est
1992 188 113 47 de
2049 188 208 47 mercato

1256 235 188 56 ribus
1381 235 125 56 et
1444 235 188 56 aliis
1569 235 313 56 viatoribus.
1820 235 167 56 Unde
1925 235 209 56 tutius
2071 235 146 56 est
2133 235 84 56 li

1265 290 243 57 centiam
1442 290 221 57 petere
1597 290 133 57 et
1663 290 288 57 obtinere.
1884 290 288 57 Sacerdoti
2083 290 133 57 vero

1267 344 301 58 solicitanti
1507 344 120 58 ad
1568 344 180 58 malum
1688 344 180 58 nullo
1808 344 160 58 modo
1908 344 241 58 subditus
2089 344 180 58 debet

1267 396 238 63 consiteri.
1454 396 136 63 vnde
1539 396 136 63 idem
1624 396 204 63 iudicium
1778 396 119 63 est
1846 396 102 63 de
1897 396 136 63 illo
1982 396 85 63 /
2016 396 102 63 et
2067 396 102 63 de
2118 396 136 63 illo

1265 451 147 64 qui
1349 451 147 64 non
1433 451 188 64 habet
1558 451 209 64 copiam
1705 451 293 64 sacerdotis
1935 451 335 64 confessoris.

1269 507 164 57 Unde
1371 507 143 57 nec
1453 507 123 57 in
1514 507 143 57 hoc
1596 507 348 57 transgreditur
1883 507 287 57 praeceptum
2088 507 143 57 eccle

1274 569 157 66 sie:
1372 569 157 66 quia
1470 569 255 66 praecepta
1666 569 176 66 iuris
1784 569 235 66 positivi
1960 569 137 66 non
2038 569 118 66 se
2077 569 157 66 exten-

1275 621 137 62 dunt
1361 621 155 62 vltra
1464 621 258 62 intentionem
1670 621 327 62 prinecipientis.
1945 621 103 62 et
1997 621 137 62 quod
2083 621 120 62 pro
2134 621 86 62 cha

1260 675 202 64 ritate
1401 675 141 64 est
1482 675 303 64 institutum:
1724 675 202 64 contra
1845 675 383 64 charitatemimilita

1259 730 134 66 re
1326 730 157 66 non
1415 730 224 66 debet.
1572 730 134 66 Ad
1639 730 269 66 rationes
1841 730 358 66 principales.
2132 730 134 66 Ad

1258 787 190 64 primam
1391 787 152 64 dico
1486 787 171 64 sicut
1600 787 247 64 dicebatur
1789 787 95 64 /
1827 787 152 64 quod
1922 787 114 64 ad
1979 787 285 64 absolueudum

1271 852 256 47 requiritur
1472 852 183 47 duplex
1599 852 237 47 potestas:
1782 852 219 47 scilicet
1946 852 201 47 ordinis
2092 852 110 47 et
2129 852 91 47 iu-

1263 907 285 64 risdictionis.
1498 907 101 64 Et
1549 907 101 64 ad
1599 907 168 64 primum
1716 907 168 64 quando
1834 907 185 64 dicitur
1968 907 134 64 quod
2052 907 201 64 potestas

1271 956 147 59 quae
1363 956 239 59 ordinatur
1546 956 110 59 ad
1601 956 147 59 duos
1693 956 221 59 effectus
1859 956 92 59 /
1896 956 110 59 si
1951 956 184 59 potest
2079 956 110 59 in
2116 956 92 59 ma-

1274 1015 184 60 iorem:
1403 1015 184 60 potest
1532 1015 166 60 etiam
1642 1015 111 60 in
1698 1015 221 60 minorem.
1864 1015 148 60 Dico
1956 1015 148 60 quod
2048 1015 129 60 hoc
2122 1015 129 60 est

1272 1075 192 56 verum
1400 1075 213 56 tantum
1549 1075 149 56 ubi
1634 1075 192 56 aeque
1762 1075 277 56 immediate
1954 1075 256 56 ordinantur

1270 1132 118 55 ad
1329 1132 255 55 vtrumque.
1525 1132 157 55 modo
1623 1132 157 55 dico
1721 1132 157 55 quod
1819 1132 235 55 potestas
1995 1132 118 55 in
2054 1132 196 55 corpus

1263 1180 223 63 christi
1425 1180 183 63 verum
1547 1180 183 63 datur
1668 1180 264 63 immediate
1871 1180 243 63 cuilibet
2054 1180 122 63 in
2115 1180 142 63 ord

1276 1242 121 57 ne
1336 1242 303 57 sacerdotii.
1579 1242 121 57 in
1639 1242 202 57 corpus
1781 1242 222 57 christi
1942 1242 242 57 musticum
2124 1242 141 57 non

1262 1292 175 63 datur
1378 1292 156 63 nisi
1475 1292 292 63 secundario.
1709 1292 117 63 et
1767 1292 156 63 ideo
1864 1292 117 63 in
1923 1292 175 63 istum
2040 1292 233 63 effectum

1267 1355 142 56 non
1348 1355 203 56 potest
1490 1355 284 56 immediate:
1712 1355 162 56 nisi
1814 1355 284 56 praehabita
2037 1355 223 56 potesta

1275 1404 108 76 te
1329 1404 343 76 iurisdictionis.
1618 1404 108 76 Ad
1672 1404 217 76 secundum
1835 1404 181 76 quando
1961 1404 199 76 dicitur
2106 1404 144 76 quod

1262 1468 225 55 apliti
1419 1468 292 55 immediate
1643 1468 112 55 a
1688 1468 157 55 deo
1778 1468 314 55 acceperunt
2003 1468 202 55 potesta

1269 1524 147 55 tem
1353 1524 316 55 absoluendi.
1606 1524 253 55 Dicendum
1795 1524 168 55 quod
1900 1524 295 55 potestatem
2111 1524 105 55 iu-

1272 1588 315 56 risdictionis
1528 1588 276 56 acceperunt
1745 1588 98 56 a
1784 1588 197 56 petro:
1922 1588 177 56 licet
2040 1588 138 56 hoc
2119 1588 138 56 non

1272 1625 253 65 legatur.
1462 1625 126 65 Et
1525 1625 126 65 ad
1588 1625 169 65 alia
1693 1625 274 65 argumenta
1904 1625 126 65 de
1967 1625 295 65 reseruatio

1272 1678 127 68 ne
1335 1678 297 68 occultorum
1569 1678 106 68 /
1611 1678 127 68 et
1675 1678 254 68 missione
1866 1678 127 68 ad
1929 1678 212 68 epsum.
2056 1678 170 68 Scien-

1264 1747 143 55 dum
1345 1747 143 55 est
1427 1747 164 55 quod
1530 1747 266 55 quocumque
1735 1747 143 55 sit
1816 1747 123 55 de
1878 1747 164 55 iure
1980 1747 246 55 positivo
2144 1747 82 55 hu

1268 1804 171 63 mano:
1382 1804 171 63 illud
1496 1804 152 63 quod
1590 1804 133 63 est
1666 1804 114 63 de
1723 1804 228 63 essentia
1894 1804 114 63 et
1951 1804 303 63 principalius

1258 1862 339 53 concomitans
1529 1862 361 53 sacramentum:
1823 1862 361 53 principalius
2094 1862 135 53 deus

1259 1909 196 62 beret
1390 1909 305 62 observari:
1630 1909 175 62 vnde
1739 1909 196 62 casus
1870 1909 349 62 quiinnuuntur
2154 1909 131 62 in

1257 1967 297 61 argumento:
1490 1967 170 61 sunt
1596 1967 233 61 plures:
1766 1967 127 61 et
1829 1967 233 61 eveniut
1999 1967 127 61 de
2062 1967 212 61 facto.

1260 2020 170 64 Dico
1366 2020 170 64 quod
1473 2020 255 64 lacerdos
1664 2020 192 64 debet
1792 2020 255 64 subditum
1984 2020 170 64 suum
2069 2020 170 64 absols

1262 2076 170 70 vere:
1375 2076 113 70 et
1432 2076 151 70 sibi
1526 2076 226 70 imponere
1695 2076 151 70 quod
1790 2076 113 70 si
1846 2076 151 70 casu
1940 2076 188 70 aliquo
2072 2076 188 70 vnquam

1267 2140 211 55 possit
1415 2140 127 55 ad
1478 2140 190 55 epsum
1605 2140 169 55 suum
1710 2140 232 55 venire:
1879 2140 169 55 sibi
1985 2140 190 55 illud
2090 2140 148 55 reue-

1266 2180 161 76 let:
1367 2180 121 76 et
1427 2180 302 76 nihilominus
1669 2180 363 76 ratihabitionem
1971 2180 181 76 petat
2092 2180 181 76 super

1265 2241 164 66 facto
1374 2241 273 66 sacerdotis:
1592 2241 146 66 quia
1683 2241 200 66 quantum
1829 2241 237 66 possibile
2011 2241 127 66 est
2083 2241 91 66 /
2102 2241 127 66 debet

1263 2293 234 61 lacerdos
1439 2293 156 61 niti
1537 2293 195 61 celare
1674 2293 195 61 crimen
1810 2293 254 61 occultum:
2006 2293 117 61 et
2064 2293 215 61 salvare

1267 2348 176 71 famam
1385 2348 216 71 subditi
1542 2348 157 71 sui.
1640 2348 157 71 Unde
1738 2348 216 71 concedo
1895 2348 157 71 quod
1993 2348 118 71 in
2052 2348 216 71 casibus

1264 2412 219 63 talibus
1423 2412 279 63 reservatio
1642 2412 179 63 nihil
1762 2412 199 63 valet:
1901 2412 159 63 quia
2001 2412 159 63 quod
2101 2412 159 63 prae

1254 2471 264 52 charitate
1457 2471 284 52 institutum
1680 2471 142 52 est
1762 2471 102 52 :
1802 2471 203 52 contra
1945 2471 284 52 charitatem
2148 2471 81 52 mi

1255 2521 199 73 litare
1394 2521 139 73 non
1474 2521 199 73 debet:
1613 2521 119 73 vt
1673 2521 199 73 dictum
1812 2521 159 73 est.
1912 2521 119 73 Et
1971 2521 139 73 sic
2051 2521 219 73 finitur

1228 2572 221 75 questio.

1632 2652 260 126 Trum
1794 2652 390 126 peccator
2054 2652 162 126 pos

1646 2755 139 84 isit
1733 2755 261 84 satisfacere
1941 2755 122 84 deo
2011 2755 122 84 pro
2063 2755 156 84 peccato

1658 2819 190 64 mortali:
1801 2819 127 64 Quod
1880 2819 111 64 non
1944 2819 127 64 quia
2023 2819 190 64 secundum
2150 2819 63 64 ma

1657 2867 142 67 suram
1752 2867 173 67 peccati
1878 2867 126 67 opet
1957 2867 126 67 esse
2036 2867 205 67 latisfact

1658 2919 159 77 onem:
1764 2919 124 77 sed
1835 2919 212 77 peccatum
1994 2919 194 77 mortale
2135 2919 124 77 est

1640 2982 232 61 infinitae
1819 2982 214 61 malitiae
1979 2982 268 61 intensivae:

1250 3020 128 80 ergo
1330 3020 288 80 satisfactionem
1570 3020 112 80 pro
1634 3020 144 80 eodem
1730 3020 160 80 oparet
1841 3020 128 80 esse
1921 3020 208 80 infinitae
2081 3020 160 80 bonita

1238 3097 127 82 tis
1310 3097 236 82 intesuae:
1492 3097 127 82 sed
1564 3097 236 82 nihiltale
1746 3097 109 82 in
1800 3097 199 82 hacrita
1945 3097 181 82 potest
2072 3097 145 82 homo
2144 3097 73 82 de
