2550 3300
300 211 225 64 aliquid
463 211 265 64 impendere
667 211 143 64 rei
749 211 245 64 publicae
932 211 163 64 quod
1034 211 163 64 plus
1116 211 143 64 vale-

300 267 123 56 bit
371 267 141 56 quod
459 267 123 56 sua
530 267 141 56 mors
618 267 212 56 valeret:
776 267 106 56 et
829 267 194 56 licitae
970 267 176 56 potest
1094 267 159 56 illud
1182 267 88 56 eli

302 323 144 59 gere
392 323 144 59 ergo
482 323 108 59 si
536 323 216 59 intendat
698 323 234 59 corrigere
879 323 162 59 vitam
987 323 162 59 suam:
1095 323 108 59 et
1131 323 126 59 intra

302 380 113 59 re
359 380 265 59 religionem
567 380 132 59 pro
642 380 189 59 salute
775 380 302 59 reipublicae:
1020 380 113 59 et
1077 380 189 59 potest
1190 380 76 59 li

295 428 153 55 bere
391 428 115 55 se
448 428 192 55 iuvare
582 428 134 55 per
659 428 172 55 fugam
774 428 153 55 sine
870 428 230 55 iniuria:
1042 428 192 55 potest
1157 428 96 55 il-

296 483 149 61 lud
381 483 235 61 licitae
552 483 235 61 eligere
722 483 171 61 sine
829 483 235 61 iniuria
1000 483 256 61 proximi.
1171 483 85 61 Di

303 540 108 56 co
357 540 161 56 autem
464 540 143 56 quod
554 540 108 56 si
608 540 125 56 non
679 540 179 56 possit
805 540 179 56 fugere
930 540 143 56 nisi
1002 540 251 56 interficien-

303 596 109 62 do
357 596 218 62 custodem
521 596 164 62 suum:
630 596 127 62 vel
703 596 145 62 nisi
794 596 145 62 quia
884 596 182 62 custos
1012 596 145 62 suus
1103 596 182 62 postea

297 651 301 64 suspendatur
538 651 140 64 pro
618 651 140 64 eo:
698 651 140 64 non
778 651 181 64 licet
899 651 140 64 sic
979 651 161 64 sibi
1079 651 221 64 fugere:

288 708 164 62 quia
391 708 144 62 non
473 708 164 62 sunt
576 708 247 62 facienda
761 708 164 62 mala
864 708 123 62 ut
925 708 247 62 eueniant
1110 708 185 62 bona.

294 764 174 58 Ioatio
415 764 139 58 iii.
502 764 226 58 Praeterea
675 764 191 58 ponatur
814 764 139 58 quod
901 764 121 58 sit
970 764 156 58 talis
1074 764 139 58 homo
1161 764 121 58 pro

294 822 176 61 tuius
412 822 176 61 morte
529 822 157 61 fiat
627 822 215 61 schisma
784 822 118 61 in
843 822 255 61 ecclesia:
1039 822 137 61 vel
1097 822 157 61 bellum

289 875 181 56 inter
410 875 141 56 duo
490 875 201 56 regna:
631 875 121 56 et
691 875 141 56 hoc
771 875 161 56 sibi
872 875 342 56 verisimiliter
1133 875 121 56 comn

286 930 171 65 stat.
400 930 152 65 ergo
495 930 114 65 si
552 930 152 65 sine
647 930 209 65 iniuria
798 930 190 65 possit
931 930 209 65 fugere:
1083 930 209 65 videtur

293 994 145 61 quod
383 994 145 61 sibi
474 994 199 61 liceat.
619 994 236 61 Praeterea
800 994 127 61 sit
873 994 145 61 quod
963 994 272 61 apparitores
1162 994 91 61 vel

284 1051 292 56 executores
514 1051 292 56 sententiae
743 1051 167 56 sint
848 1051 292 56 neglgentes
1077 1051 125 56 et
1140 1051 146 56 tar

280 1108 145 51 di.
363 1108 228 51 nunquid
529 1108 186 51 debet
653 1108 124 51 de
715 1108 310 51 necessitate
963 1108 228 51 salutis
1108 1108 145 51 expe-

283 1155 183 64 ctare
405 1155 143 64 sub
486 1155 245 64 patibulo
670 1155 122 64 ut
731 1155 245 64 occidant
914 1155 163 64 eum:
1016 1155 204 64 certum
1159 1155 143 64 est

294 1219 140 71 quod
382 1219 140 71 non.
470 1219 105 71 Et
523 1219 140 71 ideo
610 1219 175 71 potest
733 1219 175 71 alicui
856 1219 175 71 videri
979 1219 140 71 quod
1067 1219 158 71 talis
1172 1219 105 71 ac

291 1276 244 63 teptatio
473 1276 203 63 mortis
616 1276 142 63 non
697 1276 183 63 debet
819 1276 162 63 esse
920 1276 162 63 nisi
1022 1276 142 63 sub
1083 1276 162 63 condi-

287 1331 184 66 tione
409 1331 184 66 iuris
532 1331 307 66 intellecta:
777 1331 163 66 volo
879 1331 204 66 subire
1022 1331 204 66 mortem
1145 1331 102 66 pro

286 1388 250 63 peccatis
474 1388 188 63 meis:
599 1388 167 63 nisi
703 1388 230 63 aliquid
870 1388 188 63 aliud
996 1388 209 63 possim
1121 1388 125 63 face

282 1448 105 59 re
334 1448 122 59 pro
404 1448 192 59 eisdem.
543 1448 227 59 Praeterea
718 1448 140 59 esto
805 1448 140 59 quod
892 1448 192 59 aliquis
1032 1448 209 59 damnetur
1189 1448 105 59 ut

274 1492 153 79 fame
369 1492 267 79 occidatur:
580 1492 172 79 sicut
694 1492 134 79 fit
771 1492 115 79 de
828 1492 172 79 illis
942 1492 134 79 qui
1019 1492 229 79 dicuntur
1172 1492 76 79 po

280 1557 133 67 ni
346 1557 133 67 ad
413 1557 334 67 penitentiam
680 1557 178 67 apud
791 1557 245 67 laicos:
969 1557 133 67 si
1036 1557 200 67 talis
1147 1557 89 67 ha

277 1603 191 71 buerit
410 1603 191 71 panem:
544 1603 248 71 quaeritur
734 1603 210 71 nunquid
887 1603 191 71 potest
1020 1603 267 71 commedere:

276 1668 181 62 certum
402 1668 126 62 est
475 1668 144 62 quod
565 1668 144 62 sic:
655 1668 144 62 immo
745 1668 163 62 forte
854 1668 217 62 tenetur:
1016 1668 126 62 cum
1089 1668 181 62 nullus

267 1716 246 76 teneatur
452 1716 246 76 occidere
637 1716 246 76 seipsum.
821 1716 164 76 ergo
924 1716 185 76 eodem
1047 1716 164 76 modo
1149 1716 144 76 hoc

277 1767 265 67 faciendum
481 1767 143 67 est
562 1767 122 67 in
624 1767 184 67 fuga.
746 1767 163 67 quod
848 1767 225 67 concedo
1011 1767 143 67 pro
1093 1767 184 67 nunc.

320 1831 210 61 Quarto
467 1831 126 61 ad
530 1831 294 61 principale
761 1831 126 61 si
825 1831 168 61 sic:
930 1831 168 61 tunc
1035 1831 252 61 remissio

278 1883 167 73 culpe
390 1883 186 73 fieret
520 1883 130 73 per
594 1883 316 73 contritionem:
854 1883 148 73 quae
947 1883 130 73 est
1021 1883 186 73 primam
1132 1883 93 73 par

263 1941 292 58 penitentiae:
500 1941 164 58 sicut
609 1941 164 58 patet
719 1941 109 58 de
773 1941 164 58 peni.
883 1941 273 58 distintione
1101 1941 164 58 prima

280 1995 234 69 diuersis
455 1995 273 69 capitulis:
670 1995 117 69 et
728 1995 137 69 per
806 1995 254 69 magistrum
1001 1995 215 69 distion
1138 1995 98 69 xvi

266 2044 128 63 lib.
346 2044 144 63 iiii.
442 2044 223 63 consequens
617 2044 112 63 est
681 2044 175 63 falsum:
808 2044 128 63 quia
888 2044 96 63 si
936 2044 112 63 sic
1000 2044 80 63 :
1032 2044 144 63 actus
1111 2044 128 63 contii

267 2101 200 61 tionis
407 2101 180 61 foret
527 2101 200 61 melior
667 2101 120 61 et
727 2101 220 61 vtilior
886 2101 200 61 homini
1026 2101 140 61 qui
1086 2101 140 61 pecca

272 2163 148 51 vit:
364 2163 148 51 quam
456 2163 166 51 actus
567 2163 148 51 mart
660 2163 148 51 vrii
752 2163 111 51 et
808 2163 240 51 quicumque
993 2163 166 51 alius
1104 2163 166 51 actus

266 2211 96 63 in
314 2211 208 63 chatitate
474 2211 176 63 factus.
602 2211 256 63 consequentia
811 2211 160 63 patet:
923 2211 128 63 quia
1003 2211 128 63 plus
1083 2211 128 63 boni
1147 2211 80 63 com

264 2268 189 73 tfertur
401 2268 171 73 homini
521 2268 189 73 propter
658 2268 154 73 actum
761 2268 291 73 contritionis:
1001 2268 137 73 quam
1087 2268 189 73 propter

270 2324 211 62 aliquid
423 2324 173 62 aliud
539 2324 115 62 de
596 2324 154 62 lege
692 2324 230 62 statuta.
865 2324 134 62 hoc
942 2324 230 62 probatur
1115 2324 154 62 sic.

271 2381 196 62 propter
414 2381 160 62 actum
521 2381 285 62 contritionis
753 2381 196 62 debetur
895 2381 178 62 homini
1020 2381 143 62 vita
1109 2381 160 62 aeter

262 2443 130 55 na:
337 2443 112 55 et
393 2443 261 55 remittitur
598 2443 168 55 poena
709 2443 224 55 aeterna.
877 2443 149 55 ergo
970 2443 130 55 duo
1045 2443 149 55 bona
1119 2443 112 55 infi

263 2491 149 64 nita
356 2491 186 64 dantur
486 2491 149 64 sibi
579 2491 130 64 pro
654 2491 149 64 actu
747 2491 167 64 tali:
858 2491 130 64 sed
933 2491 130 64 pro
1007 2491 167 64 nullo
1118 2491 149 64 alio

278 2548 207 71 existenti
437 2548 96 71 in
485 2548 207 71 charitate
645 2548 207 71 confertur
804 2548 159 71 homini
915 2548 159 71 tantum
1027 2548 143 71 bonum
1122 2548 143 71 patet

281 2604 141 65 quia
370 2604 106 65 si
423 2604 124 65 est
493 2604 106 65 in
547 2604 248 65 charitate:
741 2604 194 65 debetur
882 2604 141 65 sibi
971 2604 141 65 vita
1059 2604 212 65 aeterna.

262 2667 135 60 ergo
347 2667 135 60 quod
431 2667 135 60 sibi
516 2667 135 60 tunc
600 2667 203 60 debetur:
752 2667 118 60 est
820 2667 169 60 melius
938 2667 135 60 quam
1022 2667 237 60 quodcumque

277 2720 173 67 aliud
392 2720 116 67 ab
450 2720 154 67 illo
547 2720 154 67 quod
643 2720 193 67 postea
778 2720 154 67 sibi
874 2720 308 67 irrogabitur:
1105 2720 116 67 vide

272 2761 148 65 licet
370 2761 213 65 intensior
534 2761 181 65 gloria:
666 2761 115 65 vel
731 2761 164 65 alquid
846 2761 148 65 sile.
945 2761 213 65 Similiter
1109 2761 148 65 nihil

258 2826 143 56 tale
347 2826 178 56 potest
472 2826 143 56 sibi
561 2826 161 56 dari:
668 2826 143 56 quod
758 2826 125 56 sit
829 2826 125 56 ita
900 2826 161 56 bonum
1007 2826 161 56 sicut
1114 2826 161 56 remis

261 2876 147 63 sio
345 2876 189 63 poene
471 2876 252 63 aeterne:
660 2876 294 63 manifestum
891 2876 168 63 est.
996 2876 168 63 ergo
1101 2876 168 63 etc.

323 2924 190 71 Quinto
456 2924 114 71 ad
513 2924 286 71 principale:
742 2924 114 71 si
799 2924 229 71 peccator
970 2924 248 71 teneretur
1142 2924 76 71 sa

275 2983 240 65 tisfacere
459 2983 129 65 deo
533 2983 129 65 pro
607 2983 222 65 peccato:
774 2983 240 65 oporteret
959 2983 129 65 eum
1033 2983 203 65 conteri
1162 2983 74 65 de

278 3035 112 72 suo
342 3035 192 72 peccato.
486 3035 96 72 et
534 3035 112 72 per
598 3035 224 72 consequens
774 3035 144 72 magis
870 3035 176 72 deberet
998 3035 96 72 se
1046 3035 144 72 velle
1142 3035 112 72 non

270 3100 145 79 esse
360 3100 108 79 et
415 3100 253 79 adnihilari
613 3100 90 79 /
650 3100 145 79 quam
740 3100 253 79 recidivare
939 3100 108 79 in
993 3100 217 79 peccatum
1138 3100 90 79 mor

1303 211 117 80 tale.
1381 211 208 80 consequentia
1550 211 117 80 patet
1629 211 91 80 per
1681 211 156 80 Anselmus
1798 211 78 80 i.
1837 211 91 80 cur
1889 211 104 80 deus
1954 211 91 80 hom
2006 211 156 80 capitulo
2124 211 91 80 xxi
2176 211 78 80 et
2215 211 91 80 ii-

1302 284 115 52 cur
1367 284 131 52 deus
1449 284 131 52 homo
1532 284 197 52 capitulo
1679 284 115 52 xii
1745 284 115 52 ubi
1811 284 148 52 docet
1910 284 131 52 quod
1992 284 99 52 si
2041 284 131 52 homo
2123 284 148 52 esset
2205 284 66 52 po

1296 324 164 68 situs
1405 324 109 68 in
1460 324 146 68 ista
1551 324 291 68 necessitate:
1788 324 127 68 vel
1860 324 146 68 quod
1951 324 200 68 faceret
2097 324 200 68 aliquid

1296 381 195 71 etiam
1426 381 238 71 modicum
1599 381 216 71 contra
1751 381 303 71 voluntatem
1989 381 260 71 divinam:
2162 381 108 71 vel

1300 445 157 63 quod
1399 445 177 63 totus
1516 445 196 63 mundus
1654 445 118 63 et
1713 445 236 63 quicquid
1889 445 137 63 non
1968 445 137 63 est
2046 445 157 63 deus
2144 445 98 63 /
2164 445 98 63 ad-

1285 500 305 63 nihilaretur:
1532 500 209 63 deberet
1685 500 190 63 potius
1818 500 209 63 eligere
1970 500 209 63 seipsum
2123 500 114 63 in
2161 500 95 63 ni-

1288 548 167 71 hilum
1400 548 186 71 redigi
1530 548 149 71 quam
1623 548 223 71 peccare.
1790 548 130 71 hic
1864 548 204 71 dicitur
2013 548 93 71 a
2050 548 241 71 quibusdam

1294 611 153 64 quod
1389 611 229 64 quilibet
1561 611 153 64 homo
1657 611 172 64 magis
1771 611 210 64 deberet
1924 611 210 64 eligere
2077 611 210 64 peccare

1295 667 111 79 et
1350 667 111 79 in
1406 667 222 79 perpetua
1572 667 148 79 pena
1665 667 259 79 manerequam
1868 667 185 79 omnino
1998 667 130 79 non
2072 667 148 79 esse
2164 667 148 79 quae

1287 719 126 75 ad
1350 719 209 75 corpus
1496 719 126 75 et
1559 719 147 75 quo
1643 719 126 75 ad
1706 719 230 75 animam:
1873 719 167 75 quod
1978 719 147 75 est
2041 719 209 75 adnihila

1293 780 118 63 ri.
1360 780 101 63 Et
1411 780 118 63 hoc
1478 780 185 63 videtur
1612 780 185 63 probare
1747 780 235 63 Augustinus
1932 780 101 63 de
1982 780 151 63 libe.
2066 780 185 63 arbitrio.

1280 828 126 79 c.
1343 828 189 79 xiii.
1469 828 147 79 per
1553 828 168 79 tres
1658 828 273 79 rationes.
1868 828 189 79 Primo
1994 828 168 79 sic.
2099 828 147 79 qui
2162 828 84 79 di

1286 900 125 55 cit
1358 900 89 55 /
1393 900 179 55 mallem
1519 900 125 55 hoc
1590 900 143 55 quod
1680 900 179 55 illud:
1805 900 179 55 eligit
1930 900 197 55 aliquid
2073 900 125 55 non
2145 900 143 55 esse

1290 938 181 82 autem
1411 938 141 82 non
1491 938 141 82 est
1572 938 221 82 alquid:
1733 938 141 82 sed
1813 938 201 82 nihil.
1954 938 161 82 ergo
2055 938 181 82 nullo
2155 938 81 82 pa

1290 1009 118 66 cto
1358 1009 168 66 potest
1475 1009 185 66 aliquis
1610 1009 202 66 eligere:
1762 1009 168 66 quando
1880 1009 168 66 eligit
1997 1009 135 66 quod
2082 1009 118 66 non
2149 1009 135 66 est.

1348 1059 211 64 Secundo
1501 1059 134 64 sic
1578 1059 134 64 aut
1654 1059 230 64 debuisti
1827 1059 172 64 velle
1942 1059 153 64 esse
2037 1059 134 64 cum
2114 1059 134 64 sis
2171 1059 77 64 mi

1277 1114 159 65 ser:
1376 1114 139 65 vel
1456 1114 139 65 non
1535 1114 179 65 esse:
1654 1114 139 65 non
1734 1114 159 65 esse
1833 1114 199 65 quidem
1972 1114 218 65 potius.
2131 1114 159 65 Tunc

1277 1176 207 67 arguit
1422 1176 311 67 Augustinus.
1671 1176 124 67 si
1734 1176 145 67 hoc
1816 1176 187 67 velle
1941 1176 270 67 debuisti:
2148 1176 145 67 hoc

1278 1236 139 55 est
1357 1236 218 55 melius:
1516 1236 159 55 quod
1615 1236 178 55 autem
1734 1236 139 55 non
1813 1236 159 55 est:
1912 1236 198 55 melius
2051 1236 159 55 esse
2150 1236 139 55 non

1284 1292 224 70 potest.
1446 1292 142 70 non
1528 1292 163 70 ergo
1630 1292 183 70 illud
1752 1292 183 70 velle
1874 1292 265 70 debuisti.
2077 1292 203 70 Tertio

1269 1349 150 61 sic.
1363 1349 150 61 quod
1457 1349 226 61 quisquis
1626 1349 188 61 eligit
1758 1349 207 61 ratione
1909 1349 244 61 petendum:
2097 1349 132 61 cum
2172 1349 113 61 ad

1277 1404 187 63 illud
1402 1404 312 63 peruenerit:
1651 1404 229 63 necesse
1818 1404 145 63 est
1901 1404 125 63 ut
1963 1404 208 63 melior
2109 1404 187 63 fiat.

1281 1459 201 64 melior
1422 1459 181 64 autem
1543 1459 161 64 esse
1644 1459 141 64 non
1724 1459 222 64 poterit
1885 1459 101 64 /
1926 1459 201 64 quinon
2067 1459 181 64 erit.
2167 1459 81 64 ne

1284 1516 121 57 mo
1344 1516 161 57 ergo
1445 1516 201 57 potest
1586 1516 221 57 eligere
1747 1516 121 57 ut
1807 1516 141 57 non
1888 1516 141 57 sit
1968 1516 101 57 .
2008 1516 181 57 verba
2129 1516 161 57 Augu

1284 1563 151 64 stini
1385 1563 151 64 sunt.
1485 1563 101 64 et
1536 1563 268 64 consequenter
1754 1563 184 64 propter
1888 1563 134 64 ista
1972 1563 184 64 videtur
2106 1563 168 64 multis

1288 1627 126 69 quod
1367 1627 221 69 Augustinus
1541 1627 174 69 nitatur
1667 1627 174 69 probare
1794 1627 111 69 ibi
1857 1627 95 69 ex
1904 1627 221 69 intentione
2078 1627 126 69 quod
2157 1627 126 69 homo

1270 1683 135 56 non
1347 1683 193 56 potest
1482 1683 231 56 appetere
1655 1683 135 56 non
1732 1683 173 56 esse.
1848 1683 116 56 et
1905 1683 154 56 quod
2002 1683 231 56 includit
2156 1683 96 56 con

1276 1739 305 56 tradictionem
1524 1739 153 56 quod
1619 1739 153 56 homo
1715 1739 172 56 velit
1829 1739 114 56 se
1886 1739 286 56 adnihilari.
2115 1739 114 56 et
2154 1739 95 56 con

1278 1786 267 73 sequenter
1483 1786 267 73 obiicitur
1688 1786 123 73 de
1749 1786 205 73 multis
1893 1786 246 73 exemplis
2057 1786 185 73 hominum

1271 1852 273 55 geatilium:
1485 1852 136 55 qui
1563 1852 195 55 nullam
1699 1852 175 55 vitam
1816 1852 156 55 post
1913 1852 175 55 istam
2030 1852 253 55 sperabant

1269 1908 137 61 qui
1348 1908 216 61 seipsos
1505 1908 334 61 interemerunt.
1780 1908 177 61 sicut
1898 1908 177 61 patet
2015 1908 98 61 v
2055 1908 118 61 de
2114 1908 177 61 civi.

1271 1957 148 62 deui
1363 1957 222 62 capitulo
1529 1957 166 62 xviii
1640 1957 111 62 de
1696 1957 185 62 Curtio
1825 1957 203 62 aequite
1973 1957 203 62 Romano:
2121 1957 111 62 et
2158 1957 92 62 con

1275 2003 234 64 similibus.
1459 2003 200 64 Rsnendet
1609 2003 234 64 Augustinus
1793 2003 133 64 quod
1876 2003 200 64 quilibet
2026 2003 150 64 talis
2110 2003 133 64 inten-

1271 2068 169 63 debat
1384 2068 206 63 quietem
1534 2068 112 63 et
1590 2068 206 63 quietus
1740 2068 169 63 esse.
1852 2068 112 63 et
1909 2068 131 63 per
1984 2068 262 63 consequens
2171 2068 75 63 de

1274 2116 274 72 siderabat
1485 2116 190 72 esse.
1611 2116 169 72 Unde
1717 2116 127 72 in
1780 2116 169 72 fine
1885 2116 253 72 capituli
2054 2116 190 72 conclu-

1276 2167 136 76 dit
1353 2167 156 76 quod
1451 2167 175 76 nullo
1567 2167 175 76 pacto
1684 2167 175 76 fieri
1801 2167 195 76 potest
1937 2167 117 76 ut
1996 2167 195 76 alicui
2112 2167 117 76 libe

1273 2227 119 65 at
1333 2227 139 65 non
1412 2227 179 65 esse.
1532 2227 139 65 Sed
1611 2227 199 65 contra
1751 2227 179 65 istum
1870 2227 179 65 modum
1989 2227 219 65 ponendi
2129 2227 99 65 ar-

1264 2291 160 56 guo:
1364 2291 120 56 et
1424 2291 180 56 probo
1544 2291 160 56 prio
1644 2291 160 56 quod
1744 2291 160 56 homo
1843 2291 200 56 potest
1983 2291 120 56 ex
2043 2291 180 56 certa
2143 2291 80 56 de

1268 2343 330 69 liberatione
1532 2343 242 69 eligere
1708 2343 132 69 se
1773 2343 330 69 adnihilari.
2037 2343 242 69 Secundo

1275 2404 147 60 quod
1367 2404 129 60 hoc
1440 2404 221 60 intendit
1606 2404 239 60 Augustini
1790 2404 110 60 in
1845 2404 110 60 re
1901 2404 203 60 ibidem.
2048 2404 184 60 Tertio
2158 2404 74 60 ap

1268 2461 211 62 plicabo
1421 2461 172 62 verum
1536 2461 287 62 intellectum
1766 2461 192 62 dictis
1900 2461 268 62 Augustinus
2111 2461 115 62 ne
2149 2461 77 62 vi

1253 2508 276 64 deantur
1454 2508 251 64 habere
1629 2508 502 64 contradictionem.
2056 2508 226 64 Primo

1266 2564 164 55 arguo
1375 2564 146 55 sic.
1467 2564 146 55 omne
1558 2564 164 55 illud
1668 2564 146 55 quod
1759 2564 183 55 potest
1887 2564 219 55 iudicari
2052 2564 146 55 esse
2125 2564 91 55 me-

1264 2613 163 69 lius
1366 2613 143 69 vel
1447 2613 184 69 minus
1570 2613 184 69 malum
1692 2613 102 69 /
1733 2613 163 69 siue
1835 2613 102 69 a
1876 2613 225 69 ratione
2039 2613 184 69 recta
2141 2613 82 69 si

1263 2677 110 65 ve
1318 2677 238 65 errantae:
1501 2677 183 65 potest
1629 2677 275 65 conformiter
1849 2677 183 65 eligi:
1977 2677 128 65 sed
2032 2677 183 65 adnihila

1256 2732 96 62 ri
1304 2732 112 62 est
1368 2732 209 62 huiusmoni
1529 2732 96 62 et
1577 2732 161 62 potest
1690 2732 193 62 iudicari
1834 2732 96 62 ab
1883 2732 161 62 homine
1995 2732 129 62 sive
2059 2732 145 62 ratione

1253 2789 191 61 recta
1380 2789 170 61 sive
1486 2789 234 61 erronea
1656 2789 276 61 iudicante
1868 2789 170 61 quod
1975 2789 191 61 ipsum
2081 2789 127 61 adn-

1262 2836 176 75 hilari
1386 2836 123 75 est
1456 2836 158 75 minus
1561 2836 158 75 malum
1667 2836 141 75 quam
1755 2836 141 75 esse
1843 2836 211 75 miserum:
2001 2836 141 75 ergo
2071 2836 141 75 adnihi

1261 2895 131 68 lari
1342 2895 163 68 potest
1457 2895 82 68 a
1489 2895 131 68 tali
1571 2895 163 68 eligi.
1685 2895 147 68 Maior
1783 2895 163 68 patet:
1897 2895 131 68 quia
1979 2895 147 68 omnie
2077 2895 131 68 quod
2159 2895 98 68 in

1251 2948 253 63 telletus
1441 2948 232 63 iudicat
1609 2948 169 63 esse
1715 2948 190 63 bonum
1841 2948 148 63 vel
1926 2948 211 63 melius
2073 2948 148 63 vel
2137 2948 84 63 mi

1254 3004 137 77 nus
1333 3004 196 77 malum:
1470 3004 196 77 potest
1606 3004 235 77 voluntas
1782 3004 235 77 eligere:
1958 3004 156 77 tumn
2056 3004 137 77 sit
2115 3004 117 77 sum-

1245 3057 123 70 me
1307 3057 226 70 libera.
1472 3057 165 70 Unde
1574 3057 391 70 contradictionem
1904 3057 247 70 includit
2089 3057 165 70 quod

1261 3117 236 71 voluntas
1438 3117 138 71 sit
1517 3117 216 71 libera:
1674 3117 118 71 et
1733 3117 138 71 non
1811 3117 196 71 possit
1949 3117 196 71 libere
2086 3117 177 71 velle
