2550 3300
300 203 112 77 et
356 203 131 77 non
431 203 131 77 per
506 203 205 77 aliud:.
655 203 187 77 Contra
786 203 131 77 hoc
861 203 187 77 arguo:
991 203 149 77 quia
1085 203 149 77 tunc
1160 203 93 77 se-

300 264 205 50 quitur
443 264 164 50 quod
545 264 164 50 idem
647 264 225 50 gaudium
811 264 225 50 habebit
975 264 123 50 de
1036 264 143 50 deo
1118 264 123 50 et
1179 264 123 50 de

308 315 187 56 creatura
449 315 78 56 :
480 315 125 56 quod
558 315 140 56 esset
652 315 250 56 deordinatum.
854 315 250 56 consequentia
1057 315 156 56 patet:
1166 315 125 56 quia

298 364 194 75 eodem
428 364 216 75 gaudio
579 364 302 75 formaliter
816 364 151 75 non
903 364 216 75 potest
1054 364 237 75 gaudere

305 420 202 63 magis
439 420 135 63 et
507 420 225 63 minus.
664 420 247 63 Secundo
844 420 180 63 quia
956 420 157 63 vel
1046 420 247 63 gaudium

294 475 117 65 est
361 475 150 65 actus
461 475 250 65 voluntatis:
662 475 117 65 vel
728 475 184 65 passio.
862 475 100 65 si
912 475 167 65 actus:
1029 475 100 65 et
1079 475 200 65 secundum

293 531 226 64 Anselmus
463 531 113 64 de
519 531 188 64 libero
651 531 151 64 arb.
745 531 113 64 c.
802 531 132 64 vii
877 531 226 64 voluntas
1047 531 151 64 quam
1141 531 151 64 voco

290 595 298 64 instrumentum
533 595 93 64 /
570 595 131 64 vna
645 595 112 64 et
701 595 168 64 eadem
812 595 131 64 est
887 595 205 64 semper:
1036 595 224 64 quicquid
1185 595 75 64 ve

300 643 206 56 limus.
445 643 165 56 illa
548 643 165 56 vero
651 643 165 56 quae
755 643 145 56 est
837 643 186 56 opus:
961 643 145 56 est
1044 643 186 56 causa
1147 643 103 56 mul

299 699 192 64 tiplex
433 699 154 64 quam
529 699 173 64 multa
645 699 115 64 et
702 699 154 64 quam
799 699 173 64 saepe
914 699 231 64 volumus.
1087 699 154 64 ergo
1183 699 115 64 ad

297 751 342 59 diversitatem
575 751 235 59 obiecti
746 751 257 59 sequitur
938 751 299 59 diversitas
1152 751 107 59 gau

301 811 148 73 dii.
394 811 130 73 sed
468 811 93 73 a
506 811 130 73 est
580 811 167 73 aliud
691 811 223 73 obiectum
858 811 148 73 quam
951 811 167 73 visio
1062 811 130 73 vel
1137 811 148 73 deus

295 869 155 54 ergo
391 869 174 54 aliud
507 869 213 54 gaudium
662 869 174 54 habet
778 869 116 54 de
836 869 97 54 a
874 869 155 54 quam
971 869 116 54 de
1029 869 213 54 visione
1164 869 97 54 vel

286 921 123 76 de
347 921 164 76 deo.
449 921 164 76 ergo
551 921 205 76 beatus
695 921 143 76 per
777 921 102 76 a
817 921 143 76 non
899 921 205 76 gaudet
1042 921 123 76 de
1104 921 123 76 a.
1165 921 123 76 Si

297 976 219 82 dicatur
456 976 159 82 quod
556 976 219 82 gaudium
715 976 139 82 est
795 976 219 82 passio:
954 976 159 82 tunc
1054 976 239 82 arguitur

296 1027 163 64 sic.
397 1027 264 64 distincta
601 1027 224 64 obiecta
763 1027 325 64 delectabilia
1027 1027 224 64 causant
1170 1027 81 64 di

301 1084 237 63 stinctas
479 1084 355 63 delectationes:
775 1084 138 63 sed
854 1084 99 63 a
893 1084 118 63 et
952 1084 178 63 visio
1070 1084 118 63 et
1130 1084 158 63 deus

301 1139 157 64 sunt
399 1139 254 64 distincta
595 1139 215 64 obiecta
752 1139 333 64 delectabilia:
1026 1139 157 64 ergo
1104 1139 137 64 causa

299 1198 172 60 bunt
406 1198 301 60 distinctas
642 1198 387 60 delectationes:
965 1198 172 60 ergo
1051 1198 193 60 delecta

285 1260 138 55 tio
364 1260 99 55 a
404 1260 138 55 non
482 1260 197 55 potest
620 1260 158 55 esse
719 1260 138 55 per
798 1260 177 55 ipsum
916 1260 118 55 a.
975 1260 256 55 Praeterea
1152 1260 99 55 si-

290 1316 125 62 ve
353 1316 229 62 gaudium
519 1316 146 62 sit
603 1316 187 62 actus
727 1316 292 62 voluntatis
956 1316 167 62 sive
1061 1316 229 62 passio:

297 1372 164 62 opret
406 1372 256 62 necessario
607 1372 146 62 quod
699 1372 219 62 obiectum
863 1372 238 62 concurrat
1046 1372 110 62 in
1083 1372 164 62 ratione

303 1428 193 63 causae
438 1428 251 63 partialis
631 1428 270 63 effective.
843 1428 135 63 sed
921 1428 174 63 nihil
1037 1428 212 63 efficit
1172 1428 77 63 se

287 1483 338 56 partialiter.
562 1483 169 56 ergo
667 1483 233 56 gaudium
836 1483 127 56 de
900 1483 106 56 a
942 1483 169 56 erat
1048 1483 190 56 aliud
1153 1483 85 56 al

293 1532 144 63 a.
365 1532 216 63 Sexto
509 1532 168 63 sub
605 1532 168 63 hac
701 1532 240 63 forma.
870 1532 144 63 Si
942 1532 264 63 gaudium
1134 1532 168 63 bea

291 1591 109 74 ti
345 1591 290 74 intenderetur
581 1591 109 74 in
635 1591 254 74 infinitum:
834 1591 145 74 ergo
925 1591 127 74 est
997 1591 199 74 gaudium
1124 1591 127 74 virtu

308 1645 114 62 tis
373 1645 228 62 infinitae.
552 1645 228 62 Antecedens
731 1645 163 62 probo:
845 1645 130 62 quia
926 1645 195 62 dilectio
1073 1645 114 62 dei
1138 1645 147 62 inten

289 1700 246 63 deretur
468 1700 134 63 in
535 1700 313 63 infinitum:
781 1700 157 63 sed
871 1700 224 63 quanto
1027 1700 224 63 beatus
1161 1700 90 63 ma

292 1761 158 66 gits
391 1761 217 66 diligit
549 1761 99 66 :
589 1761 178 66 tanto
707 1761 178 66 magis
826 1761 217 66 gaudet.
984 1761 158 66 ergo
1083 1761 217 66 gaudium

301 1810 178 74 beati
420 1810 316 74 intenderetur
676 1810 118 74 in
736 1810 276 74 infinitum.
953 1810 178 74 Maior
1052 1810 197 74 probatur

298 1869 161 70 quia
398 1869 201 70 quaero
539 1869 181 70 utrum
659 1869 181 70 plato
779 1869 161 70 plus
880 1869 221 70 diligit
1040 1869 161 70 deum
1121 1869 140 70 hodie

287 1926 148 58 quod
380 1926 167 58 fecit
491 1926 148 58 heri
584 1926 111 58 an
639 1926 148 58 non:
732 1926 111 58 Si
788 1926 148 58 sic:
880 1926 148 58 pari
973 1926 204 58 ratione
1121 1926 148 58 cras
1195 1926 74 58 di

289 1972 173 77 liget
404 1972 154 77 plus
500 1972 154 77 quam
596 1972 173 77 fecit
711 1972 192 77 hodie:
846 1972 115 77 et
903 1972 192 77 pendie
1038 1972 154 77 plus
1134 1972 154 77 quam

292 2035 178 56 cras:
411 2035 119 56 et
471 2035 159 56 sici
570 2035 277 56 infinitum.
788 2035 119 56 Si
847 2035 139 56 non
926 2035 218 56 diligit
1085 2035 159 56 plus
1164 2035 99 56 ho-

301 2084 135 71 die
378 2084 155 71 quod
475 2084 174 71 fecit
591 2084 174 71 heri.
707 2084 213 71 Contra.
861 2084 155 71 plus
958 2084 251 71 obligatur
1151 2084 135 71 deo

292 2134 167 69 hodie
404 2134 93 69 /
441 2134 149 69 quam
534 2134 242 69 tenebatur
720 2134 167 69 heri:
832 2134 149 69 quia
925 2134 186 69 tantum
1055 2134 205 69 tenetur
1186 2134 74 69 ho

289 2197 157 70 die:
388 2197 118 70 et
447 2197 177 70 adhuc
565 2197 177 70 plus:
683 2197 157 70 quia
781 2197 157 70 deus
879 2197 157 70 plus
978 2197 177 70 fecit
1096 2197 138 70 pro
1174 2197 118 70 eo

303 2243 158 81 hodie
409 2243 140 81 quam
496 2243 193 81 fecerit
637 2243 158 81 heri.
742 2243 123 81 hoc
812 2243 175 81 patet:
935 2243 140 81 quia
1023 2243 140 81 deus
1093 2243 158 81 conser-

293 2307 194 72 vauit
422 2307 151 72 eum
508 2307 129 72 in
572 2307 323 72 beatitudine
830 2307 151 72 per
916 2307 172 72 unum
1024 2307 172 72 diem
1131 2307 172 72 plus

304 2355 155 83 quam
401 2355 233 83 fecerat:
576 2355 136 83 sed
653 2355 136 83 hoc
731 2355 136 83 est
809 2355 175 83 maius
925 2355 272 83 beneficium
1139 2355 136 83 quo

304 2424 189 75 aliquod
441 2424 240 75 beneficium
630 2424 223 75 temporale
802 2424 103 75 in
853 2424 240 75 infinitum.
1042 2424 137 75 ergo
1128 2424 155 75 magis

301 2469 210 66 tenetur
454 2469 172 66 plato
568 2469 134 66 deo
645 2469 134 66 pro
721 2469 325 66 conseruatione
989 2469 306 66 beatitudinis

311 2531 131 64 per
386 2531 131 64 die
461 2531 169 64 supra
574 2531 169 64 illud
686 2531 150 64 quod
780 2531 244 64 tenebatur
967 2531 169 64 heri:
1079 2531 206 64 quantum

302 2584 129 82 homo
382 2584 161 82 potest
495 2584 161 82 teneri
607 2584 112 82 deo
672 2584 112 82 pro
736 2584 209 82 quacumque
896 2584 96 82 re
945 2584 225 82 temporali.
1121 2584 112 82 sed
1170 2584 80 82 pro

305 2632 209 91 beneficio
466 2632 209 91 temporali
626 2632 177 91 constat
755 2632 129 91 quod
835 2632 129 91 homo
916 2632 209 91 obligatur
1076 2632 129 91 deo:
1157 2632 129 91 ergo

291 2692 215 80 Petrus
441 2692 194 80 longe
570 2692 194 80 magis
699 2692 280 80 obligatur
914 2692 151 80 deo
1000 2692 194 80 hodie
1129 2692 172 80 quod

302 2749 163 77 heri.
410 2749 145 77 ergo
501 2749 109 77 si
555 2749 127 77 non
628 2749 127 77 est
700 2749 235 77 ingratus:
881 2749 163 77 magis
990 2749 199 77 diligit
1134 2749 163 77 deum:

303 2805 125 78 et
366 2805 208 78 maiori
511 2805 332 78 delectatione
781 2805 187 78 magis
906 2805 229 78 gaudet:
1072 2805 166 78 ergo
1176 2805 125 78 in

309 2860 236 72 eternum
480 2860 150 72 sic
566 2860 279 72 augebitur
780 2860 172 72 suum
887 2860 257 72 gaudium.
1059 2860 193 72 Septimo

305 2906 132 81 sic
380 2906 132 81 sub
456 2906 132 81 hac
531 2906 188 81 forma.
663 2906 245 81 reuelatum
851 2906 132 81 est
926 2906 169 81 beato
1039 2906 151 81 quod
1133 2906 151 81 erit

305 2957 125 78 in
368 2957 209 78 gaudio
514 2957 125 78 in
577 2957 272 78 aeternum:
786 2957 167 78 ergo
890 2957 209 78 quaero
1036 2957 188 78 utrum
1141 2957 104 78 ta-

293 3012 146 79 lis
377 3012 271 79 securitas
585 3012 209 79 causat
731 3012 125 79 in
794 3012 125 79 eo
857 3012 230 79 gaudium
1023 3012 271 79 infinitum

291 3067 124 95 an
353 3067 207 95 tantum
498 3067 248 95 finitum:
684 3067 124 95 Si
746 3067 227 95 primum:
911 3067 227 95 habetur
1055 3067 207 95 proposi

1283 212 152 71 tum.
1378 212 114 71 Si
1435 212 248 71 secundum:
1626 212 133 71 sit
1702 212 95 71 a
1740 212 190 71 gradus
1873 212 286 71 intensionis
2102 212 190 71 illius

1285 276 232 55 gudii.
1447 276 139 55 Et
1517 276 209 55 arguo
1657 276 186 55 sic.
1773 276 302 55 securitas
2005 276 139 55 de
2075 276 232 55 duobus

1291 326 205 61 diebus
1434 326 205 61 causat
1577 326 123 61 in
1639 326 123 61 eo
1700 326 225 61 aliquod
1864 326 246 61 gaudium:
2048 326 123 61 et
2089 326 164 61 securi

1291 379 143 74 tas
1372 379 122 74 de
1433 379 204 74 tribus
1576 379 204 74 maius:
1719 379 122 74 et
1780 379 122 74 de
1841 379 224 74 quatuor
2004 379 184 74 maius
2127 379 163 74 ergo

1278 440 160 59 est
1370 440 275 59 devenire
1576 440 137 59 ad
1645 440 344 59 securitatem
1919 440 137 59 ab
1988 440 229 59 aliquo
2126 440 137 59 nume

1292 493 114 62 ro
1349 493 171 62 certo
1463 493 209 62 dierum:
1615 493 152 62 quae
1710 493 190 62 tantum
1844 493 228 62 causabit
2015 493 209 62 quantum
2167 493 133 62 est

1287 548 89 63 a
1323 548 106 63 et
1376 548 124 63 sic
1447 548 213 63 sequitur
1606 548 142 63 quod
1695 548 195 63 aliquis
1837 548 177 63 tantum
1961 548 213 63 gaudebit
2120 548 106 63 si
2156 548 106 63 vide

1298 604 136 58 ret
1375 604 156 58 deum
1473 604 136 58 per
1551 604 175 58 mille
1668 604 195 58 annos:
1804 604 175 58 sicut
1921 604 117 58 si
1979 604 214 58 videret
2135 604 156 58 deum

1302 648 102 85 in
1353 648 220 85 aeternum.
1522 648 136 85 quod
1607 648 186 85 videtur
1743 648 186 85 fatuum:
1878 648 136 85 quia
1963 648 237 85 aequaliter
2149 648 153 85 gaude

1290 716 147 65 ret
1374 716 126 65 de
1437 716 209 65 maiori
1583 716 167 65 bono
1688 716 126 65 et
1751 716 126 65 de
1813 716 230 65 minori:
1981 716 126 65 et
2044 716 126 65 de
2086 716 167 65 infini

1290 763 129 72 to
1354 763 129 72 et
1419 763 129 72 de
1483 763 344 72 transitorio.
1763 763 237 72 Octavo.
1935 763 237 72 aliquod
2107 763 194 72 bonum

1300 819 242 73 obiectum
1481 819 141 73 est
1562 819 202 73 maxime
1703 819 363 73 proportionatum
2006 819 282 73 intellectu

1298 868 234 79 humano.
1468 868 149 79 sit
1553 868 191 79 illud
1680 868 106 79 a
1723 868 191 79 cuius
1850 868 276 79 proportio
2063 868 128 79 ad
2105 868 149 79 intel

1288 924 204 79 lectum
1431 924 225 79 vocetur
1594 924 123 79 b.
1656 924 164 79 Tunc
1758 924 245 79 arguitur
1942 924 164 79 sic.
2044 924 204 79 quanto
2167 924 102 79 ali

1294 982 148 76 quid
1386 982 203 76 recedit
1533 982 92 76 a
1570 982 277 76 proportione
1792 982 111 76 b:
1847 982 166 76 tanto
1958 982 129 76 est
2032 982 166 76 minus
2124 982 129 76 intel

1284 1036 237 79 ligibile
1462 1036 119 79 ab
1521 1036 277 79 intellectu
1739 1036 198 79 huano:
1877 1036 138 79 sed
1956 1036 158 79 deus
2055 1036 119 79 in
2094 1036 158 79 infini

1292 1099 132 73 tum
1367 1099 207 73 recedit
1518 1099 94 73 a
1556 1099 282 73 proportione
1782 1099 113 73 b:
1838 1099 151 73 ergo
1932 1099 132 73 est
2007 1099 226 73 infinite
2158 1099 94 73 dif

1285 1156 227 72 ficultatis
1463 1156 243 72 intelligere
1657 1156 146 72 deum.
1755 1156 130 72 ergo
1836 1156 113 72 per
1901 1156 227 72 consequens
2079 1156 97 72 si
2127 1156 162 72 beatus

1301 1220 250 63 ntelligit
1493 1220 173 63 clare
1608 1220 173 63 deum:
1724 1220 288 63 intellectus
1954 1220 173 63 beati
2070 1220 154 63 erit
2147 1220 115 63 infi

1292 1268 167 64 nitae
1404 1268 241 64 virtutis:
1589 1268 148 64 quod
1682 1268 130 64 est
1756 1268 259 64 propositum
1960 1268 278 64 principale.
2182 1268 111 64 No

1294 1331 117 64 no
1353 1331 137 64 sic
1431 1331 117 64 de
1490 1331 195 64 aliquo
1626 1331 156 64 malo
1724 1331 351 64 rationabiliter
2017 1331 137 64 est
2075 1331 176 64 tristan

1283 1390 136 61 dum
1360 1390 271 61 infinitae.
1573 1390 155 61 ergo
1670 1390 116 61 de
1728 1390 136 61 deo
1806 1390 174 61 clare
1922 1390 155 61 viso
2019 1390 136 61 est
2077 1390 174 61 gauden-

1287 1441 116 74 dum
1354 1441 232 74 infinitae.
1536 1441 265 74 consequentia
1752 1441 166 74 patet.
1868 1441 133 74 quia
1951 1441 100 74 de
2001 1441 149 74 nullo
2100 1441 133 74 malo
2166 1441 100 74 pene

1282 1500 137 63 est
1361 1500 215 63 amplius
1517 1500 274 63 tristandum
1733 1500 98 63 /
1772 1500 157 63 quam
1870 1500 117 63 de
1928 1500 294 63 beatitudine
2163 1500 137 63 est

1291 1549 283 71 guadendum:
1513 1549 162 71 quia
1614 1549 222 71 miseria
1775 1549 182 71 poene
1897 1549 141 71 non
1977 1549 141 71 est
2058 1549 141 71 ita
2119 1549 141 71 inten

1295 1605 114 65 se
1352 1605 152 65 mala
1447 1605 172 65 sicut
1562 1605 248 65 beatitudo
1752 1605 133 65 est
1829 1605 172 65 bona.
1943 1605 267 65 Antecedens
2134 1605 133 65 probo

1295 1660 150 79 quia
1389 1660 112 79 si
1445 1660 243 79 constaret
1632 1660 187 79 alicui
1763 1660 112 79 de
1819 1660 168 79 poena
1931 1660 262 79 insligenda
2137 1660 131 79 per
2193 1660 75 79 du

1299 1721 103 62 os
1350 1721 154 62 dies:
1453 1721 188 62 deberet
1590 1721 308 62 rationabiliter
1847 1721 206 62 tristari
2001 1721 103 62 et
2052 1721 103 62 si
2104 1721 120 62 per
2155 1721 103 62 tres

1287 1763 184 85 dies:
1409 1763 184 85 plus.
1532 1763 123 85 et
1594 1763 143 85 per
1676 1763 225 85 quatuor
1839 1763 184 85 adhuc
1962 1763 184 85 plus.
2085 1763 123 85 et
2147 1763 143 85 per

1301 1827 228 65 consequens
1480 1827 98 65 si
1529 1827 212 65 constaret
1692 1827 98 65 ei
1741 1827 130 65 quod
1823 1827 147 65 poena
1920 1827 228 65 infernalis
2100 1827 147 65 esset
2198 1827 98 65 ei

1291 1883 241 75 insligenda
1480 1883 120 75 per
1549 1883 224 75 infinitum
1721 1883 189 75 tempus:
1858 1883 189 75 deberet
1979 1883 275 75 rationabiliter

1292 1939 168 79 magis
1405 1939 225 79 tristari
1573 1939 94 79 /
1611 1939 150 79 quam
1704 1939 112 79 de
1760 1939 150 79 tali
1854 1939 168 79 poena
1966 1939 262 79 infligenda
2153 1939 94 79 per

1288 1996 213 71 quatuor
1442 1996 155 71 dies
1539 1996 213 71 tantum.
1694 1996 193 71 Quaero
1829 1996 155 71 ergo
1925 1996 174 71 utrum
2041 1996 251 71 infinitae

1292 2051 195 64 magis
1422 2051 130 64 an
1487 2051 217 64 tantum
1639 2051 260 64 finitae:
1834 2051 130 64 Si
1899 2051 238 64 finite:
2051 2051 195 64 habetur

1293 2101 268 78 propositum:
1507 2101 143 78 quod
1597 2101 125 78 pro
1668 2101 178 78 aliquo
1793 2101 143 78 malo
1882 2101 143 78 pene
1971 2101 161 78 debet
2079 2101 143 78 homo
2150 2101 107 78 tri-

1286 2161 132 65 ntari
1374 2161 264 65 rationabiliter
1594 2161 205 65 infinitae.
1755 2161 88 65 Si
1799 2161 205 65 infinitae:
1960 2161 117 65 ergo
2019 2161 234 65 rationabiliter

1295 2212 263 70 aequaliter
1502 2212 207 70 deberet
1652 2212 150 70 homo
1746 2212 226 70 tristari
1916 2212 113 70 de
1972 2212 169 70 poena
2085 2212 207 70 aequali

1289 2259 134 80 per
1365 2259 192 80 certum
1500 2259 192 80 tempus
1634 2259 249 80 duratura:
1825 2259 172 80 sicut
1940 2259 115 80 de
1998 2259 230 80 duratura
2170 2259 115 80 in

1281 2325 297 70 perpetuum.
1514 2325 233 70 Decimo.
1684 2325 149 70 aut
1769 2325 170 70 deus
1875 2325 149 70 per
1960 2325 212 70 claram
2087 2325 170 70 visio-

1281 2384 141 67 nem
1361 2384 221 67 apparet
1522 2384 181 67 beato
1643 2384 181 67 bonum
1764 2384 262 67 infinitum
1965 2384 141 67 aut
2046 2384 242 67 finitum.

1280 2434 111 78 Si
1335 2434 166 78 bonum
1445 2434 203 78 finitum
1593 2434 203 78 tantum:
1740 2434 147 78 ergo
1832 2434 129 78 cum
1906 2434 147 78 deus
1998 2434 184 78 potest
2127 2434 166 78 super

1283 2491 177 71 omne
1393 2491 199 71 bonum
1526 2491 243 71 creatum
1703 2491 265 71 apparens
1902 2491 199 71 beato
2034 2491 221 71 racere
2167 2491 88 71 bo

1287 2548 132 71 num
1362 2548 263 71 perfectius
1569 2548 226 71 secundum
1739 2548 282 71 apparentiam
1965 2548 226 71 eiusdem:
2115 2548 132 71 sequi

1289 2597 126 87 tur
1361 2597 144 87 quod
1451 2597 144 87 deus
1541 2597 180 87 potest
1667 2597 180 87 facere
1792 2597 198 87 aliquod
1936 2597 162 87 bonum
2044 2597 198 87 creatum
2170 2597 72 87 ap

1295 2659 221 72 parere
1450 2659 155 72 ita
1538 2659 199 72 bonum
1671 2659 199 72 beato
1804 2659 199 72 sicut
1937 2659 177 72 nunc
2048 2659 244 72 apparet

1301 2716 148 72 ipse
1393 2716 167 72 deus.
1504 2716 148 72 ergo
1597 2716 185 72 beatus
1726 2716 204 72 licitae
1874 2716 185 72 potest
2004 2716 167 72 illud
2115 2716 167 72 bonum

1291 2772 155 79 aeque
1394 2772 155 79 bonum
1498 2772 207 79 diligere
1653 2772 121 79 cum
1722 2772 121 79 deo
1791 2772 207 79 secundum
1946 2772 172 79 rectam
2066 2772 224 79 rationem:

1292 2819 269 81 consequens
1503 2819 134 81 est
1580 2819 211 81 falsum.
1733 2819 115 81 Si
1791 2819 153 81 deus
1887 2819 211 81 apparet
2040 2819 249 81 infinitum

1292 2876 172 79 bonum:
1412 2876 137 79 ergo
1498 2876 172 79 beatus
1618 2876 275 79 comprehendit
1842 2876 155 79 deum:
1945 2876 137 79 quia
2031 2876 155 79 nihil
2134 2876 155 79 latet

1290 2925 139 78 eum.
1376 2925 174 78 Probo.
1498 2925 139 78 quia
1585 2925 191 78 dicitur
1723 2925 121 78 vii
1793 2925 243 78 metaphysi.
1984 2925 226 78 Simplicia
2157 2925 121 78 aut

1286 2980 269 88 totaliter
1493 2980 311 88 ignorantur:
1742 2980 145 88 aut
1825 2980 269 88 totaliter
2011 2980 228 88 cognoscun

1278 3035 176 83 tur.
1388 3035 331 83 Confirmatur
1653 3035 176 83 ista
1763 3035 198 83 ratio
1895 3035 176 83 sic.
2006 3035 176 83 deus
2094 3035 132 83 appa

1284 3100 143 95 ret
1365 3100 184 95 beato
1488 3100 246 95 infinite
1672 3100 205 95 bonus:
1816 3100 164 95 ergo
1918 3100 225 95 apparet
2082 3100 184 95 beate
