2550 3300
270 196 332 74 esequuntur
531 196 166 74 sex
626 196 284 74 articuli
839 196 142 74 in
910 196 237 74 libris
1076 196 237 74 hollot

278 253 270 62 recitati:
486 253 124 62 et
548 253 145 62 per
631 253 145 62 eum
714 253 124 62 in
776 253 228 62 scholis
942 253 270 62 disputati
1149 253 145 62 per

286 316 222 56 modum
434 316 419 56 conferentiae.

683 364 254 120 Ex
810 364 338 120 sunt
979 364 296 120 arsi-

695 468 163 79 culi
796 468 163 79 quis
898 468 122 79 in
959 468 244 79 diversis
1143 468 163 79 mate

696 533 143 70 riis
785 533 161 70 dixi.
892 533 178 70 Contra
1017 533 143 70 quas
1106 533 196 70 quaedam

699 584 179 66 socii
818 584 259 66 reverendi
1017 584 298 66 institerunt

677 642 384 68 irationabiliter.
1003 642 192 68 Primus
1118 642 154 68 articu

689 700 133 75 lus
765 700 151 75 fuit
859 700 151 75 quod
954 700 227 75 obiectum
1125 700 189 75 fidei:

280 755 258 72 scientiae:
482 755 110 72 et
537 755 258 72 opinionis:
740 755 110 72 et
795 755 313 72 vniversaliter
1053 755 166 72 omnis
1164 755 147 72 noti

277 811 151 69 tiae
371 811 226 69 assensio
541 811 132 69 est
617 811 264 69 complexum:
824 811 113 69 et
881 811 132 69 non
956 811 132 69 est
1032 811 132 69 res
1088 811 170 69 signifi

281 868 146 71 cata
372 868 128 71 per
445 868 255 71 complexum.
646 868 219 71 Secundus
810 868 164 71 arti.
919 868 146 71 fuit
1011 868 146 71 quod
1102 868 201 71 liberum

287 932 281 65 arbitrium
503 932 151 65 non
590 932 259 65 sufficit
784 932 130 65 ad
849 932 367 65 determinandum
1129 932 130 65 inte

277 987 191 64 lectum
410 987 114 64 ad
468 987 172 64 actum
582 987 248 64 credendi:
773 987 114 64 vt
830 987 153 64 ideo
926 987 229 64 praecise
1097 987 210 64 aliquis

290 1036 187 71 credat
421 1036 206 71 aliquam
571 1036 318 71 propositionem
833 1036 150 71 esse
926 1036 187 71 veram:
1057 1036 150 71 quia
1151 1036 150 71 vult

277 1091 247 64 credere
456 1091 157 64 eam
546 1091 180 64 esse
659 1091 225 64 veram.
816 1091 247 64 Tertius
996 1091 202 64 arti.
1131 1091 180 64 fuit

286 1148 142 65 quod
375 1148 160 65 omnis
481 1148 213 65 cognitio
641 1148 231 65 creaturae
818 1148 124 65 est
889 1148 160 65 ratio
996 1148 266 65 naturaliter
1191 1148 71 65 di

279 1212 243 71 stincta
456 1212 110 71 a
500 1212 287 71 creatura.
721 1212 243 71 Quartus
898 1212 155 71 ari
986 1212 177 71 quod
1096 1212 199 71 omnis

279 1258 250 73 cognitio
466 1258 270 73 creaturae
674 1258 250 73 causatur
862 1258 270 73 effective
1070 1258 104 73 a
1091 1258 166 73 creatu

285 1324 109 62 ra
339 1324 291 62 cognoscente:
576 1324 182 62 saltem
703 1324 164 62 sicut
812 1324 91 62 a
848 1324 164 62 causa
957 1324 236 62 partiali.
1139 1324 109 62 et
1175 1324 91 62 re-

288 1372 234 71 beritur
458 1372 128 71 in
522 1372 192 71 eadem
650 1372 192 71 sicut
777 1372 255 71 accidens
969 1372 128 71 in
1033 1372 192 71 subo.
1139 1372 128 71 Quin

278 1443 146 56 tus
361 1443 187 56 arti.
486 1443 167 56 fuit
591 1443 208 56 dictus
736 1443 125 56 in
799 1443 229 56 materia
965 1443 125 56 de
1028 1443 271 56 fruitione

284 1485 129 69 vie
357 1485 147 69 quia
449 1485 129 69 iii
523 1485 166 69 super
634 1485 203 69 primum.
781 1485 111 69 et
836 1485 147 69 fuit
928 1485 184 69 talis:
1057 1485 147 69 casu
1131 1485 129 69 possi

277 1552 150 59 bili
371 1552 206 59 posito:
521 1552 187 59 potest
652 1552 150 59 homo
745 1552 206 59 licitae
895 1552 150 59 frui
988 1552 225 59 creatura
1157 1552 112 59 et
1194 1552 75 59 me

275 1603 264 63 ritorie.
473 1603 220 63 Sextus
627 1603 176 63 fuit
737 1603 176 63 quod
847 1603 132 63 in
913 1603 176 63 casu
1023 1603 286 63 possibili

268 1652 217 80 posito
420 1652 173 80 idem
528 1652 195 80 actus
658 1652 217 80 numero
810 1652 152 80 est
897 1652 238 80 meritum
1070 1652 130 80 et
1113 1652 152 80 deme-

276 1723 178 56 ritum
395 1723 276 56 sucessive.
612 1723 118 56 Et
671 1723 197 56 contra
809 1723 158 56 tres
908 1723 197 56 primos
1046 1723 257 56 articulos

284 1779 218 59 arguit
437 1779 218 59 quidam
589 1779 218 59 socius
741 1779 305 59 reuerendus
980 1779 131 59 in
1046 1779 152 59 sua
1111 1779 152 59 prima

286 1820 251 63 lectione
474 1820 188 63 super
600 1820 251 63 Dibliam.
788 1820 125 63 Et
851 1820 188 63 primo
976 1820 209 63 contra
1102 1820 167 63 primum

292 1875 115 65 cum
357 1875 181 65 dicitur
489 1875 131 65 quod
571 1875 230 65 cuiuslibet
752 1875 197 65 notitiae
900 1875 214 65 assertive
1064 1875 148 65 sicut
1146 1875 115 65 sicit

280 1933 195 62 entiae
416 1933 136 62 vel
494 1933 175 62 fidei
611 1933 156 62 sive
708 1933 253 62 opinionis
903 1933 234 62 obiectum
1078 1933 136 62 est
1136 1933 117 62 con-

289 1988 226 71 plexum:
454 1988 124 71 et
516 1988 185 71 nulla
639 1988 144 71 res
722 1988 185 71 extra
845 1988 206 71 animam
989 1988 309 71 significata

284 2056 143 59 per
365 2056 245 59 terminum
549 2056 143 59 vel
630 2056 245 59 terminos
814 2056 184 59 talis
936 2056 347 59 propositionis

311 2092 236 71 Arguitur
488 2092 177 71 primo
606 2092 157 71 sic.
704 2092 236 71 capiatur
881 2092 216 71 aliquis
1038 2092 137 71 qui
1117 2092 98 71 a
1156 2092 137 71 sua

287 2153 292 65 nativitate
516 2153 208 65 fuerit
662 2153 146 65 tam
745 2153 208 65 surdus
891 2153 167 65 quam
995 2153 208 65 cecus.
1141 2153 167 65 iste

285 2218 209 57 nunquam
437 2218 171 57 vidit
552 2218 324 57 propositionem
818 2218 248 57 scriptam:
1008 2218 133 57 nec
1085 2218 209 57 audivit

281 2259 178 61 unquam
406 2259 302 61 propositionem
654 2259 213 61 vocalem:
814 2259 178 61 igitur
938 2259 195 61 numquam
1080 2259 213 61 formauit

283 2313 101 67 in
334 2313 101 67 se
384 2313 286 67 propositionem
620 2313 219 67 mentalem.
788 2313 135 67 Ista
872 2313 219 67 probatur:
1040 2313 135 67 quia
1124 2313 168 67 appste

288 2371 164 69 istum
397 2371 237 69 opinantem
579 2371 201 69 suppono
725 2371 146 69 quod
816 2371 164 69 omnis
926 2371 255 69 propositio
1126 2371 164 69 menta

280 2435 136 63 lis
357 2435 136 63 est
435 2435 253 63 naturalis
630 2435 234 63 silitudo
805 2435 331 63 propositionis
1078 2435 214 63 vocalis

291 2492 135 61 vel
368 2492 231 61 scripte.
541 2492 135 61 Sed
618 2492 250 61 naturalis
810 2492 231 61 silitudo
983 2492 327 61 propositionis

292 2540 206 71 vocalis
442 2540 131 71 non
517 2540 225 71 causatur
686 2540 112 71 in
742 2540 187 71 homine
873 2540 281 71 naturaliter
1097 2540 150 71 nisi
1172 2540 94 71 ali

291 2602 180 69 quando
417 2602 234 69 audierit:
598 2602 126 69 nec
670 2602 216 69 mentalis
832 2602 216 69 silitudo
994 2602 307 69 propositionis

301 2651 190 72 scripte
439 2651 208 72 causatur
595 2651 104 72 in
647 2651 156 72 anima
751 2651 208 72 hominis:
907 2651 121 72 nec
976 2651 190 72 causari
1114 2651 173 72 potest

291 2708 255 63 naturaliter
495 2708 136 63 nisi
580 2708 187 63 viderit
716 2708 238 63 aliquando.
903 2708 170 63 igitur
1022 2708 102 63 si
1073 2708 153 63 istae
1175 2708 119 63 num

297 2764 146 74 quam
388 2764 164 74 vidit
497 2764 127 74 nec
570 2764 219 74 audivit:
734 2764 127 74 nec
807 2764 182 74 habuit
934 2764 109 74 in
989 2764 109 74 se
1025 2764 237 74 propositio-

289 2820 138 63 nem
368 2820 255 63 mentalem:
564 2820 118 63 et
623 2820 177 63 tamen
741 2820 197 63 centum
879 2820 138 63 est
958 2820 157 63 quod
1056 2820 177 63 talis
1154 2820 118 63 mul-

291 2876 104 62 ta
343 2876 174 62 potest
465 2876 174 62 scire:
586 2876 139 62 puta
673 2876 139 62 quod
760 2876 157 62 ignis
865 2876 122 62 est
934 2876 209 62 calidus:
1091 2876 139 62 quod
1161 2876 104 62 sor-

302 2932 138 53 ter
381 2932 138 53 est
460 2932 178 53 bonus
578 2932 178 53 homo:
697 2932 138 53 vel
776 2932 217 53 opinari
934 2932 138 53 vel
1013 2932 237 53 credere.
1170 2932 99 53 igi

286 2984 139 68 tur
366 2984 199 68 potest
505 2984 219 68 aliquis
665 2984 219 68 credere
824 2984 179 68 scire
943 2984 139 68 vel
1023 2984 239 68 opinari:
1182 2984 80 68 et

297 3032 171 68 tamen
411 3032 190 68 nullum
544 3032 248 68 complexum
735 3032 152 68 erit
830 3032 190 68 scitum
963 3032 114 68 ab
1020 3032 133 68 eo.
1097 3032 209 68 Secundo

290 3091 146 71 sic
373 3091 229 71 recipio
540 3091 166 71 unum
644 3091 229 71 peuerum
810 3091 250 71 recenter
998 3091 208 71 natum:
1143 3091 187 71 istae

1308 204 226 60 nunquam
1473 204 247 60 formauit
1658 204 349 60 propositionem
1946 204 267 60 mentalem:
2151 204 144 60 nec
2213 204 82 60 au

1300 255 169 76 divit
1413 255 225 76 vocalem:
1582 255 131 76 nec
1657 255 169 76 torte
1769 255 169 76 vidit
1882 255 282 76 scripturam:
2107 255 113 76 et
2164 255 169 76 tamn-

1308 308 157 77 scit
1407 308 138 77 vel
1485 308 197 77 credit
1623 308 157 77 quod
1721 308 138 77 lac
1800 308 138 77 est
1879 308 177 77 dulce
1997 308 118 77 ad
2056 308 275 77 gustandum:

1304 362 192 69 igitur
1438 362 134 69 non
1515 362 153 69 omne
1610 362 230 69 treditum
1783 362 134 69 vel
1859 362 192 69 scitum
1994 362 134 69 est
2051 362 230 69 complerum.

1329 422 195 82 Tertio
1466 422 156 82 sic.
1564 422 176 82 agnus
1681 422 215 82 nunquam
1837 422 176 82 vidit
1954 422 195 82 lupum:
2091 422 117 82 et
2149 422 176 82 stati

1307 479 180 59 credit
1433 479 144 59 esse
1523 479 126 59 eum
1595 479 216 59 inimicum
1757 479 162 59 suum:
1866 479 108 59 et
1920 479 162 59 tamen
2028 479 162 59 agnus
2136 479 126 59 non
2190 479 90 59 for

1300 532 135 78 mat
1377 532 270 78 complexum.
1589 532 250 78 Similiter
1781 532 193 78 coruus
1916 532 212 78 faciens
2070 532 173 78 nidum
2166 532 116 78 iudi

1306 589 139 70 cat
1385 589 159 70 quod
1485 589 139 70 vna
1564 589 218 70 vergula
1723 589 198 70 melius
1862 589 179 70 iacet
1981 589 139 70 vno
2060 589 159 70 modo
2159 589 159 70 quam

1295 645 176 62 alio:
1413 645 118 62 et
1472 645 137 62 vna
1550 645 196 62 melius
1687 645 157 62 quam
1785 645 216 62 altera:
1942 645 118 62 et
2001 645 137 62 non
2079 645 196 62 format
2197 645 98 62 ali

1305 707 133 53 quod
1388 707 233 53 complexum:
1571 707 116 53 nec
1638 707 150 53 habet
1738 707 199 53 notitiam
1887 707 199 53 alicuius
2037 707 283 53 propositionis

1295 757 268 62 complere.
1502 757 206 62 Quarto
1646 757 165 62 quod
1749 757 186 62 Iudei
1873 757 227 62 credunt
2038 757 186 62 illud
2161 757 165 62 esse

1307 811 194 64 futurum
1448 811 141 64 quod
1537 811 123 64 nos
1607 811 212 64 credimus
1766 811 141 64 esse
1854 811 282 64 praeteritum:
2083 811 123 64 sed
2154 811 159 64 illud

1308 879 129 67 quod
1389 879 161 67 credut
1501 879 129 67 esse
1582 879 177 67 futurum
1711 879 81 67 /
1743 879 113 67 non
1808 879 113 67 est
1873 879 242 67 propositio:
2066 879 129 67 quia
2147 879 113 67 nos
2195 879 97 67 cre-

1308 927 178 58 dimus
1427 927 316 58 incarnatione
1684 927 158 58 esse
1783 927 277 58 praeterita
2000 927 119 58 et
2060 927 198 58 mortem
2178 927 119 58 chri

1297 981 130 69 sti:
1378 981 98 69 et
1427 981 146 69 multa
1524 981 130 69 quae
1606 981 114 69 non
1671 981 130 69 sunt
1752 981 293 69 propositiones.
1996 981 211 69 Similiter
2158 981 163 69 credat

1302 1044 191 55 aliquis
1441 1044 139 55 quod
1527 1044 156 55 anima
1631 1044 191 55 christi
1770 1044 139 55 erit
1857 1044 104 55 in
1909 1044 104 55 a:
1961 1044 122 55 vel
2031 1044 139 55 quod
2117 1044 156 55 vergo
2204 1044 87 55 pe-

1305 1107 168 68 perit.
1423 1107 118 68 non
1490 1107 151 68 praet
1591 1107 134 68 dici
1675 1107 134 68 quod
1759 1107 151 68 talis
1859 1107 168 68 credat
1977 1107 302 68 propositiones.
2229 1107 101 68 et

1296 1155 224 66 propter
1459 1155 163 66 ista
1561 1155 204 66 motiva
1703 1155 183 66 tenet
1825 1155 163 66 iste
1927 1155 204 66 socius
2070 1155 163 66 quod
2172 1155 163 66 obum

1300 1212 298 61 cuiuscumque
1539 1212 239 61 notitiae
1718 1212 259 61 assensive
1917 1212 159 61 sive
2016 1212 139 61 sit
2096 1212 159 61 scia
2176 1212 119 61 sive

1297 1268 204 71 opinio
1439 1268 163 71 sive
1541 1268 204 71 fides:
1684 1268 143 71 est
1766 1268 143 71 res
1848 1268 306 71 significata
2092 1268 143 71 per
2154 1268 122 71 ipsa

1288 1321 347 82 propositionem:
1577 1321 116 82 et
1635 1321 135 82 non
1712 1321 154 82 ipsa
1808 1321 251 82 propitio.
2001 1321 116 82 Et
2059 1321 116 82 ad
2097 1321 174 82 argumen

1297 1391 119 52 ta
1357 1391 138 52 mea
1436 1391 119 52 in
1495 1391 257 52 oppositum
1693 1391 257 52 respondet
1890 1391 178 52 sicut
2009 1391 257 52 audietis:
2187 1391 79 52 ar

1297 1440 195 62 guebam
1433 1440 156 62 enim
1530 1440 136 62 pro
1608 1440 234 62 opinione
1784 1440 156 62 mea.
1881 1440 175 62 Primo
1998 1440 136 62 sic
2076 1440 195 62 tamtum
2193 1440 78 62 ve

1302 1498 120 79 rum
1370 1498 188 79 scitur:
1507 1498 154 79 nulla
1610 1498 120 79 res
1678 1498 257 79 significata
1884 1498 120 79 per
1952 1498 291 79 propositionem
2191 1498 120 79 est

1304 1549 162 61 vera:
1412 1549 180 61 igitur
1538 1549 162 61 nulla
1646 1549 126 61 res
1718 1549 270 61 significata
1935 1549 126 61 per
2007 1549 306 61 propositiones

1300 1604 224 72 scitur.
1463 1604 204 72 Prefea
1605 1604 224 72 secundo
1768 1604 143 72 sic
1849 1604 102 72 .
1890 1604 183 72 capio
2012 1604 143 72 hac
2073 1604 204 72 negatio-

1300 1667 131 77 nem:
1381 1667 131 77 homo
1463 1667 114 77 non
1528 1667 114 77 est
1594 1667 180 77 asinus:
1724 1667 98 77 et
1773 1667 163 77 quaero
1888 1667 131 77 quad
1970 1667 114 77 res
2035 1667 114 77 est
2084 1667 196 77 significa-

1305 1723 110 52 tum
1368 1723 156 52 istius
1477 1723 282 52 propositionis:
1712 1723 110 52 non
1775 1723 141 52 homo:
1869 1723 125 52 quia
1947 1723 141 52 eadem
2041 1723 172 52 ratione
2166 1723 156 52 asinus

1301 1773 109 62 Si
1355 1773 237 62 vtrumque:
1538 1773 146 62 tunc
1629 1773 182 62 aliqua
1756 1773 128 62 res
1829 1773 128 62 est
1902 1773 146 62 homo
1993 1773 109 62 et
2048 1773 200 62 asinus:
2194 1773 146 62 quia

1305 1827 265 60 significatum
1521 1827 281 60 propositionis
1752 1827 116 60 est
1818 1827 116 60 vna
1884 1827 116 60 res
1951 1827 132 60 sola
2033 1827 199 60 secundum
2182 1827 149 60 istos

1310 1892 101 70 et
1361 1892 118 70 sic
1428 1892 169 70 aliqua
1547 1892 118 70 res
1614 1892 152 70 esset
1716 1892 135 70 deus
1801 1892 101 70 et
1851 1892 220 70 diabolus:
2020 1892 135 70 quia
2088 1892 186 70 significa

1299 1940 127 63 tum
1371 1940 181 63 istius
1498 1940 308 63 propositionis
1752 1940 91 63 /
1788 1940 145 63 deus
1879 1940 127 63 est
1952 1940 236 63 diabolus.
2133 1940 181 63 Tertio

1298 1996 148 64 sic.
1390 1996 111 64 si
1446 1996 204 64 aliquis
1594 1996 222 64 opinatur
1760 1996 148 64 quod
1853 1996 167 64 Cesar
1964 1996 148 64 fuit
2056 1996 111 64 et
2093 1996 185 64 Antichri

1294 2049 152 74 stus
1389 2049 171 74 erit.
1503 2049 190 74 istius
1636 2049 247 74 opinionis
1827 2049 228 74 obiectum
1998 2049 133 74 est
2074 2049 190 74 aliqua
2188 2049 95 74 res

1291 2115 149 66 alia
1385 2115 93 66 a
1422 2115 317 66 propositione.
1683 2115 131 66 non
1758 2115 149 66 nisi
1851 2115 168 66 Cesar
1963 2115 131 66 vel
2019 2115 261 66 Antichrisius

1308 2155 116 80 ergo
1380 2155 130 80 Cesar
1467 2155 101 80 est
1525 2155 116 80 res:
1597 2155 87 80 et
1641 2155 232 80 antichristus
1829 2155 203 80 similiter.
1988 2155 87 80 et
2032 2155 159 80 constat
2148 2155 116 80 quod
2220 2155 87 80 si

1303 2221 148 62 sint
1396 2221 148 62 res:
1489 2221 130 62 non
1563 2221 148 62 sunt
1656 2221 167 62 aliud
1767 2221 148 62 quam
1859 2221 222 62 homines:
2026 2221 185 62 igitur
2137 2221 130 62 Anti-

1294 2271 259 61 christus
1488 2271 129 61 et
1553 2271 194 61 Cesar
1682 2271 172 61 sunt
1790 2271 259 61 homines.
1984 2271 215 61 Quarto
2113 2271 151 61 argue

1295 2324 112 78 bam
1359 2324 128 78 sic.
1439 2324 128 78 idem
1519 2324 112 78 est
1583 2324 144 78 primo
1679 2324 160 78 dubium
1791 2324 96 78 et
1838 2324 128 78 post
1918 2324 176 78 scitum.
2046 2324 128 78 quia
2110 2324 160 78 quaestio

1294 2389 135 62 nes
1371 2389 154 62 sunt
1467 2389 231 62 aequeles
1640 2389 192 62 numero
1775 2389 135 62 his
1852 2389 135 62 qua
1929 2389 154 62 vere
2025 2389 212 62 scimus:
2179 2389 135 62 sed

1297 2444 173 71 nullum
1418 2444 260 71 incomplexum
1625 2444 121 71 est
1695 2444 190 71 dubium:
1833 2444 121 71 sed
1902 2444 173 71 tantum
2023 2444 225 71 complexum
2196 2444 121 71 est

1304 2492 165 79 dubium:
1424 2492 120 79 ergo
1499 2492 150 79 tantum
1603 2492 195 79 complexum
1753 2492 105 79 est
1813 2492 165 79 scitum.
1933 2492 195 79 similiter
2082 2492 150 79 tantum
2172 2492 120 79 conclo

1298 2548 336 84 demonstrationis
1581 2548 177 84 scitur
1705 2548 141 84 apud
1793 2548 265 84 philosophum
2005 2548 177 84 patet.
2129 2548 88 84 i
2146 2548 124 84 poste

1306 2600 164 74 riorum
1420 2600 98 74 et
1470 2600 148 74 etiam
1568 2600 115 74 ii.
1634 2600 131 74 ergo
1716 2600 131 74 etc.
1798 2600 98 74 Ad
1847 2600 164 74 primum
1962 2600 181 74 istorum
2093 2600 213 74 respondet

1295 2663 201 68 negando
1441 2663 164 68 istam
1550 2663 182 68 minors
1678 2663 219 68 scilicet
1842 2663 164 68 nulla
1951 2663 128 68 res
2024 2663 273 68 significata

1304 2715 100 76 per
1361 2715 273 76 propositionemen
1591 2715 129 76 vera.
1677 2715 86 76 et
1720 2715 115 76 quod
1792 2715 115 76 haec
1863 2715 100 76 fit
1921 2715 129 76 falsa
2007 2715 215 76 propositio:
2179 2715 115 76 ergo

1294 2775 130 77 bat
1369 2775 130 77 per
1443 2775 315 77 diffinitionem
1702 2775 278 77 proposionis
1925 2775 148 77 quam
2017 2775 130 77 dat
2092 2775 222 77 Ioetius:

1297 2818 111 80 et
1353 2818 204 80 habetur
1502 2818 111 80 in
1557 2818 241 80 summulis:
1743 2818 148 80 quod
1836 2818 241 80 propoitio
2021 2818 130 80 est
2095 2818 186 80 oratio
2207 2818 74 80 ve

1297 2892 137 55 rum
1376 2892 137 55 vel
1454 2892 196 55 falsum
1592 2892 157 55 etc.
1690 2892 196 55 igitur
1827 2892 314 55 significatum
2082 2892 235 55 alicuius

1310 2937 311 66 propositionis
1566 2937 128 66 est
1639 2937 165 66 verum
1749 2937 128 66 vel
1822 2937 201 66 falsum.
1969 2937 110 66 et
2024 2937 293 66 significatum

1312 3000 266 60 propositionis
1531 3000 109 60 est
1594 3000 172 60 aliquid
1719 3000 219 60 distinctum
1890 3000 78 60 a
1922 3000 266 60 propositione.
2140 3000 94 60 et
2187 3000 125 60 ideo

1309 3052 116 63 non
1376 3052 166 63 semper
1492 3052 116 63 cum
1558 3052 266 63 intelligitur
1774 3052 166 63 verum:
1891 3052 266 63 intelligitur
2090 3052 199 63 propositio

1326 3108 151 71 vera:
1427 3108 118 71 sed
1494 3108 118 71 res
1562 3108 252 71 significata
1764 3108 118 71 per
1831 3108 286 71 propositionem
2066 3108 118 71 est
2134 3108 151 71 vera:
2235 3108 101 71 et
