2550 3300
273 180 133 71 illa
357 180 267 71 intelligitur
573 180 100 71 et
623 180 183 71 scitur.
757 180 100 71 Ad
807 180 200 71 secundum
957 180 217 71 respondet
1124 180 133 71 quod
1190 180 67 71 il

270 245 103 54 le
321 245 120 54 qui
390 245 137 54 scit
476 245 137 54 quod
562 245 137 54 homo
647 245 120 54 non
716 245 120 54 est
785 245 189 54 asinus:
922 245 137 54 scit
1008 245 275 54 significatum

276 299 158 64 istius
387 299 284 64 propositionis:
623 299 95 64 et
670 299 142 64 illud
765 299 110 64 est
828 299 158 64 verum.
938 299 95 64 Et
986 299 158 64 quando
1096 299 173 64 quaerit

282 352 133 67 quae
365 352 116 67 res
432 352 116 67 est
498 352 282 67 significatum:
731 352 149 67 Pater
830 352 133 67 quod
913 352 116 67 nec
979 352 199 67 praecise
1129 352 149 67 homo:

261 412 140 64 nec
341 412 240 64 praecise
521 412 220 64 asinus:
681 412 140 64 sed
762 412 280 64 distinctio
982 412 300 64 essentialis

273 461 123 70 vel
344 461 194 70 localis
485 461 194 70 hominis
626 461 106 70 et
678 461 176 70 asini.
802 461 141 70 Unde
890 461 141 70 bene
978 461 211 70 concedit
1136 461 141 70 quod

274 515 151 65 deus
369 515 189 65 potest
501 515 189 65 facere
633 515 208 65 hominem
784 515 151 65 esse
878 515 189 65 asinum
1010 515 132 65 per
1086 515 132 65 hoc
1143 515 94 65 so-

267 571 139 56 lum
347 571 159 56 quod
446 571 219 56 poneret
605 571 219 56 hominem
765 571 119 56 et
824 571 199 56 asinum
963 571 119 56 in
1023 571 159 56 eode
1103 571 139 56 loco-

303 636 98 69 Ad
352 636 180 69 tertium
483 636 164 69 quando
597 636 180 69 dicitur
728 636 131 69 quod
810 636 180 69 aliquis
940 636 147 69 habet
1038 636 213 69 opinionem
1186 636 65 69 de

276 684 152 64 ista
371 684 171 64 Cesar
485 684 152 64 fuit
580 684 95 64 :
618 684 266 64 conceditur
827 684 152 64 quod
922 684 228 64 obiectum
1093 684 190 64 illius

280 749 246 62 opinionis
469 749 133 62 est
545 749 303 62 significatum
791 749 189 62 istius
924 749 322 62 propositionis
1170 749 76 62 Ce

276 791 117 68 sar
343 791 151 68 fuit.
444 791 100 68 Et
494 791 167 68 quando
611 791 218 68 quaeritur
778 791 134 68 quid
862 791 117 68 est
929 791 268 68 significatum
1147 791 134 68 isti

278 852 107 56 us
332 852 303 56 propositionis
581 852 160 56 Cesar
688 852 160 56 fuit:
795 852 178 56 sendet
919 852 142 56 quod
1008 852 267 56 praeteritio

275 902 248 60 Cesaris.
461 902 124 60 Et
523 902 124 60 si
585 902 248 60 queratur
772 902 124 60 de
834 902 310 60 significato
1082 902 207 60 istius

277 964 167 77 Cesar
389 964 130 77 non
463 964 149 77 est:
556 964 149 77 quia
649 964 167 77 verum
761 964 130 77 est
835 964 149 77 quod
928 964 112 77 de
984 964 149 77 illa
1058 964 186 77 negativa

276 1013 160 66 feci
376 1013 300 66 argumentum.
616 1013 200 66 Isndet
756 1013 160 66 quod
857 1013 180 66 sicut
977 1013 320 66 significatum

280 1075 190 57 istius
413 1075 171 57 Cesar
527 1075 152 57 est:
622 1075 133 57 est
698 1075 247 57 exstentia
887 1075 228 57 Cesaris:
1058 1075 133 57 vel
1115 1075 133 57 copiu

278 1129 165 73 latio
387 1129 201 73 Cesaris
534 1129 110 73 ad
589 1129 201 73 instans
735 1129 238 73 praesens:
918 1129 128 73 ita
991 1129 293 73 significatum

277 1187 193 65 istius
412 1187 174 65 Cesar
528 1187 135 65 non
606 1187 155 65 est:
702 1187 135 65 est
780 1187 135 65 non
857 1187 252 65 exstentia
1051 1187 232 65 Cesaris:

276 1252 138 58 vel
355 1252 138 58 non
434 1252 275 58 compulatio
650 1252 216 58 Cesaris
807 1252 118 58 ad
866 1252 216 58 instans
1023 1252 255 58 praesens:

274 1300 243 63 similiter
461 1300 112 63 de
517 1300 281 63 significato
742 1300 187 63 istius
873 1300 299 63 Antichristus
1116 1300 168 63 erit:

270 1363 157 70 dicit
374 1363 140 70 quod
462 1363 280 70 significatum
689 1363 175 70 istius
811 1363 297 70 propositionis
1056 1363 122 70 est
1126 1363 157 70 futum

272 1413 190 67 ritio
398 1413 337 67 Antichristi:
672 1413 147 67 vel
756 1413 274 67 copulatio
967 1413 316 67 Antichristi

278 1475 116 56 ad
336 1475 233 56 futurum.
510 1475 116 56 Et
569 1475 116 56 si
627 1475 233 56 queratur
802 1475 136 56 qua
879 1475 136 56 res
957 1475 136 56 est
1035 1475 252 56 futuritio

280 1523 254 64 Antichristi
483 1523 152 64 diter
585 1523 135 64 quod
669 1523 119 64 est
737 1523 169 64 nihil.
856 1523 102 64 et
906 1523 152 64 tamen
1008 1523 135 64 haec
1093 1523 119 64 est
1143 1523 102 64 vera

278 1580 310 71 Antichristus
530 1580 174 71 erit:
646 1580 155 71 quia
743 1580 271 71 significat
956 1580 155 71 quod
1053 1580 174 71 illud
1150 1580 97 71 ve-

284 1628 123 63 rum
355 1628 141 63 quod
443 1628 123 63 est
513 1628 281 63 significatum
741 1628 158 63 huius
847 1628 299 63 propositionis
1093 1628 193 63 vocatur

272 1684 331 63 Antichristus
541 1684 186 63 erit:
666 1684 145 63 est
748 1684 248 63 obiectum
935 1684 290 63 opinionis.
1142 1684 103 63 Con

268 1742 132 59 tra
343 1742 207 59 aliquis
494 1742 226 59 opinatur
663 1742 150 59 quod
757 1742 301 59 Antichristus
1002 1742 169 59 erit:
1114 1742 169 59 illud

270 1804 144 66 tamen
366 1804 256 66 significatum
574 1804 144 66 nihil
670 1804 128 66 est:
750 1804 96 66 et
798 1804 112 66 sic
862 1804 176 66 haberet
990 1804 208 66 concedere
1150 1804 112 66 quo

273 1865 185 51 alquid
403 1865 167 51 verum
515 1865 167 51 nihil
626 1865 148 51 est.
719 1865 148 51 Ista
811 1865 204 51 scripsi
960 1865 130 51 cum
1034 1865 185 51 tedio:
1164 1865 111 51 et

268 1915 134 64 cum
344 1915 268 64 verecundia
555 1915 211 64 recito:
709 1915 115 64 ne
766 1915 249 64 diceretur
958 1915 153 64 quod
1053 1915 134 64 non
1111 1915 134 64 digna

277 1966 123 56 rer
348 1966 210 56 recitare
505 1966 158 56 socii
610 1966 158 56 dicta
715 1966 175 56 contra
838 1966 123 56 me:
908 1966 158 56 tamen
1013 1966 158 56 nihil
1118 1966 158 56 video

267 2027 121 48 in
327 2027 182 48 istis
449 2027 162 48 quod
550 2027 283 48 quemcumque
773 2027 202 48 puerum
914 2027 223 48 deberet
1076 2027 202 48 mouere

271 2076 154 55 nisi
367 2076 250 55 fortassis
559 2076 115 55 ad
617 2076 192 55 risum.
752 2076 154 55 Tnde
848 2076 212 55 propter
1002 2076 289 55 reverentiam

276 2124 259 63 dicentis
471 2124 259 63 recitabo
665 2124 151 63 sua
752 2124 216 63 dicta.
903 2124 195 63 Dicit
1033 2124 173 63 enim
1141 2124 151 63 pri

281 2186 110 57 mo
336 2186 146 57 quod
427 2186 292 57 significatum
664 2186 310 57 propositionis
920 2186 128 57 est
993 2186 128 57 res
1047 2186 201 57 distincta

321 2236 296 73 propositione
561 2236 129 73 tam
635 2236 185 73 vocali
764 2236 148 73 quam
856 2236 203 73 scripta
1004 2236 111 73 et
1059 2236 222 73 mentali.

343 2293 188 62 Secundo
479 2293 136 62 quod
565 2293 273 62 significatum
786 2293 119 62 per
855 2293 290 62 propositiones
1093 2293 119 62 est
1162 2293 119 62 pri

279 2348 128 63 mo
343 2348 214 63 scitum
493 2348 257 63 creditum
685 2348 128 63 et
750 2348 257 63 opinatum
942 2348 128 63 ac
1007 2348 278 63 dubitatum

338 2407 182 61 Tertio
465 2407 146 61 quod
557 2407 292 61 significatum
794 2407 128 61 per
867 2407 310 61 propositionem
1122 2407 128 61 est
1177 2407 73 61 ve

276 2459 140 73 rum
356 2459 140 73 vel
436 2459 220 73 falsum.
597 2459 200 73 Quarto
737 2459 160 73 quam
837 2459 140 73 est
917 2459 160 73 dare
997 2459 241 73 propositio

274 2516 132 55 nem
350 2516 170 55 veram
463 2516 170 55 cuius
577 2516 302 55 significatum
822 2516 170 55 nihil
936 2516 151 55 est:
1030 2516 113 55 et
1087 2516 170 55 tamen
1181 2516 76 55 il

277 2571 141 80 lud
358 2571 323 80 significatum
620 2571 141 80 est
701 2571 202 80 verum:
843 2571 182 80 sicut
964 2571 182 80 dicit
1085 2571 121 80 de
1126 2571 121 80 tali

278 2627 124 55 bus
349 2627 106 55 e.
402 2627 141 55 esar
490 2627 159 55 fuit.
597 2627 283 55 Antichristus
826 2627 141 55 erit
915 2627 106 55 et
968 2627 248 55 huiusmoni.
1145 2627 88 55 Con

282 2674 121 65 tra
351 2674 138 65 quod
437 2674 156 65 tamen
541 2674 173 65 nescio
662 2674 208 65 arguere:
818 2674 121 65 cum
888 2674 208 65 concedat
1043 2674 138 65 idem
1130 2674 156 65 simul

278 2741 151 54 esse
373 2741 170 54 nihil
486 2741 113 54 et
542 2741 189 54 verum:
675 2741 113 54 et
731 2741 151 54 apud
826 2741 113 54 me
882 2741 151 54 omne
977 2741 170 54 verum
1090 2741 132 54 est
1147 2741 94 54 ali

281 2795 188 56 quid.
407 2795 209 56 Quinto
553 2795 167 56 quod
658 2795 167 56 deus
763 2795 209 56 potest
909 2795 209 56 facere
1056 2795 230 56 hominem

283 2859 150 48 esse
377 2859 206 48 asinum:
527 2859 206 48 ponendo
677 2859 206 48 hominem
827 2859 112 48 et
883 2859 187 48 asinum
1014 2859 150 48 esse
1108 2859 112 48 in
1164 2859 112 48 eo

270 2903 149 68 dem
355 2903 191 68 loco.
482 2903 213 68 Contra
631 2903 213 68 primum
780 2903 191 68 arguo
908 2903 170 68 sic.
1014 2903 128 68 et
1078 2903 213 68 quaero

277 2955 160 56 quando
389 2955 144 56 dicit
485 2955 128 56 quod
566 2955 257 56 significatum
774 2955 273 56 propositionis
998 2955 112 56 est
1063 2955 112 56 res
1111 2955 128 56 distin

276 3004 116 63 cta
343 3004 83 63 a
376 3004 281 63 propositione.
607 3004 149 63 vtrum
707 3004 199 63 intendit
855 3004 132 63 quod
938 3004 248 63 generaliter
1137 3004 132 63 quod

269 3060 167 89 libet
381 3060 278 89 ngnificatum
603 3060 315 89 propositionis
862 3060 130 89 sit
936 3060 185 89 aliquo
1065 3060 130 89 una
1121 3060 111 89 res:

1272 198 187 68 sicut
1397 198 229 68 dicimus
1564 198 166 68 quod
1668 198 187 68 lapis
1792 198 146 68 est
1876 198 146 68 vna
1959 198 166 68 res:
2063 198 146 68 vel
2125 198 146 68 color

1278 260 144 63 est
1361 260 144 63 vna
1443 260 165 63 res:
1547 260 124 63 an
1609 260 248 63 intendit
1794 260 165 63 quod
1898 260 186 63 istae
2021 260 248 63 terminus
2186 260 83 63 si

1281 316 283 56 gnificatum
1503 316 344 56 propositionis
1786 316 141 56 sit
1867 316 222 56 quoddam
2029 316 182 56 nomen
2130 316 141 56 colle

1273 372 254 55 ctivum:
1458 372 301 55 supponens
1689 372 162 55 pro
1782 372 347 55 multitudine
2059 372 208 55 rerum
2175 372 92 55 si

1285 428 328 71 gnificatarum
1551 428 143 71 per
1633 428 266 71 terminos:
1837 428 184 71 sicut
1960 428 225 71 dicimus
2124 428 164 71 quod

1287 483 191 64 multi
1414 483 234 64 homines
1584 483 170 64 sunt
1691 483 170 64 vnus
1797 483 234 64 peplas:
1967 483 128 64 et
2031 483 191 64 multi
2137 483 128 64 lapi

1273 540 164 55 des
1366 540 211 55 simul
1507 540 282 55 iacentes
1719 540 188 55 sunt
1836 540 188 55 vnus
1954 540 282 55 aceruus:
2165 540 141 55 an

1281 586 215 79 intendit
1442 586 179 79 dicere
1567 586 143 79 quod
1657 586 107 79 in
1710 586 233 79 quibusdam
1889 586 340 79 propositionibus
2176 586 125 79 est

1281 644 128 64 una
1354 644 128 64 res
1427 644 164 64 sicut
1536 644 109 64 in
1591 644 182 64 istis:
1719 644 182 64 sortes
1846 644 128 64 est
1919 644 164 64 homo:
2029 644 146 64 homo
2120 644 128 64 est
2175 644 91 64 ani

1275 702 140 62 mal
1355 702 120 62 et
1415 702 300 62 consilibus:
1655 702 140 62 vbi
1735 702 140 62 non
1814 702 320 62 significatur
2074 702 160 62 nisi
2154 702 100 62 vna

1279 755 152 69 res:
1374 755 114 69 et
1431 755 114 69 in
1488 755 248 69 quibusdam
1679 755 133 69 est
1755 755 152 69 duae
1850 755 152 69 res:
1945 755 171 69 sicut
2060 755 114 69 in
2117 755 190 69 istis:

1282 803 187 80 sortes
1413 803 131 80 est
1488 803 187 80 albus:
1619 803 131 80 aer
1694 803 131 80 est
1769 803 206 80 lucidus
1919 803 112 80 et
1975 803 112 80 in
2031 803 262 80 consilibus

1284 867 140 73 ubi
1364 867 300 73 importantur
1604 867 200 73 plures
1744 867 160 73 res:
1845 867 120 73 et
1905 867 120 73 in
1965 867 260 73 quibusdam
2165 867 140 73 est

1286 924 181 69 neutro
1413 924 127 69 mod
1485 924 145 69 ocid
1576 924 127 69 est
1649 924 236 69 quarundam
1830 924 308 69 propositionum
2066 924 199 69 significa

1281 979 148 72 tum
1365 979 148 72 est
1450 979 211 72 nihil:
1597 979 211 72 Primum
1745 979 148 72 est
1829 979 190 72 nimis
1956 979 274 72 extraneum
2145 979 127 72 dice

1288 1036 97 71 re
1336 1036 193 71 scilicet
1481 1036 129 71 quod
1562 1036 193 71 cuiusque
1707 1036 274 71 propositionis
1933 1036 258 71 significatum
2142 1036 113 71 est
2190 1036 81 71 vna

1283 1084 151 79 suba
1377 1084 132 79 vel
1453 1084 226 79 accidens
1622 1084 264 79 distinctum
1829 1084 94 79 a
1867 1084 320 79 propositione.
2130 1084 132 79 Nam
2187 1084 75 79 ca

1287 1155 137 72 pio
1366 1155 254 72 veritatem
1561 1155 215 72 istius:
1718 1155 156 72 homo
1815 1155 137 72 non
1894 1155 137 72 est
1972 1155 215 72 asinus.
2128 1155 117 72 et
2167 1155 98 72 po-

1288 1212 103 63 no
1339 1212 137 63 quod
1425 1212 171 63 nullus
1544 1212 137 63 homo
1630 1212 137 63 sit:
1715 1212 120 63 nec
1784 1212 188 63 aliquis
1920 1212 171 63 asinus
2040 1212 137 63 sit:
2125 1212 171 63 quaero

1291 1251 132 81 quae
1374 1251 116 81 res
1440 1251 116 81 est
1506 1251 264 81 significatum
1721 1251 165 81 istius
1837 1251 297 81 propositionis:
2084 1251 99 81 an
2134 1251 132 81 deus
2200 1251 66 81 an

1287 1324 232 63 creatura:
1466 1324 107 63 et
1519 1324 161 63 patet
1626 1324 143 63 quod
1715 1324 125 63 non
1787 1324 125 63 est
1858 1324 161 63 maior
1965 1324 161 63 ratio
2072 1324 161 63 quare
2179 1324 125 63 sit

1283 1371 169 72 deus
1388 1371 169 72 quod
1494 1371 274 72 creatura.
1705 1371 148 72 nec
1790 1371 169 72 quod
1895 1371 148 72 vna
1980 1371 253 72 creatura
2148 1371 106 72 ma-

1278 1436 126 64 gis
1350 1436 144 64 quam
1440 1436 163 64 alia:
1549 1436 108 64 et
1603 1436 126 64 sic
1675 1436 217 64 quilibet
1838 1436 126 64 res
1910 1436 126 64 vel
1982 1436 163 64 nulla
2090 1436 144 64 erit
2163 1436 90 64 si-

1281 1491 237 73 gnificatum
1467 1491 169 73 istius
1586 1491 304 73 propositionis:
1839 1491 101 73 et
1890 1491 118 73 non
1958 1491 220 73 qualibet:
2127 1491 169 73 igitur

1285 1548 194 70 nulla:
1421 1548 175 70 prout
1537 1548 214 70 ipsemet
1693 1548 233 70 concedit
1867 1548 155 70 quod
1965 1548 253 70 quarundam
2139 1548 117 70 pro-

1289 1603 233 72 postionum
1468 1603 286 72 significatum
1701 1603 125 72 est
1772 1603 179 72 nihil:
1897 1603 161 72 sicut
2005 1603 125 72 est
2076 1603 215 72 superius

1285 1655 207 68 dictum:
1436 1655 113 68 et
1492 1655 113 68 cu
1549 1655 132 68 hoc
1624 1655 132 68 non
1700 1655 151 68 stat
1794 1655 151 68 quod
1888 1655 301 68 significatum
2114 1655 151 68 cuius-

1287 1708 149 79 libet
1387 1708 282 79 propositionis
1619 1708 116 79 est
1686 1708 199 79 aliquid:
1835 1708 133 79 nisi
1918 1708 133 79 idem
2001 1708 116 79 sit
2068 1708 183 79 aliquid
2201 1708 100 79 et

1284 1771 169 64 nihil.
1402 1771 101 64 Si
1453 1771 185 64 dicatur
1588 1771 185 64 secundo
1722 1771 135 64 modo
1807 1771 135 64 quod
1891 1771 253 64 generaliter
2093 1771 202 64 cuilibet

1281 1827 312 64 propositioni
1535 1827 254 64 corrundet
1730 1827 137 64 pro
1808 1827 293 64 significato
2042 1827 137 64 vna
2101 1827 156 64 multi-

1285 1881 130 65 tudo
1366 1881 147 65 rerum
1464 1881 294 65 significatarum
1709 1881 114 65 per
1774 1881 163 65 partes
1888 1881 277 65 propositionis
2117 1881 163 65 illius

1287 1937 121 71 hoc
1356 1937 121 71 est
1425 1937 173 71 contra
1546 1937 173 71 dictum
1666 1937 224 71 proprium:
1839 1937 207 71 dicentis
1994 1937 138 71 quod
2080 1937 207 71 alicuius

1281 1996 254 63 propositionis
1491 1996 135 63 nihil
1580 1996 105 63 est
1640 1996 254 63 significatum.
1850 1996 195 63 similiter
2000 1996 105 63 est
2059 1996 150 63 contra
2164 1996 135 63 illud

1293 2050 119 59 quod
1368 2050 119 59 ipse
1442 2050 119 59 dict
1516 2050 179 59 scilicet
1650 2050 119 59 quod
1725 2050 238 59 significatum
1919 2050 253 59 propositionis
2127 2050 104 59 est
2187 2050 104 59 res

1278 2098 284 64 distincta:
1501 2098 162 64 quia
1602 2098 183 64 nulla
1724 2098 264 64 multitudo
1927 2098 183 64 rerum
2029 2098 223 64 disconti-

1278 2153 235 67 nuatarum
1455 2153 137 67 est
1533 2153 157 67 res:
1631 2153 176 67 sicut
1748 2153 176 67 nulla
1866 2153 137 67 res
1944 2153 137 67 est
2022 2153 196 67 pplas.
2140 2153 117 67 Unde

1279 2204 253 72 multitudo
1473 2204 292 72 significata
1707 2204 136 72 per
1785 2204 175 72 istam
1902 2204 195 72 sortes
2038 2204 136 72 est
2116 2204 175 72 albus

1279 2260 126 70 vel
1351 2260 144 70 homo
1441 2260 126 70 non
1513 2260 126 70 est
1585 2260 198 70 asinus:
1729 2260 126 70 non
1800 2260 126 70 est
1872 2260 180 70 aliqua
1998 2260 144 70 res:
2088 2260 144 70 quia
2178 2260 126 70 sic

1278 2317 187 70 aliquam
1414 2317 119 70 res
1482 2317 153 70 esset
1584 2317 136 70 suba
1669 2317 102 70 et
1720 2317 221 70 accidens:
1890 2317 102 70 et
1941 2317 187 70 aliquam
2077 2317 119 70 res
2128 2317 119 70 esset

1282 2364 154 74 homo
1378 2364 116 74 et
1436 2364 212 74 asinus:
1591 2364 116 74 et
1649 2364 193 74 aliqua
1784 2364 135 74 res
1861 2364 174 74 esset
1977 2364 154 74 deus
2073 2364 116 74 et
2112 2364 135 74 diabo

1280 2424 146 67 lus:
1371 2424 146 67 quod
1462 2424 127 67 est
1535 2424 309 67 inconveniens.
1789 2424 127 67 Nec
1862 2424 237 67 similiter
2044 2424 182 67 aliqua
2153 2424 91 67 mul

1267 2484 214 64 titudo
1417 2484 150 64 est
1502 2484 172 64 deus
1610 2484 129 64 et
1674 2484 257 64 diabolus
1867 2484 172 64 Unde
1974 2484 322 64 relinquitur

1269 2532 347 79 inconveniens.
1554 2532 122 79 Si
1615 2532 204 79 tertio
1758 2532 163 79 modo
1860 2532 326 79 intelligatur
2125 2532 163 79 ista

1269 2596 212 63 positio:
1428 2596 124 63 sic
1499 2596 141 63 quod
1587 2596 212 63 alicuius
1746 2596 300 63 propositionis
1994 2596 283 63 significatum

1277 2647 129 68 sit
1350 2647 129 68 vna
1424 2647 148 68 res:
1516 2647 111 68 et
1572 2647 221 68 alicuius
1738 2647 314 68 propositionis
1996 2647 295 68 significatum

1267 2700 126 82 sit
1339 2700 234 82 multitudo
1519 2700 180 82 rerum:
1644 2700 108 82 et
1698 2700 216 82 alicuius
1860 2700 305 82 propositionis
2093 2700 162 82 signifi

1269 2764 176 71 catum
1387 2764 176 71 nihil
1504 2764 137 71 est
1582 2764 156 71 etc.
1680 2764 137 71 Sic
1758 2764 274 71 intellecta
1973 2764 156 71 ista
2071 2764 215 71 positio

1265 2819 127 64 ne
1328 2819 253 64 mirabili
1518 2819 190 64 arguo
1645 2819 148 64 sic
1729 2819 105 64 .
1771 2819 190 64 capio
1898 2819 190 64 istas
2024 2819 169 64 duas
2108 2819 127 64 pro-

1272 2867 227 82 positenes:
1450 2867 130 82 deus
1531 2867 130 82 est:
1612 2867 97 82 et
1661 2867 130 82 deus
1742 2867 114 82 non
1807 2867 130 82 est:
1888 2867 97 82 et
1937 2867 162 82 quaero
2050 2867 146 82 vtrum
2131 2867 114 82 signi

1266 2922 223 64 ficatum
1428 2922 263 64 utriusque
1630 2922 142 64 sit
1711 2922 142 64 vna
1792 2922 142 64 res
1873 2922 121 64 an
1933 2922 162 64 alia
2035 2922 121 64 et
2095 2922 182 64 alia:

1262 2972 120 82 Si
1322 2972 140 82 vna
1402 2972 140 82 res
1482 2972 140 82 sit
1563 2972 321 82 significatum
1823 2972 281 82 utriusque:
2044 2972 200 82 igitur
2164 2972 80 82 si

1261 3036 306 63 gnificatum
1501 3036 197 63 unius
1632 3036 459 63 contradictoriorum
2026 3036 153 63 est
2091 3036 153 63 signi

1256 3088 220 75 ficatum
1416 3088 260 75 alterius.
1616 3088 140 75 sed
1696 3088 240 75 secundum
1876 3088 160 75 hanc
1976 3088 260 75 opinionem
2156 3088 80 75 si
