2090 3101
306 344 495 378 albedinem
528 355 606 376 esse
636 344 667 376 in
697 354 798 385 equo,
835 347 869 376 et
898 343 964 376 hoc
995 354 1056 385 per
1087 343 1175 376 aliud
1208 353 1308 385 quam
1339 354 1399 385 per
1431 353 1555 376 nomen
1586 343 1663 382 albi,
1695 343 1785 376 velut

305 417 365 448 per
394 406 516 439 visum:
548 405 717 438 intellecta
748 405 905 438 albedine
936 416 998 446 per
1028 405 1095 438 hoc
1126 416 1261 445 nomen,
1292 404 1441 446 intelligo
1474 415 1598 446 equum
1629 416 1690 447 per
1719 405 1786 438 hoc

264 477 276 510 3
305 468 400 510 quod
432 467 622 500 albedinem
655 468 728 500 scio
762 478 840 500 esse
873 468 904 500 in
938 478 1039 509 equo,
1073 467 1106 499 id
1137 470 1189 500 est
1221 478 1281 508 per
1312 467 1401 500 aliud
1436 478 1537 509 quam
1569 478 1631 509 per
1661 477 1786 500 nomen

305 529 380 569 albi,
406 532 474 571 quo
500 532 614 562 tamen
640 539 746 571 equus
773 528 972 571 appellatur.

987 625 1104 668 [XV.]

263 696 276 717 6
393 689 436 722 M.
461 688 567 722 Vides
592 699 676 730 ergo
701 688 880 730 quomodo
905 688 1023 728 ,albus'
1053 699 1121 721 non
1151 689 1193 720 sit
1223 687 1481 729 significativum
1514 688 1585 729 eius
1610 687 1704 729 quod
1730 687 1785 720 ali¬

305 761 374 792 quo
405 750 511 783 modo
545 750 722 792 significat,
759 753 792 791 et
828 749 1007 791 quomodo
1043 750 1086 782 sit
1123 748 1364 792 appellativum
1399 749 1469 781 eius
1505 749 1597 782 cuius
1631 759 1698 781 non
1733 752 1788 781 est

304 811 588 854 significativum?

263 882 276 902 9
392 874 433 907 D.
460 875 537 907 Hoc
561 885 699 917 quoque
723 874 836 907 video.
869 873 1044 915 Significat
1074 874 1160 906 enim
1190 884 1313 915 equum
1344 877 1378 905 et
1408 883 1475 905 non
1504 872 1682 914 significat,
1708 873 1785 914 quia

304 947 372 969 non
397 947 472 969 eum
498 936 664 978 significat
688 947 750 978 per
774 946 822 976 se,
847 935 911 968 sed
934 946 997 977 per
1018 936 1118 975 aliud,
1143 939 1178 968 et
1199 939 1314 968 tamen
1336 946 1444 976 equus
1466 934 1657 977 appellatur
1677 934 1786 967 albus.

304 998 344 1031 Et
369 998 463 1040 quod
486 997 588 1031 video
613 999 645 1030 in
669 997 759 1037 albo,
788 998 854 1030 hoc
883 997 1033 1039 intelligo
1058 997 1090 1039 in
1118 998 1343 1039 grammatico
1373 1001 1408 1030 et
1436 998 1467 1030 in
1493 997 1654 1030 similibus
1679 997 1785 1030 deno-

264 1068 289 1088 12
305 1061 481 1094 minativis.
521 1060 744 1102 Quapropter
774 1060 908 1092 videtur
938 1060 1015 1092 mihi
1040 1059 1242 1101 significatio
1267 1060 1440 1092 nominum
1472 1062 1506 1092 et
1529 1059 1712 1092 verborum
1739 1059 1786 1091 sic

304 1123 406 1155 dividi
430 1133 546 1165 posse,
572 1122 666 1164 quod
691 1122 754 1155 alia
778 1123 821 1155 sit
845 1133 907 1165 per
930 1131 978 1162 se,
1004 1121 1067 1154 alia
1092 1133 1153 1164 per
1177 1121 1278 1154 aliud.

392 1184 435 1217 M.
461 1184 652 1218 Considera
677 1185 789 1224 etiam,
819 1185 978 1226 quoniam
1004 1184 1120 1216 harum
1150 1183 1292 1216 duarum
1322 1183 1605 1225 significationum
1630 1183 1682 1215 illa
1707 1194 1786 1224 quas

264 1253 288 1273 is
304 1258 365 1289 per
388 1257 426 1279 se
456 1251 519 1286 est,
550 1247 632 1288 ipsis
663 1246 805 1280 vocibus
837 1246 1068 1288 significativis
1097 1250 1151 1279 est
1180 1246 1423 1285 substantialis,
1453 1245 1559 1278 altera
1587 1256 1670 1278 vero
1700 1246 1786 1278 acci¬

303 1309 458 1342 dentalis.
490 1308 577 1342 Cum
603 1310 689 1342 enim
718 1309 750 1342 in
775 1309 971 1342 definitione
1000 1309 1143 1341 nominis
1172 1308 1226 1341 vel
1254 1308 1349 1341 verbi
1374 1308 1494 1341 dicitur
1524 1308 1600 1350 quia
1631 1311 1684 1340 est
1709 1318 1787 1346 ,vox

303 1371 547 1413 significativa',
571 1371 824 1412 intelligendum
850 1374 903 1404 est
925 1382 992 1403 non
1014 1370 1078 1403 alia
1099 1370 1347 1412 significatione
1370 1381 1471 1412 quam
1495 1381 1534 1402 ea
1560 1380 1638 1411 quae
1662 1381 1724 1412 per
1749 1381 1786 1402 se

264 1439 288 1460 is
303 1436 366 1466 est.
398 1433 485 1467 Nam
510 1433 537 1466 si
561 1433 613 1465 illa
645 1433 847 1474 significatio
872 1443 951 1475 quae
983 1436 1036 1474 est
1064 1444 1126 1474 per
1151 1432 1251 1472 aliud,
1282 1433 1314 1465 in
1340 1432 1537 1465 definitione
1566 1432 1709 1464 nominis
1734 1431 1788 1464 vel

301 1495 396 1528 verbi
420 1495 638 1537 intelligenda
663 1499 725 1534 est,
750 1495 816 1527 iam
840 1505 908 1527 non
934 1494 995 1533 erit
1020 1494 1225 1533 ,hodiernus'
1250 1505 1375 1527 nomen
1401 1493 1464 1526 sed
1489 1493 1640 1526 verbum.
1678 1492 1786 1534 Signi¬

302 1557 382 1590 ficat
413 1558 500 1590 enim
531 1557 715 1599 aliquando
747 1567 788 1589 ea
819 1555 1067 1598 significatione
1099 1556 1224 1598 aliquid
1257 1567 1333 1589 cum
1365 1560 1533 1598 tempore,
1566 1556 1652 1588 sicut
1683 1566 1787 1597 supra

261 1625 285 1645 2i
304 1618 379 1658 dixi,
405 1619 500 1660 quod
523 1630 592 1652 non
617 1619 838 1655 est.nominis
863 1618 926 1651 sed
949 1617 1056 1651 verbi.

975 1715 1107 1757 [XVI.]

391 1779 432 1811 D.
458 1779 557 1811 Patet
581 1778 675 1820 quod
701 1778 794 1810 dicis.
829 1777 900 1811 Sed
924 1788 992 1810 non
1024 1778 1096 1810 sine
1125 1777 1284 1820 scrupulo
1315 1778 1437 1819 accipit
1463 1777 1592 1809 animus
1617 1787 1786 1818 gramma-

261 1848 286 1866 2-t
302 1841 404 1873 ticum
444 1851 522 1873 esse
561 1840 769 1882 qualitatem,
809 1841 963 1882 quamvis
1005 1840 1172 1881 significet
1211 1840 1479 1881 grammaticam,
1519 1843 1578 1872 aut
1615 1839 1785 1872 hominem

302 1902 422 1942 solum,
456 1903 489 1935 id
523 1906 576 1935 est
612 1903 684 1936 sine
716 1903 950 1944 grammatica,
991 1913 1068 1935 esse
1101 1903 1371 1944 grammaticum,
1411 1902 1489 1934 licet
1522 1901 1706 1944 probatum
1743 1902 1787 1934 sit

302 1965 471 1998 hominem
496 1964 592 1997 simul
617 1968 651 1997 et
675 1965 931 2006 grammaticam
956 1976 1025 1997 non
1050 1975 1129 1997 esse
1149 1965 1424 2006 grammaticum;
1450 1964 1541 1996 unde
1566 1965 1788 2006 consequitur

261 2033 286 2052 27
302 2026 411 2059 solum
435 2026 605 2059 hominem
631 2037 709 2059 esse
731 2027 1001 2068 grammaticum,
1028 2027 1188 2069 quoniam
1213 2037 1280 2059 non
1302 2029 1421 2069 potest
1443 2037 1521 2059 esse
1543 2027 1785 2067 grammaticus

302 2089 363 2121 nisi
387 2093 445 2121 aut
469 2088 562 2121 solus
591 2093 648 2121 aut
678 2100 753 2121 cum
777 2090 1011 2130 grammatica.
1048 2089 1214 2126 Quamvis
1243 2099 1390 2130 namque
1419 2088 1632 2129 grammatici
1660 2099 1786 2120 nomen

301 2151 559 2193 significativum
584 2152 626 2184 sit
651 2152 899 2193 grammaticae:
929 2162 997 2184 non
1027 2154 1141 2184 tamen
1171 2152 1413 2183 convenienter
1438 2150 1668 2192 respondetur
1692 2161 1785 2192 quse-

260 2218 287 2238 30
301 2214 385 2246 renti
419 2213 501 2255 quid
531 2213 773 2255 grammaticus
807 2213 864 2255 sit:
898 2213 1131 2255 grammatica,
1167 2217 1224 2245 aut
1257 2213 1413 2255 qualitas.
1454 2212 1494 2245 Et
1530 2213 1558 2245 si
1591 2212 1699 2245 nullus
1731 2216 1786 2245 est
