2090 3101
410 332 450 364 D.
475 331 662 364 Persuadet
687 332 773 364 ratio
797 331 892 373 quod
917 331 1010 364 dicis.

409 393 452 425 M.
478 392 563 426 Cum
588 403 673 434 ergo
698 395 974 426 ARISTOTELES
998 394 1044 426 ita
1069 392 1174 426 dicat:
1207 404 1334 433 ,eorum
1360 405 1438 435 quae
1462 394 1649 427 secundum
1674 395 1794 427 nullam

279 464 290 483 3
320 454 589 497 complexionem
607 454 771 494 dicuntur,
793 455 958 496 singulum
979 458 1037 487 aut
1054 454 1278 488 substantiam
1296 455 1463 496 significat
1480 459 1538 488 aut
1560 457 1795 497 quantitatem'

320 519 353 549 et
384 519 513 549 cetera:
546 515 590 549 de
622 527 689 558 qua
719 516 967 558 significatione
998 516 1130 549 videtur
1161 516 1220 549 tibi
1252 516 1375 556 dicere,
1410 516 1454 549 de
1485 517 1536 550 illa
1567 528 1634 559 qua
1666 528 1727 560 per
1757 529 1795 550 se

319 577 508 619 significant
532 579 617 620 ipsae
642 589 747 611 voces
772 581 806 610 et
830 589 908 620 quae
932 578 992 611 illis
1017 582 1070 611 est
1094 578 1336 618 substantialis,
1365 590 1408 612 an
1432 578 1476 612 de
1501 579 1606 612 altera
1631 590 1710 621 quae
1734 591 1795 621 per

277 648 290 668 6
319 639 407 672 aliud
432 643 485 672 est
509 643 543 672 et
567 639 812 673 accidentalis?

406 702 447 734 D.
472 702 550 735 Non
575 703 635 734 nisi
660 702 704 734 de
728 701 780 735 illa
804 713 905 744 quam
930 701 1020 734 idem
1044 702 1119 743 ipse
1143 702 1273 735 eisdem
1295 702 1437 735 vocibus
1461 703 1574 736 inesse
1598 703 1794 736 definiendo

318 774 442 796 nomen
466 767 501 796 et
524 763 664 796 verbum
689 764 885 805 assignavit,
910 774 978 804 qua
1002 774 1063 805 per
1087 774 1125 796 se
1150 764 1350 805 significant.

276 834 289 854 9
406 825 450 858 M.
474 824 529 857 An
553 828 654 867 putas
684 824 771 858 illum
801 825 896 858 aliter
923 828 1144 866 prosecutum
1173 826 1205 858 in
1235 829 1391 865 tractatu,
1421 836 1522 867 quam
1552 827 1733 868 proposuit
1762 827 1793 858 in

317 887 492 926 divisione,
517 890 575 920 aut
603 887 747 928 aliquem
772 898 888 920 eorum
914 888 970 929 qui
994 898 1069 919 eum
1095 891 1280 929 sequentes
1305 887 1349 919 de
1374 886 1551 920 dialectica
1576 888 1793 929 scripserunt,

316 949 411 981 aliter
435 949 559 981 sentire
582 948 730 982 voluisse
754 948 798 981 de
823 949 886 981 hac
910 960 957 988 re,
982 960 1083 991 quam
1108 949 1182 991 ipse
1206 948 1338 981 sensit?

277 1019 301 1039 12
404 1011 446 1043 D.
471 1010 569 1043 Nullo
599 1010 704 1043 modo
736 1021 853 1043 eorum
882 1011 1010 1053 scripta
1041 1010 1106 1043 hoc
1137 1010 1282 1052 aliquem
1314 1011 1444 1053 opinari
1475 1011 1683 1054 permittunt,
1715 1012 1791 1053 quia

316 1083 481 1114 nusquam
506 1073 670 1105 invenitur
694 1072 812 1114 aliquis
837 1083 953 1105 eorum
979 1073 1137 1114 posuisse
1159 1072 1303 1114 aliquam
1326 1083 1447 1106 vocem
1470 1073 1515 1105 ad
1539 1073 1793 1106 ostendendum

316 1134 440 1176 aliquid
465 1134 559 1175 quod
584 1133 750 1175 significet
775 1144 836 1176 per
860 1134 959 1173 aliud,
991 1134 1054 1167 sed
1083 1145 1219 1176 semper
1248 1135 1292 1167 ad
1322 1135 1388 1168 hoc
1417 1135 1511 1177 quod
1539 1146 1601 1177 per
1629 1146 1667 1168 se
1692 1136 1792 1176 signi-

276 1204 283 1223 i
289 1205 299 1224 5
314 1195 404 1228 ficat.
429 1195 545 1229 Nullus
569 1196 656 1228 enim
678 1196 796 1228 volens
823 1200 1012 1229 monstrare
1034 1196 1258 1229 substantiam
1283 1197 1380 1238 ponit
1401 1196 1513 1229 album
1542 1200 1600 1230 aut
1624 1208 1792 1239 gramma

315 1258 427 1297 ticum,
456 1257 520 1290 sed
544 1257 588 1290 de
612 1257 775 1299 qualitate
804 1257 935 1290 docens
960 1258 1072 1290 album
1102 1262 1136 1291 et
1160 1259 1417 1299 grammaticum
1446 1258 1577 1300 profert
1606 1262 1641 1291 et
1665 1258 1792 1291 similia.

973 1363 1135 1405 [XVIII.]

273 1444 298 1464 13
401 1434 444 1467 M.
470 1434 504 1468 Si
529 1445 612 1475 ergo
637 1435 816 1476 proposita
840 1434 1005 1467 divisione
1029 1434 1173 1476 praefata
1197 1446 1316 1477 quaero
1341 1446 1360 1467 a
1382 1438 1426 1474 te,
1451 1435 1533 1477 quid
1555 1436 1598 1468 sit
1621 1446 1791 1477 gramma

313 1497 400 1529 ticus
423 1496 610 1529 secundum
634 1496 722 1529 hanc
746 1496 945 1529 divisionem
975 1500 1009 1529 et
1038 1496 1225 1529 secundum
1255 1508 1317 1530 eos
1346 1497 1402 1539 qui
1426 1496 1513 1529 illam
1539 1496 1722 1530 scribendo
1747 1496 1791 1529 de

314 1558 490 1591 dialectica
514 1562 715 1600 sequuntur:
740 1558 821 1600 quid
846 1569 976 1600 quaero,
1001 1562 1058 1591 aut
1083 1558 1164 1600 quid
1189 1559 1266 1591 mihi
1290 1558 1544 1601 respondebis?

272 1629 295 1649 2i
401 1620 443 1652 D.
468 1620 588 1652 Procul
617 1619 722 1652 dubio
754 1631 821 1652 non
853 1620 906 1652 hic
937 1623 1055 1662 potest
1086 1621 1192 1662 quaeri
1223 1621 1284 1653 nisi
1315 1624 1372 1653 aut
1404 1620 1448 1653 de
1476 1631 1564 1654 voce
1595 1624 1653 1653 aut
1682 1620 1726 1653 de
1755 1631 1793 1653 re

313 1692 414 1723 quam
436 1681 614 1722 significat.
640 1681 756 1719 Quare
773 1682 852 1723 quia
869 1685 1005 1714 constat
1022 1682 1279 1723 grammaticum
1301 1693 1369 1714 non
1391 1681 1581 1723 significare
1603 1681 1789 1715 secundum

313 1743 400 1776 hanc
430 1744 630 1777 divisionem
659 1743 828 1777 hominem
854 1744 917 1776 sed
941 1744 1208 1785 grammaticam,
1240 1744 1472 1777 incunctanter
1496 1743 1734 1786 respondebo:
1763 1744 1790 1776 si

272 1815 296 1834 2i
313 1806 437 1847 quaeris
466 1805 511 1838 de
538 1816 640 1838 voce:
672 1806 749 1848 quia
781 1809 834 1839 est
864 1816 931 1838 vox
960 1805 1154 1847 significans
1178 1806 1391 1847 qualitatem;
1423 1807 1450 1838 si
1480 1817 1563 1839 vero
1593 1806 1717 1847 quaeris
1746 1805 1790 1838 de

313 1878 363 1899 re:
388 1868 466 1909 quia
490 1870 543 1900 est
568 1867 723 1909 qualitas.

400 1928 444 1961 M.
470 1929 524 1961 An
548 1929 687 1970 ignoras
711 1930 790 1971 quia
813 1928 903 1962 idem
926 1932 1202 1962 ARISTOTELES
1226 1929 1375 1971 appellat
1397 1940 1502 1962 voces
1524 1929 1659 1962 nomine
1680 1940 1790 1961 rerum

271 2000 296 2019 27
312 2001 453 2032 quarum
487 1994 564 2023 sunt
597 1990 842 2032 significativae,
878 1994 912 2023 et
945 2002 1013 2023 non
1047 2002 1187 2032 quarum
1223 1994 1353 2024 tantum
1388 1995 1464 2023 sunt
1499 1991 1724 2033 appellativae,
1758 1992 1789 2023 in

312 2052 436 2085 eodem
460 2052 560 2092 libro;
592 2056 628 2085 ut
659 2063 734 2086 cum
764 2053 845 2086 dicit
874 2054 952 2095 quia
982 2053 1101 2092 ,omnis
1126 2053 1317 2086 substantia
1341 2053 1475 2086 videtur
1505 2053 1695 2095 significare
1723 2052 1789 2085 hoc

312 2114 457 2156 aliquid',
482 2114 516 2147 id
540 2118 593 2147 est
618 2115 727 2147 omnis
748 2126 815 2147 vox
836 2115 1029 2157 significans
1051 2114 1292 2154 substantiam;
1318 2115 1404 2147 sicut
1426 2116 1576 2147 nominat
1597 2114 1650 2147 vel
1674 2115 1790 2156 potius
