<?xml version="1.0" encoding="UTF-8" standalone="yes"?>
<PcGts xmlns="http://schema.primaresearch.org/PAGE/gts/pagecontent/2013-07-15" xmlns:xsi="http://www.w3.org/2001/XMLSchema-instance" xsi:schemaLocation="http://schema.primaresearch.org/PAGE/gts/pagecontent/2013-07-15 http://schema.primaresearch.org/PAGE/gts/pagecontent/2013-07-15/pagecontent.xsd">
    <Metadata>
        <Creator>Transkribus</Creator>
        <Created>2020-10-01T18:57:40.685+02:00</Created>
        <LastChange>2020-10-01T19:17:54.668+02:00</LastChange>
        <Comments>
                Measurement unit: pixel
                PrimaryLanguage: English
                Language: Latin
                Producer: Transkribus
            </Comments>
        <TranskribusMetadata docId="431810" pageId="17389246" pageNr="191" tsid="42350144" status="IN_PROGRESS" userId="25065" imgUrl="https://files.transkribus.eu/Get?id=MNQMVYRTZTOXVVSPMDFIAWKR&amp;fileType=view" xmlUrl="https://files.transkribus.eu/Get?id=HBWRZMOITXAFPESJBFKGOLQI" imageId="13080341"/>
    </Metadata>
    <Page imageFilename="190.jpg" imageWidth="2090" imageHeight="3101">
        <PrintSpace>
            <Coords points="300,292 1856,292 1856,2677 300,2677"/>
        </PrintSpace>
        <ReadingOrder>
            <OrderedGroup id="ro_1601572988906" caption="Regions reading order">
                <RegionRefIndexed index="0" regionRef="r_3_1"/>
                <RegionRefIndexed index="1" regionRef="r_3_2"/>
                <RegionRefIndexed index="2" regionRef="r_3_3"/>
                <RegionRefIndexed index="3" regionRef="r_3_4"/>
                <RegionRefIndexed index="4" regionRef="r_3_5"/>
                <RegionRefIndexed index="5" regionRef="r_3_6"/>
                <RegionRefIndexed index="6" regionRef="r_3_7"/>
                <RegionRefIndexed index="7" regionRef="r_3_8"/>
            </OrderedGroup>
        </ReadingOrder>
        <TextRegion type="paragraph" id="r_3_1" custom="readingOrder {index:0;}">
            <Coords points="307,396 1797,396 1797,507 307,507"/>
            <TextLine id="tl_3" primaryLanguage="English" custom="readingOrder {index:0;}">
                <Coords points="310,397 1796,397 1796,443 310,443"/>
                <Baseline points="310,435 461,434 547,434 623,423 753,433 824,432 958,432 1070,432 1280,431 1358,421 1475,431 1649,430 1796,430"/>
                <Word id="w_w2aab1b5b2b1b1ab1" language="English" custom="readingOrder {index:0;}">
                    <Coords points="310,401 461,401 461,435 310,435"/>
                    <TextEquiv>
                        <Unicode>ostendit</Unicode>
                    </TextEquiv>
                    <TextStyle fontFamily="Times New Roman" fontSize="9.0"/>
                </Word>
                <Word id="w_w2aab1b5b2b1b1ac19" language="English" custom="readingOrder {index:1;}">
                    <Coords points="493,412 547,412 547,434 493,434"/>
                    <TextEquiv>
                        <Unicode>res</Unicode>
                    </TextEquiv>
                    <TextStyle fontFamily="Times New Roman" fontSize="9.0"/>
                </Word>
                <Word id="w_w2aab1b5b2b1b1ac27" language="English" custom="readingOrder {index:2;}">
                    <Coords points="582,419 623,419 623,423 582,423"/>
                    <TextEquiv>
                        <Unicode>—</Unicode>
                    </TextEquiv>
                    <TextStyle fontFamily="Times New Roman" fontSize="9.0"/>
                </Word>
                <Word id="w_w2aab1b5b2b1b1ac31" language="English" custom="readingOrder {index:3;}">
                    <Coords points="657,400 753,400 753,442 657,442"/>
                    <TextEquiv>
                        <Unicode>quod</Unicode>
                    </TextEquiv>
                    <TextStyle fontFamily="Times New Roman" fontSize="9.0"/>
                </Word>
                <Word id="w_w2aab1b5b2b1b1ac41" language="English" custom="readingOrder {index:4;}">
                    <Coords points="788,403 824,403 824,432 788,432"/>
                    <TextEquiv>
                        <Unicode>tu</Unicode>
                    </TextEquiv>
                    <TextStyle fontFamily="Times New Roman" fontSize="9.0"/>
                </Word>
                <Word id="w_w2aab1b5b2b1b1ac47" language="English" custom="readingOrder {index:5;}">
                    <Coords points="855,399 958,399 958,442 855,442"/>
                    <TextEquiv>
                        <Unicode>paulo</Unicode>
                    </TextEquiv>
                    <TextStyle fontFamily="Times New Roman" fontSize="9.0"/>
                </Word>
                <Word id="w_w2aab1b5b2b1b1ac59" language="English" custom="readingOrder {index:6;}">
                    <Coords points="989,402 1070,402 1070,432 989,432"/>
                    <TextEquiv>
                        <Unicode>ante</Unicode>
                    </TextEquiv>
                    <TextStyle fontFamily="Times New Roman" fontSize="9.0"/>
                </Word>
                <Word id="w_w2aab1b5b2b1b1ac69" language="English" custom="readingOrder {index:7;}">
                    <Coords points="1102,399 1280,399 1280,432 1102,432"/>
                    <TextEquiv>
                        <Unicode>meministi</Unicode>
                    </TextEquiv>
                    <TextStyle fontFamily="Times New Roman" fontSize="9.0"/>
                </Word>
                <Word id="w_w2aab1b5b2b1b1ac89" language="English" custom="readingOrder {index:8;}">
                    <Coords points="1317,417 1358,417 1358,421 1317,421"/>
                    <TextEquiv>
                        <Unicode>—</Unicode>
                    </TextEquiv>
                    <TextStyle fontFamily="Times New Roman" fontSize="9.0"/>
                </Word>
                <Word id="w_w2aab1b5b2b1b1ac93" language="English" custom="readingOrder {index:9;}">
                    <Coords points="1394,398 1475,398 1475,432 1394,432"/>
                    <TextEquiv>
                        <Unicode>solis</Unicode>
                    </TextEquiv>
                    <TextStyle fontFamily="Times New Roman" fontSize="9.0"/>
                </Word>
                <Word id="w_w2aab1b5b2b1b1ad105" language="English" custom="readingOrder {index:10;}">
                    <Coords points="1506,397 1649,397 1649,431 1506,431"/>
                    <TextEquiv>
                        <Unicode>vocibus</Unicode>
                    </TextEquiv>
                    <TextStyle fontFamily="Times New Roman" fontSize="9.0"/>
                </Word>
                <Word id="w_w2aab1b5b2b1b1ad121" language="English" custom="readingOrder {index:11;}">
                    <Coords points="1681,408 1796,408 1796,430 1681,430"/>
                    <TextEquiv>
                        <Unicode>earum</Unicode>
                    </TextEquiv>
                    <TextStyle fontFamily="Times New Roman" fontSize="9.0"/>
                </Word>
                <TextEquiv>
                    <Unicode>ostendit res — quod tu paulo ante meministi — solis vocibus earum</Unicode>
                </TextEquiv>
                <TextStyle fontFamily="Times New Roman" fontSize="9.0"/>
            </TextLine>
            <TextLine id="tl_4" primaryLanguage="English" custom="readingOrder {index:1;}">
                <Coords points="308,460 1080,460 1080,506 308,506"/>
                <Baseline points="308,497 542,496 601,495 723,495 816,494 1080,494"/>
                <Word id="w_w2aab1b5b2b1b3ab1" language="English" custom="readingOrder {index:0;}">
                    <Coords points="308,463 542,463 542,506 308,506"/>
                    <TextEquiv>
                        <Unicode>significativis</Unicode>
                    </TextEquiv>
                    <TextStyle fontFamily="Times New Roman" fontSize="9.0"/>
                </Word>
                <Word id="w_w2aab1b5b2b1b3ac31" language="English" custom="readingOrder {index:1;}">
                    <Coords points="567,465 601,465 601,497 567,497"/>
                    <TextEquiv>
                        <Unicode>et</Unicode>
                    </TextEquiv>
                    <TextStyle fontFamily="Times New Roman" fontSize="9.0"/>
                </Word>
                <Word id="w_w2aab1b5b2b1b3ac37" language="English" custom="readingOrder {index:2;}">
                    <Coords points="626,473 723,473 723,505 626,505"/>
                    <TextEquiv>
                        <Unicode>saepe</Unicode>
                    </TextEquiv>
                    <TextStyle fontFamily="Times New Roman" fontSize="9.0"/>
                </Word>
                <Word id="w_w2aab1b5b2b1b3ac49" language="English" custom="readingOrder {index:3;}">
                    <Coords points="747,473 816,473 816,495 747,495"/>
                    <TextEquiv>
                        <Unicode>non</Unicode>
                    </TextEquiv>
                    <TextStyle fontFamily="Times New Roman" fontSize="9.0"/>
                </Word>
                <Word id="w_w2aab1b5b2b1b3ac57" language="English" custom="readingOrder {index:4;}">
                    <Coords points="840,460 1080,460 1080,504 840,504"/>
                    <TextEquiv>
                        <Unicode>appellativis?</Unicode>
                    </TextEquiv>
                    <TextStyle fontFamily="Times New Roman" fontSize="9.0"/>
                </Word>
                <TextEquiv>
                    <Unicode>significativis et saepe non appellativis?</Unicode>
                </TextEquiv>
                <TextStyle fontFamily="Times New Roman" fontSize="9.0"/>
            </TextLine>
            <TextEquiv>
                <Unicode>ostendit res — quod tu paulo ante meministi — solis vocibus earum
significativis et saepe non appellativis?</Unicode>
            </TextEquiv>
        </TextRegion>
        <TextRegion type="paragraph" id="r_3_2" custom="readingOrder {index:1;}">
            <Coords points="306,525 1799,525 1799,760 306,760"/>
            <TextLine id="tl_5" primaryLanguage="English" custom="readingOrder {index:0;}">
                <Coords points="397,526 1796,526 1796,572 397,572"/>
                <Baseline points="397,563 438,563 543,563 634,562 817,562 995,561 1145,560 1246,560 1443,559 1516,560 1631,559 1728,560 1796,559"/>
                <Word id="w_w2aab1b5b2b3b1ab1" language="English" custom="readingOrder {index:0;}">
                    <Coords points="397,530 438,530 438,563 397,563"/>
                    <TextEquiv>
                        <Unicode>D.</Unicode>
                    </TextEquiv>
                    <TextStyle fontFamily="Times New Roman" fontSize="9.0"/>
                </Word>
                <Word id="w_w2aab1b5b2b3b1ab7" language="English" custom="readingOrder {index:1;}">
                    <Coords points="465,530 543,530 543,563 465,563"/>
                    <TextEquiv>
                        <Unicode>Non</Unicode>
                    </TextEquiv>
                    <TextStyle fontFamily="Times New Roman" fontSize="9.0"/>
                </Word>
                <Word id="w_w2aab1b5b2b3b1ac15" language="English" custom="readingOrder {index:2;}">
                    <Coords points="568,528 634,528 634,562 568,562"/>
                    <TextEquiv>
                        <Unicode>hoc</Unicode>
                    </TextEquiv>
                    <TextStyle fontFamily="Times New Roman" fontSize="9.0"/>
                </Word>
                <Word id="w_w2aab1b5b2b3b1ac23" language="English" custom="readingOrder {index:3;}">
                    <Coords points="658,529 817,529 817,571 658,571"/>
                    <TextEquiv>
                        <Unicode>ignorare</Unicode>
                    </TextEquiv>
                    <TextStyle fontFamily="Times New Roman" fontSize="9.0"/>
                </Word>
                <Word id="w_w2aab1b5b2b3b1ac41" language="English" custom="readingOrder {index:4;}">
                    <Coords points="841,539 995,539 995,571 841,571"/>
                    <TextEquiv>
                        <Unicode>possum.</Unicode>
                    </TextEquiv>
                    <TextStyle fontFamily="Times New Roman" fontSize="9.0"/>
                </Word>
                <Word id="w_w2aab1b5b2b3b1ac57" language="English" custom="readingOrder {index:5;}">
                    <Coords points="1027,527 1145,527 1145,566 1027,566"/>
                    <TextEquiv>
                        <Unicode>Quare</Unicode>
                    </TextEquiv>
                    <TextStyle fontFamily="Times New Roman" fontSize="9.0"/>
                </Word>
                <Word id="w_w2aab1b5b2b3b1ac69" language="English" custom="readingOrder {index:6;}">
                    <Coords points="1174,528 1246,528 1246,560 1174,560"/>
                    <TextEquiv>
                        <Unicode>sive</Unicode>
                    </TextEquiv>
                    <TextStyle fontFamily="Times New Roman" fontSize="9.0"/>
                </Word>
                <Word id="w_w2aab1b5b2b3b1ac79" language="English" custom="readingOrder {index:7;}">
                    <Coords points="1270,531 1443,531 1443,569 1270,569"/>
                    <TextEquiv>
                        <Unicode>quaeratur</Unicode>
                    </TextEquiv>
                    <TextStyle fontFamily="Times New Roman" fontSize="9.0"/>
                </Word>
                <Word id="w_w2aab1b5b2b3b1ac99" language="English" custom="readingOrder {index:8;}">
                    <Coords points="1472,527 1516,527 1516,560 1472,560"/>
                    <TextEquiv>
                        <Unicode>de</Unicode>
                    </TextEquiv>
                    <TextStyle fontFamily="Times New Roman" fontSize="9.0"/>
                </Word>
                <Word id="w_w2aab1b5b2b3b1ad105" language="English" custom="readingOrder {index:9;}">
                    <Coords points="1544,537 1631,537 1631,559 1544,559"/>
                    <TextEquiv>
                        <Unicode>voce</Unicode>
                    </TextEquiv>
                    <TextStyle fontFamily="Times New Roman" fontSize="9.0"/>
                </Word>
                <Word id="w_w2aab1b5b2b3b1ad115" language="English" custom="readingOrder {index:10;}">
                    <Coords points="1656,527 1728,527 1728,560 1656,560"/>
                    <TextEquiv>
                        <Unicode>sive</Unicode>
                    </TextEquiv>
                    <TextStyle fontFamily="Times New Roman" fontSize="9.0"/>
                </Word>
                <Word id="w_w2aab1b5b2b3b1ad125" language="English" custom="readingOrder {index:11;}">
                    <Coords points="1752,526 1796,526 1796,559 1752,559"/>
                    <TextEquiv>
                        <Unicode>de</Unicode>
                    </TextEquiv>
                    <TextStyle fontFamily="Times New Roman" fontSize="9.0"/>
                </Word>
                <TextEquiv>
                    <Unicode>D. Non hoc ignorare possum. Quare sive quaeratur de voce sive de</Unicode>
                </TextEquiv>
                <TextStyle fontFamily="Times New Roman" fontSize="9.0"/>
            </TextLine>
            <TextLine id="tl_6" primaryLanguage="English" custom="readingOrder {index:1;}">
                <Coords points="307,588 1798,588 1798,634 307,634"/>
                <Baseline points="307,625 359,625 460,625 649,623 755,624 822,623 1089,622 1301,622 1509,622 1797,621"/>
                <Word id="w_w2aab1b5b2b3b3ab1" language="English" custom="readingOrder {index:0;}">
                    <Coords points="307,603 359,603 359,625 307,625"/>
                    <TextEquiv>
                        <Unicode>re:</Unicode>
                    </TextEquiv>
                    <TextStyle fontFamily="Times New Roman" fontSize="9.0"/>
                </Word>
                <Word id="w_w2aab1b5b2b3b3ab9" language="English" custom="readingOrder {index:1;}">
                    <Coords points="385,603 460,603 460,625 385,625"/>
                    <TextEquiv>
                        <Unicode>cum</Unicode>
                    </TextEquiv>
                    <TextStyle fontFamily="Times New Roman" fontSize="9.0"/>
                </Word>
                <Word id="w_w2aab1b5b2b3b3ac17" language="English" custom="readingOrder {index:2;}">
                    <Coords points="487,592 649,592 649,634 487,634"/>
                    <TextEquiv>
                        <Unicode>quaeritur</Unicode>
                    </TextEquiv>
                    <TextStyle fontFamily="Times New Roman" fontSize="9.0"/>
                </Word>
                <Word id="w_w2aab1b5b2b3b3ac37" language="English" custom="readingOrder {index:3;}">
                    <Coords points="672,590 755,590 755,633 672,633"/>
                    <TextEquiv>
                        <Unicode>quid</Unicode>
                    </TextEquiv>
                    <TextStyle fontFamily="Times New Roman" fontSize="9.0"/>
                </Word>
                <Word id="w_w2aab1b5b2b3b3ac47" language="English" custom="readingOrder {index:4;}">
                    <Coords points="779,591 822,591 822,623 779,623"/>
                    <TextEquiv>
                        <Unicode>sit</Unicode>
                    </TextEquiv>
                    <TextStyle fontFamily="Times New Roman" fontSize="9.0"/>
                </Word>
                <Word id="w_w2aab1b5b2b3b3ac55" language="English" custom="readingOrder {index:5;}">
                    <Coords points="845,591 1089,591 1089,632 845,632"/>
                    <TextEquiv>
                        <Unicode>grammaticus</Unicode>
                    </TextEquiv>
                    <TextStyle fontFamily="Times New Roman" fontSize="9.0"/>
                </Word>
                <Word id="w_w2aab1b5b2b3b3ac79" language="English" custom="readingOrder {index:6;}">
                    <Coords points="1113,589 1301,589 1301,623 1113,623"/>
                    <TextEquiv>
                        <Unicode>secundum</Unicode>
                    </TextEquiv>
                    <TextStyle fontFamily="Times New Roman" fontSize="9.0"/>
                </Word>
                <Word id="w_w2aab1b5b2b3b3ac97" language="English" custom="readingOrder {index:7;}">
                    <Coords points="1326,592 1509,592 1509,622 1326,622"/>
                    <TextEquiv>
                        <Unicode>tractatum</Unicode>
                    </TextEquiv>
                    <TextStyle fontFamily="Times New Roman" fontSize="9.0"/>
                </Word>
                <Word id="w_w2aab1b5b2b3b3ad117" language="English" custom="readingOrder {index:8;}">
                    <Coords points="1533,591 1797,591 1797,622 1533,622"/>
                    <TextEquiv>
                        <Unicode>ARISTOTELIS</Unicode>
                    </TextEquiv>
                    <TextStyle fontFamily="Times New Roman" fontSize="9.0"/>
                </Word>
                <TextEquiv>
                    <Unicode>re: cum quaeritur quid sit grammaticus secundum tractatum ARISTOTELIS</Unicode>
                </TextEquiv>
                <TextStyle fontFamily="Times New Roman" fontSize="9.0"/>
            </TextLine>
            <TextLine id="tl_7" primaryLanguage="English" custom="readingOrder {index:2;}">
                <Coords points="309,650 1798,650 1798,697 309,697"/>
                <Baseline points="309,688 343,687 557,687 752,686 860,692 983,685 1257,684 1447,691 1515,684 1653,683 1798,673"/>
                <Word id="w_w2aab1b5b2b3b5ab1" language="English" custom="readingOrder {index:0;}">
                    <Coords points="309,659 343,659 343,688 309,688"/>
                    <TextEquiv>
                        <Unicode>et</Unicode>
                    </TextEquiv>
                    <TextStyle fontFamily="Times New Roman" fontSize="9.0"/>
                </Word>
                <Word id="w_w2aab1b5b2b3b5ab7" language="English" custom="readingOrder {index:1;}">
                    <Coords points="369,654 557,654 557,688 369,688"/>
                    <TextEquiv>
                        <Unicode>secundum</Unicode>
                    </TextEquiv>
                    <TextStyle fontFamily="Times New Roman" fontSize="9.0"/>
                </Word>
                <Word id="w_w2aab1b5b2b3b5ac25" language="English" custom="readingOrder {index:2;}">
                    <Coords points="583,664 752,664 752,696 583,696"/>
                    <TextEquiv>
                        <Unicode>sequaces</Unicode>
                    </TextEquiv>
                    <TextStyle fontFamily="Times New Roman" fontSize="9.0"/>
                </Word>
                <Word id="w_w2aab1b5b2b3b5ac43" language="English" custom="readingOrder {index:3;}">
                    <Coords points="777,654 860,654 860,692 777,692"/>
                    <TextEquiv>
                        <Unicode>eius,</Unicode>
                    </TextEquiv>
                    <TextStyle fontFamily="Times New Roman" fontSize="9.0"/>
                </Word>
                <Word id="w_w2aab1b5b2b3b5ac55" language="English" custom="readingOrder {index:4;}">
                    <Coords points="889,656 983,656 983,686 889,686"/>
                    <TextEquiv>
                        <Unicode>recte</Unicode>
                    </TextEquiv>
                    <TextStyle fontFamily="Times New Roman" fontSize="9.0"/>
                </Word>
                <Word id="w_w2aab1b5b2b3b5ac67" language="English" custom="readingOrder {index:5;}">
                    <Coords points="1013,651 1257,651 1257,694 1013,694"/>
                    <TextEquiv>
                        <Unicode>respondetur:</Unicode>
                    </TextEquiv>
                    <TextStyle fontFamily="Times New Roman" fontSize="9.0"/>
                </Word>
                <Word id="w_w2aab1b5b2b3b5ac93" language="English" custom="readingOrder {index:6;}">
                    <Coords points="1287,651 1447,651 1447,693 1287,693"/>
                    <TextEquiv>
                        <Unicode>qualitas;</Unicode>
                    </TextEquiv>
                    <TextStyle fontFamily="Times New Roman" fontSize="9.0"/>
                </Word>
                <Word id="w_w2aab1b5b2b3b5ad113" language="English" custom="readingOrder {index:7;}">
                    <Coords points="1480,654 1515,654 1515,684 1480,684"/>
                    <TextEquiv>
                        <Unicode>et</Unicode>
                    </TextEquiv>
                    <TextStyle fontFamily="Times New Roman" fontSize="9.0"/>
                </Word>
                <Word id="w_w2aab1b5b2b3b5ad119" language="English" custom="readingOrder {index:8;}">
                    <Coords points="1539,654 1653,654 1653,683 1539,683"/>
                    <TextEquiv>
                        <Unicode>tamen</Unicode>
                    </TextEquiv>
                    <TextStyle fontFamily="Times New Roman" fontSize="9.0"/>
                </Word>
                <Word id="w_w2aab1b5b2b3b5ad131" language="English" custom="readingOrder {index:9;}">
                    <Coords points="1678,661 1798,661 1798,683 1678,683"/>
                    <TextEquiv>
                        <Unicode>secun¬</Unicode>
                    </TextEquiv>
                    <TextStyle fontFamily="Times New Roman" fontSize="9.0"/>
                </Word>
                <TextEquiv>
                    <Unicode>et secundum sequaces eius, recte respondetur: qualitas; et tamen secun¬</Unicode>
                </TextEquiv>
                <TextStyle fontFamily="Times New Roman" fontSize="9.0"/>
            </TextLine>
            <TextLine id="tl_8" primaryLanguage="English" custom="readingOrder {index:3;}">
                <Coords points="308,713 1092,713 1092,759 308,759"/>
                <Baseline points="308,750 389,750 680,748 786,748 864,748 1092,747"/>
                <Word id="w_w2aab1b5b2b3b7ab1" language="English" custom="readingOrder {index:0;}">
                    <Coords points="308,716 389,716 389,750 308,750"/>
                    <TextEquiv>
                        <Unicode>dum</Unicode>
                    </TextEquiv>
                    <TextStyle fontFamily="Times New Roman" fontSize="9.0"/>
                </Word>
                <Word id="w_w2aab1b5b2b3b7ab9" language="English" custom="readingOrder {index:1;}">
                    <Coords points="415,715 680,715 680,759 415,759"/>
                    <TextEquiv>
                        <Unicode>appellationem</Unicode>
                    </TextEquiv>
                    <TextStyle fontFamily="Times New Roman" fontSize="9.0"/>
                </Word>
                <Word id="w_w2aab1b5b2b3b7ac37" language="English" custom="readingOrder {index:2;}">
                    <Coords points="705,726 786,726 786,749 705,749"/>
                    <TextEquiv>
                        <Unicode>vere</Unicode>
                    </TextEquiv>
                    <TextStyle fontFamily="Times New Roman" fontSize="9.0"/>
                </Word>
                <Word id="w_w2aab1b5b2b3b7ac47" language="English" custom="readingOrder {index:3;}">
                    <Coords points="810,719 864,719 864,748 810,748"/>
                    <TextEquiv>
                        <Unicode>est</Unicode>
                    </TextEquiv>
                    <TextStyle fontFamily="Times New Roman" fontSize="9.0"/>
                </Word>
                <Word id="w_w2aab1b5b2b3b7ac55" language="English" custom="readingOrder {index:4;}">
                    <Coords points="888,714 1092,714 1092,748 888,748"/>
                    <TextEquiv>
                        <Unicode>substantia.</Unicode>
                    </TextEquiv>
                    <TextStyle fontFamily="Times New Roman" fontSize="9.0"/>
                </Word>
                <TextEquiv>
                    <Unicode>dum appellationem vere est substantia.</Unicode>
                </TextEquiv>
                <TextStyle fontFamily="Times New Roman" fontSize="9.0"/>
            </TextLine>
            <TextEquiv>
                <Unicode>D. Non hoc ignorare possum. Quare sive quaeratur de voce sive de
re: cum quaeritur quid sit grammaticus secundum tractatum ARISTOTELIS
et secundum sequaces eius, recte respondetur: qualitas; et tamen secun¬
dum appellationem vere est substantia.</Unicode>
            </TextEquiv>
        </TextRegion>
        <TextRegion type="paragraph" id="r_3_3" custom="readingOrder {index:2;}">
            <Coords points="308,777 1802,777 1802,1263 308,1263"/>
            <TextLine id="tl_9" primaryLanguage="English" custom="readingOrder {index:0;}">
                <Coords points="398,778 1799,778 1799,825 398,825"/>
                <Baseline points="398,816 443,816 516,816 604,816 707,815 817,814 981,815 1067,813 1196,813 1316,813 1507,812 1627,811 1799,811"/>
                <Word id="w_w2aab1b5b2b5b1ab1" language="English" custom="readingOrder {index:0;}">
                    <Coords points="398,783 443,783 443,816 398,816"/>
                    <TextEquiv>
                        <Unicode>M.</Unicode>
                    </TextEquiv>
                    <TextStyle fontFamily="Times New Roman" fontSize="9.0"/>
                </Word>
                <Word id="w_w2aab1b5b2b5b1ab7" language="English" custom="readingOrder {index:1;}">
                    <Coords points="468,783 516,783 516,816 468,816"/>
                    <TextEquiv>
                        <Unicode>Ita</Unicode>
                    </TextEquiv>
                    <TextStyle fontFamily="Times New Roman" fontSize="9.0"/>
                </Word>
                <Word id="w_w2aab1b5b2b5b1ac15" language="English" custom="readingOrder {index:2;}">
                    <Coords points="540,786 604,786 604,817 540,817"/>
                    <TextEquiv>
                        <Unicode>est.</Unicode>
                    </TextEquiv>
                    <TextStyle fontFamily="Times New Roman" fontSize="9.0"/>
                </Word>
                <Word id="w_w2aab1b5b2b5b1ac25" language="English" custom="readingOrder {index:3;}">
                    <Coords points="630,782 707,782 707,816 630,816"/>
                    <TextEquiv>
                        <Unicode>Non</Unicode>
                    </TextEquiv>
                    <TextStyle fontFamily="Times New Roman" fontSize="9.0"/>
                </Word>
                <Word id="w_w2aab1b5b2b5b1ac33" language="English" custom="readingOrder {index:4;}">
                    <Coords points="730,782 817,782 817,815 730,815"/>
                    <TextEquiv>
                        <Unicode>enim</Unicode>
                    </TextEquiv>
                    <TextStyle fontFamily="Times New Roman" fontSize="9.0"/>
                </Word>
                <Word id="w_w2aab1b5b2b5b1ac43" language="English" custom="readingOrder {index:5;}">
                    <Coords points="841,792 981,792 981,815 841,815"/>
                    <TextEquiv>
                        <Unicode>movere</Unicode>
                    </TextEquiv>
                    <TextStyle fontFamily="Times New Roman" fontSize="9.0"/>
                </Word>
                <Word id="w_w2aab1b5b2b5b1ac57" language="English" custom="readingOrder {index:6;}">
                    <Coords points="1002,791 1067,791 1067,814 1002,814"/>
                    <TextEquiv>
                        <Unicode>nos</Unicode>
                    </TextEquiv>
                    <TextStyle fontFamily="Times New Roman" fontSize="9.0"/>
                </Word>
                <Word id="w_w2aab1b5b2b5b1ac65" language="English" custom="readingOrder {index:7;}">
                    <Coords points="1088,780 1196,780 1196,814 1088,814"/>
                    <TextEquiv>
                        <Unicode>debet</Unicode>
                    </TextEquiv>
                    <TextStyle fontFamily="Times New Roman" fontSize="9.0"/>
                </Word>
                <Word id="w_w2aab1b5b2b5b1ac77" language="English" custom="readingOrder {index:8;}">
                    <Coords points="1220,779 1316,779 1316,823 1220,823"/>
                    <TextEquiv>
                        <Unicode>quod</Unicode>
                    </TextEquiv>
                    <TextStyle fontFamily="Times New Roman" fontSize="9.0"/>
                </Word>
                <Word id="w_w2aab1b5b2b5b1ac87" language="English" custom="readingOrder {index:9;}">
                    <Coords points="1340,779 1507,779 1507,813 1340,813"/>
                    <TextEquiv>
                        <Unicode>dialectici</Unicode>
                    </TextEquiv>
                    <TextStyle fontFamily="Times New Roman" fontSize="9.0"/>
                </Word>
                <Word id="w_w2aab1b5b2b5b1ad109" language="English" custom="readingOrder {index:10;}">
                    <Coords points="1532,778 1627,778 1627,811 1532,811"/>
                    <TextEquiv>
                        <Unicode>aliter</Unicode>
                    </TextEquiv>
                    <TextStyle fontFamily="Times New Roman" fontSize="9.0"/>
                </Word>
                <Word id="w_w2aab1b5b2b5b1ad123" language="English" custom="readingOrder {index:11;}">
                    <Coords points="1647,778 1799,778 1799,811 1647,811"/>
                    <TextEquiv>
                        <Unicode>scribunt</Unicode>
                    </TextEquiv>
                    <TextStyle fontFamily="Times New Roman" fontSize="9.0"/>
                </Word>
                <TextEquiv>
                    <Unicode>M. Ita est. Non enim movere nos debet quod dialectici aliter scribunt</Unicode>
                </TextEquiv>
                <TextStyle fontFamily="Times New Roman" fontSize="9.0"/>
            </TextLine>
            <TextLine id="tl_10" primaryLanguage="English" custom="readingOrder {index:1;}">
                <Coords points="309,840 1799,840 1799,887 309,887"/>
                <Baseline points="309,879 354,879 523,878 736,877 861,877 964,876 1239,882 1367,874 1439,874 1601,873 1799,873"/>
                <Word id="w_w2aab1b5b2b5b3ab1" language="English" custom="readingOrder {index:0;}">
                    <Coords points="309,845 354,845 354,879 309,879"/>
                    <TextEquiv>
                        <Unicode>de</Unicode>
                    </TextEquiv>
                    <TextStyle fontFamily="Times New Roman" fontSize="9.0"/>
                </Word>
                <Word id="w_w2aab1b5b2b5b3ab7" language="English" custom="readingOrder {index:1;}">
                    <Coords points="379,845 523,845 523,879 379,879"/>
                    <TextEquiv>
                        <Unicode>vocibus</Unicode>
                    </TextEquiv>
                    <TextStyle fontFamily="Times New Roman" fontSize="9.0"/>
                </Word>
                <Word id="w_w2aab1b5b2b5b3ac23" language="English" custom="readingOrder {index:2;}">
                    <Coords points="547,844 736,844 736,879 547,879"/>
                    <TextEquiv>
                        <Unicode>secundum</Unicode>
                    </TextEquiv>
                    <TextStyle fontFamily="Times New Roman" fontSize="9.0"/>
                </Word>
                <Word id="w_w2aab1b5b2b5b3ac41" language="English" custom="readingOrder {index:3;}">
                    <Coords points="766,843 861,843 861,886 766,886"/>
                    <TextEquiv>
                        <Unicode>quod</Unicode>
                    </TextEquiv>
                    <TextStyle fontFamily="Times New Roman" fontSize="9.0"/>
                </Word>
                <Word id="w_w2aab1b5b2b5b3ac51" language="English" custom="readingOrder {index:4;}">
                    <Coords points="886,847 964,847 964,877 886,877"/>
                    <TextEquiv>
                        <Unicode>sunt</Unicode>
                    </TextEquiv>
                    <TextStyle fontFamily="Times New Roman" fontSize="9.0"/>
                </Word>
                <Word id="w_w2aab1b5b2b5b3ac61" language="English" custom="readingOrder {index:5;}">
                    <Coords points="993,842 1239,842 1239,886 993,886"/>
                    <TextEquiv>
                        <Unicode>significativae,</Unicode>
                    </TextEquiv>
                    <TextStyle fontFamily="Times New Roman" fontSize="9.0"/>
                </Word>
                <Word id="w_w2aab1b5b2b5b3ac93" language="English" custom="readingOrder {index:6;}">
                    <Coords points="1271,842 1367,842 1367,875 1271,875"/>
                    <TextEquiv>
                        <Unicode>aliter</Unicode>
                    </TextEquiv>
                    <TextStyle fontFamily="Times New Roman" fontSize="9.0"/>
                </Word>
                <Word id="w_w2aab1b5b2b5b3ad107" language="English" custom="readingOrder {index:7;}">
                    <Coords points="1390,842 1439,842 1439,874 1390,874"/>
                    <TextEquiv>
                        <Unicode>eis</Unicode>
                    </TextEquiv>
                    <TextStyle fontFamily="Times New Roman" fontSize="9.0"/>
                </Word>
                <Word id="w_w2aab1b5b2b5b3ad115" language="English" custom="readingOrder {index:8;}">
                    <Coords points="1463,844 1601,844 1601,874 1463,874"/>
                    <TextEquiv>
                        <Unicode>utuntur</Unicode>
                    </TextEquiv>
                    <TextStyle fontFamily="Times New Roman" fontSize="9.0"/>
                </Word>
                <Word id="w_w2aab1b5b2b5b3ad131" language="English" custom="readingOrder {index:9;}">
                    <Coords points="1623,840 1799,840 1799,883 1623,883"/>
                    <TextEquiv>
                        <Unicode>loquendo</Unicode>
                    </TextEquiv>
                    <TextStyle fontFamily="Times New Roman" fontSize="9.0"/>
                </Word>
                <TextEquiv>
                    <Unicode>de vocibus secundum quod sunt significativae, aliter eis utuntur loquendo</Unicode>
                </TextEquiv>
                <TextStyle fontFamily="Times New Roman" fontSize="9.0"/>
            </TextLine>
            <TextLine id="tl_11" primaryLanguage="English" custom="readingOrder {index:2;}">
                <Coords points="309,902 1799,902 1799,950 309,950"/>
                <Baseline points="309,941 500,940 620,940 723,939 975,946 1032,939 1091,938 1328,937 1446,937 1587,936 1799,935"/>
                <Word id="w_w2aab1b5b2b5b5ab1" language="English" custom="readingOrder {index:0;}">
                    <Coords points="309,907 500,907 500,941 309,941"/>
                    <TextEquiv>
                        <Unicode>secundum</Unicode>
                    </TextEquiv>
                    <TextStyle fontFamily="Times New Roman" fontSize="9.0"/>
                </Word>
                <Word id="w_w2aab1b5b2b5b5ac19" language="English" custom="readingOrder {index:1;}">
                    <Coords points="524,906 620,906 620,950 524,950"/>
                    <TextEquiv>
                        <Unicode>quod</Unicode>
                    </TextEquiv>
                    <TextStyle fontFamily="Times New Roman" fontSize="9.0"/>
                </Word>
                <Word id="w_w2aab1b5b2b5b5ac29" language="English" custom="readingOrder {index:2;}">
                    <Coords points="645,910 723,910 723,940 645,940"/>
                    <TextEquiv>
                        <Unicode>sunt</Unicode>
                    </TextEquiv>
                    <TextStyle fontFamily="Times New Roman" fontSize="9.0"/>
                </Word>
                <Word id="w_w2aab1b5b2b5b5ac39" language="English" custom="readingOrder {index:3;}">
                    <Coords points="747,906 975,906 975,949 747,949"/>
                    <TextEquiv>
                        <Unicode>appellativae,</Unicode>
                    </TextEquiv>
                    <TextStyle fontFamily="Times New Roman" fontSize="9.0"/>
                </Word>
                <Word id="w_w2aab1b5b2b5b5ac67" language="English" custom="readingOrder {index:4;}">
                    <Coords points="1005,907 1032,907 1032,939 1005,939"/>
                    <TextEquiv>
                        <Unicode>si</Unicode>
                    </TextEquiv>
                    <TextStyle fontFamily="Times New Roman" fontSize="9.0"/>
                </Word>
                <Word id="w_w2aab1b5b2b5b5ac73" language="English" custom="readingOrder {index:5;}">
                    <Coords points="1056,908 1091,908 1091,938 1056,938"/>
                    <TextEquiv>
                        <Unicode>et</Unicode>
                    </TextEquiv>
                    <TextStyle fontFamily="Times New Roman" fontSize="9.0"/>
                </Word>
                <Word id="w_w2aab1b5b2b5b5ac79" language="English" custom="readingOrder {index:6;}">
                    <Coords points="1115,905 1328,905 1328,947 1115,947"/>
                    <TextEquiv>
                        <Unicode>grammatici</Unicode>
                    </TextEquiv>
                    <TextStyle fontFamily="Times New Roman" fontSize="9.0"/>
                </Word>
                <Word id="w_w2aab1b5b2b5b5ad101" language="English" custom="readingOrder {index:7;}">
                    <Coords points="1356,903 1446,903 1446,937 1356,937"/>
                    <TextEquiv>
                        <Unicode>aliud</Unicode>
                    </TextEquiv>
                    <TextStyle fontFamily="Times New Roman" fontSize="9.0"/>
                </Word>
                <Word id="w_w2aab1b5b2b5b5ad113" language="English" custom="readingOrder {index:8;}">
                    <Coords points="1471,903 1587,903 1587,937 1471,937"/>
                    <TextEquiv>
                        <Unicode>dicunt</Unicode>
                    </TextEquiv>
                    <TextStyle fontFamily="Times New Roman" fontSize="9.0"/>
                </Word>
                <Word id="w_w2aab1b5b2b5b5ad127" language="English" custom="readingOrder {index:9;}">
                    <Coords points="1611,902 1799,902 1799,936 1611,936"/>
                    <TextEquiv>
                        <Unicode>secundum</Unicode>
                    </TextEquiv>
                    <TextStyle fontFamily="Times New Roman" fontSize="9.0"/>
                </Word>
                <TextEquiv>
                    <Unicode>secundum quod sunt appellativae, si et grammatici aliud dicunt secundum</Unicode>
                </TextEquiv>
                <TextStyle fontFamily="Times New Roman" fontSize="9.0"/>
            </TextLine>
            <TextLine id="tl_12" primaryLanguage="English" custom="readingOrder {index:3;}">
                <Coords points="309,964 1799,964 1799,1011 309,1011"/>
                <Baseline points="309,1003 454,1003 621,1008 742,1002 962,1001 1104,1000 1301,1000 1466,999 1622,999 1799,998"/>
                <Word id="w_w2aab1b5b2b5b7ab1" language="English" custom="readingOrder {index:0;}">
                    <Coords points="309,969 454,969 454,1003 309,1003"/>
                    <TextEquiv>
                        <Unicode>formam</Unicode>
                    </TextEquiv>
                    <TextStyle fontFamily="Times New Roman" fontSize="9.0"/>
                </Word>
                <Word id="w_w2aab1b5b2b5b7ac15" language="English" custom="readingOrder {index:1;}">
                    <Coords points="485,980 621,980 621,1008 485,1008"/>
                    <TextEquiv>
                        <Unicode>vocum,</Unicode>
                    </TextEquiv>
                    <TextStyle fontFamily="Times New Roman" fontSize="9.0"/>
                </Word>
                <Word id="w_w2aab1b5b2b5b7ac29" language="English" custom="readingOrder {index:2;}">
                    <Coords points="653,968 742,968 742,1002 653,1002"/>
                    <TextEquiv>
                        <Unicode>aliud</Unicode>
                    </TextEquiv>
                    <TextStyle fontFamily="Times New Roman" fontSize="9.0"/>
                </Word>
                <Word id="w_w2aab1b5b2b5b7ac41" language="English" custom="readingOrder {index:3;}">
                    <Coords points="773,968 962,968 962,1002 773,1002"/>
                    <TextEquiv>
                        <Unicode>secundum</Unicode>
                    </TextEquiv>
                    <TextStyle fontFamily="Times New Roman" fontSize="9.0"/>
                </Word>
                <Word id="w_w2aab1b5b2b5b7ac59" language="English" custom="readingOrder {index:4;}">
                    <Coords points="994,978 1104,978 1104,1001 994,1001"/>
                    <TextEquiv>
                        <Unicode>rerum</Unicode>
                    </TextEquiv>
                    <TextStyle fontFamily="Times New Roman" fontSize="9.0"/>
                </Word>
                <Word id="w_w2aab1b5b2b5b7ac71" language="English" custom="readingOrder {index:5;}">
                    <Coords points="1135,970 1301,970 1301,1000 1135,1000"/>
                    <TextEquiv>
                        <Unicode>naturam.</Unicode>
                    </TextEquiv>
                    <TextStyle fontFamily="Times New Roman" fontSize="9.0"/>
                </Word>
                <Word id="w_w2aab1b5b2b5b7ac89" language="English" custom="readingOrder {index:6;}">
                    <Coords points="1341,966 1466,966 1466,1000 1341,1000"/>
                    <TextEquiv>
                        <Unicode>Dicunt</Unicode>
                    </TextEquiv>
                    <TextStyle fontFamily="Times New Roman" fontSize="9.0"/>
                </Word>
                <Word id="w_w2aab1b5b2b5b7ad103" language="English" custom="readingOrder {index:7;}">
                    <Coords points="1494,966 1622,966 1622,1008 1494,1008"/>
                    <TextEquiv>
                        <Unicode>quippe</Unicode>
                    </TextEquiv>
                    <TextStyle fontFamily="Times New Roman" fontSize="9.0"/>
                </Word>
                <Word id="w_w2aab1b5b2b5b7ad117" language="English" custom="readingOrder {index:8;}">
                    <Coords points="1650,964 1799,964 1799,1008 1650,1008"/>
                    <TextEquiv>
                        <Unicode>lapidem</Unicode>
                    </TextEquiv>
                    <TextStyle fontFamily="Times New Roman" fontSize="9.0"/>
                </Word>
                <TextEquiv>
                    <Unicode>formam vocum, aliud secundum rerum naturam. Dicunt quippe lapidem</Unicode>
                </TextEquiv>
                <TextStyle fontFamily="Times New Roman" fontSize="9.0"/>
            </TextLine>
            <TextLine id="tl_13" primaryLanguage="English" custom="readingOrder {index:4;}">
                <Coords points="310,1028 1799,1028 1799,1075 310,1075"/>
                <Baseline points="310,1066 389,1065 589,1064 757,1071 915,1064 1094,1070 1323,1062 1459,1062 1600,1068 1659,1060 1799,1061"/>
                <Word id="w_w2aab1b5b2b5b9ab1" language="English" custom="readingOrder {index:0;}">
                    <Coords points="310,1043 389,1043 389,1066 310,1066"/>
                    <TextEquiv>
                        <Unicode>esse</Unicode>
                    </TextEquiv>
                    <TextStyle fontFamily="Times New Roman" fontSize="9.0"/>
                </Word>
                <Word id="w_w2aab1b5b2b5b9ac11" language="English" custom="readingOrder {index:1;}">
                    <Coords points="414,1032 589,1032 589,1065 414,1065"/>
                    <TextEquiv>
                        <Unicode>masculini</Unicode>
                    </TextEquiv>
                    <TextStyle fontFamily="Times New Roman" fontSize="9.0"/>
                </Word>
                <Word id="w_w2aab1b5b2b5b9ac31" language="English" custom="readingOrder {index:2;}">
                    <Coords points="610,1032 757,1032 757,1073 610,1073"/>
                    <TextEquiv>
                        <Unicode>generis,</Unicode>
                    </TextEquiv>
                    <TextStyle fontFamily="Times New Roman" fontSize="9.0"/>
                </Word>
                <Word id="w_w2aab1b5b2b5b9ac49" language="English" custom="readingOrder {index:3;}">
                    <Coords points="781,1034 915,1034 915,1074 781,1074"/>
                    <TextEquiv>
                        <Unicode>petram</Unicode>
                    </TextEquiv>
                    <TextStyle fontFamily="Times New Roman" fontSize="9.0"/>
                </Word>
                <Word id="w_w2aab1b5b2b5b9ac63" language="English" custom="readingOrder {index:4;}">
                    <Coords points="937,1030 1094,1030 1094,1070 937,1070"/>
                    <TextEquiv>
                        <Unicode>feminini,</Unicode>
                    </TextEquiv>
                    <TextStyle fontFamily="Times New Roman" fontSize="9.0"/>
                </Word>
                <Word id="w_w2aab1b5b2b5b9ac83" language="English" custom="readingOrder {index:5;}">
                    <Coords points="1120,1029 1323,1029 1323,1072 1120,1072"/>
                    <TextEquiv>
                        <Unicode>mancipium</Unicode>
                    </TextEquiv>
                    <TextStyle fontFamily="Times New Roman" fontSize="9.0"/>
                </Word>
                <Word id="w_w2aab1b5b2b5b9ad103" language="English" custom="readingOrder {index:6;}">
                    <Coords points="1346,1032 1459,1032 1459,1062 1346,1062"/>
                    <TextEquiv>
                        <Unicode>autem</Unicode>
                    </TextEquiv>
                    <TextStyle fontFamily="Times New Roman" fontSize="9.0"/>
                </Word>
                <Word id="w_w2aab1b5b2b5b9ad115" language="English" custom="readingOrder {index:7;}">
                    <Coords points="1481,1028 1600,1028 1600,1068 1481,1068"/>
                    <TextEquiv>
                        <Unicode>neutri,</Unicode>
                    </TextEquiv>
                    <TextStyle fontFamily="Times New Roman" fontSize="9.0"/>
                </Word>
                <Word id="w_w2aab1b5b2b5b9ad131" language="English" custom="readingOrder {index:8;}">
                    <Coords points="1625,1031 1659,1031 1659,1061 1625,1061"/>
                    <TextEquiv>
                        <Unicode>et</Unicode>
                    </TextEquiv>
                    <TextStyle fontFamily="Times New Roman" fontSize="9.0"/>
                </Word>
                <Word id="w_w2aab1b5b2b5b9ad137" language="English" custom="readingOrder {index:9;}">
                    <Coords points="1681,1028 1799,1028 1799,1061 1681,1061"/>
                    <TextEquiv>
                        <Unicode>timere</Unicode>
                    </TextEquiv>
                    <TextStyle fontFamily="Times New Roman" fontSize="9.0"/>
                </Word>
                <TextEquiv>
                    <Unicode>esse masculini generis, petram feminini, mancipium autem neutri, et timere</Unicode>
                </TextEquiv>
                <TextStyle fontFamily="Times New Roman" fontSize="9.0"/>
            </TextLine>
            <TextLine id="tl_14" primaryLanguage="English" custom="readingOrder {index:5;}">
                <Coords points="310,1089 1800,1089 1800,1137 310,1137"/>
                <Baseline points="310,1127 469,1135 610,1127 721,1127 931,1133 1040,1126 1173,1125 1297,1124 1407,1124 1585,1123 1800,1122"/>
                <Word id="w_w2aab1b5b2b5c11ab1" language="English" custom="readingOrder {index:0;}">
                    <Coords points="310,1095 469,1095 469,1135 310,1135"/>
                    <TextEquiv>
                        <Unicode>activum,</Unicode>
                    </TextEquiv>
                    <TextStyle fontFamily="Times New Roman" fontSize="9.0"/>
                </Word>
                <Word id="w_w2aab1b5b2b5c11ac19" language="English" custom="readingOrder {index:1;}">
                    <Coords points="501,1094 610,1094 610,1128 501,1128"/>
                    <TextEquiv>
                        <Unicode>timeri</Unicode>
                    </TextEquiv>
                    <TextStyle fontFamily="Times New Roman" fontSize="9.0"/>
                </Word>
                <Word id="w_w2aab1b5b2b5c11ac33" language="English" custom="readingOrder {index:2;}">
                    <Coords points="638,1104 721,1104 721,1127 638,1127"/>
                    <TextEquiv>
                        <Unicode>vero</Unicode>
                    </TextEquiv>
                    <TextStyle fontFamily="Times New Roman" fontSize="9.0"/>
                </Word>
                <Word id="w_w2aab1b5b2b5c11ac43" language="English" custom="readingOrder {index:3;}">
                    <Coords points="746,1094 931,1094 931,1136 746,1136"/>
                    <TextEquiv>
                        <Unicode>passivum,</Unicode>
                    </TextEquiv>
                    <TextStyle fontFamily="Times New Roman" fontSize="9.0"/>
                </Word>
                <Word id="w_w2aab1b5b2b5c11ac63" language="English" custom="readingOrder {index:4;}">
                    <Coords points="963,1103 1040,1103 1040,1126 963,1126"/>
                    <TextEquiv>
                        <Unicode>cum</Unicode>
                    </TextEquiv>
                    <TextStyle fontFamily="Times New Roman" fontSize="9.0"/>
                </Word>
                <Word id="w_w2aab1b5b2b5c11ac71" language="English" custom="readingOrder {index:5;}">
                    <Coords points="1071,1103 1173,1103 1173,1125 1071,1125"/>
                    <TextEquiv>
                        <Unicode>nemo</Unicode>
                    </TextEquiv>
                    <TextStyle fontFamily="Times New Roman" fontSize="9.0"/>
                </Word>
                <Word id="w_w2aab1b5b2b5c11ac81" language="English" custom="readingOrder {index:6;}">
                    <Coords points="1205,1091 1297,1091 1297,1125 1205,1125"/>
                    <TextEquiv>
                        <Unicode>dicat</Unicode>
                    </TextEquiv>
                    <TextStyle fontFamily="Times New Roman" fontSize="9.0"/>
                </Word>
                <Word id="w_w2aab1b5b2b5c11ac93" language="English" custom="readingOrder {index:7;}">
                    <Coords points="1328,1102 1407,1102 1407,1125 1328,1125"/>
                    <TextEquiv>
                        <Unicode>esse</Unicode>
                    </TextEquiv>
                    <TextStyle fontFamily="Times New Roman" fontSize="9.0"/>
                </Word>
                <Word id="w_w2aab1b5b2b5c11ad103" language="English" custom="readingOrder {index:8;}">
                    <Coords points="1435,1090 1585,1090 1585,1134 1435,1134"/>
                    <TextEquiv>
                        <Unicode>lapidem</Unicode>
                    </TextEquiv>
                    <TextStyle fontFamily="Times New Roman" fontSize="9.0"/>
                </Word>
                <Word id="w_w2aab1b5b2b5c11ad119" language="English" custom="readingOrder {index:9;}">
                    <Coords points="1614,1089 1800,1089 1800,1123 1614,1123"/>
                    <TextEquiv>
                        <Unicode>masculum</Unicode>
                    </TextEquiv>
                    <TextStyle fontFamily="Times New Roman" fontSize="9.0"/>
                </Word>
                <TextEquiv>
                    <Unicode>activum, timeri vero passivum, cum nemo dicat esse lapidem masculum</Unicode>
                </TextEquiv>
                <TextStyle fontFamily="Times New Roman" fontSize="9.0"/>
            </TextLine>
            <TextLine id="tl_15" primaryLanguage="English" custom="readingOrder {index:6;}">
                <Coords points="311,1152 1801,1152 1801,1200 311,1200"/>
                <Baseline points="311,1190 369,1189 527,1190 707,1189 788,1188 1014,1188 1095,1187 1301,1187 1387,1187 1577,1193 1661,1186 1801,1186"/>
                <Word id="w_w2aab1b5b2b5c13ab1" language="English" custom="readingOrder {index:0;}">
                    <Coords points="311,1160 369,1160 369,1190 311,1190"/>
                    <TextEquiv>
                        <Unicode>aut</Unicode>
                    </TextEquiv>
                    <TextStyle fontFamily="Times New Roman" fontSize="9.0"/>
                </Word>
                <Word id="w_w2aab1b5b2b5c13ab9" language="English" custom="readingOrder {index:1;}">
                    <Coords points="394,1160 527,1160 527,1200 394,1200"/>
                    <TextEquiv>
                        <Unicode>petram</Unicode>
                    </TextEquiv>
                    <TextStyle fontFamily="Times New Roman" fontSize="9.0"/>
                </Word>
                <Word id="w_w2aab1b5b2b5c13ac23" language="English" custom="readingOrder {index:2;}">
                    <Coords points="549,1157 707,1157 707,1190 549,1190"/>
                    <TextEquiv>
                        <Unicode>feminam</Unicode>
                    </TextEquiv>
                    <TextStyle fontFamily="Times New Roman" fontSize="9.0"/>
                </Word>
                <Word id="w_w2aab1b5b2b5c13ac39" language="English" custom="readingOrder {index:3;}">
                    <Coords points="730,1159 788,1159 788,1189 730,1189"/>
                    <TextEquiv>
                        <Unicode>aut</Unicode>
                    </TextEquiv>
                    <TextStyle fontFamily="Times New Roman" fontSize="9.0"/>
                </Word>
                <Word id="w_w2aab1b5b2b5c13ac47" language="English" custom="readingOrder {index:4;}">
                    <Coords points="810,1156 1014,1156 1014,1198 810,1198"/>
                    <TextEquiv>
                        <Unicode>mancipium</Unicode>
                    </TextEquiv>
                    <TextStyle fontFamily="Times New Roman" fontSize="9.0"/>
                </Word>
                <Word id="w_w2aab1b5b2b5c13ac67" language="English" custom="readingOrder {index:5;}">
                    <Coords points="1031,1164 1095,1164 1095,1188 1031,1188"/>
                    <TextEquiv>
                        <Unicode>nec</Unicode>
                    </TextEquiv>
                    <TextStyle fontFamily="Times New Roman" fontSize="9.0"/>
                </Word>
                <Word id="w_w2aab1b5b2b5c13ac75" language="English" custom="readingOrder {index:6;}">
                    <Coords points="1115,1154 1301,1154 1301,1187 1115,1187"/>
                    <TextEquiv>
                        <Unicode>masculum</Unicode>
                    </TextEquiv>
                    <TextStyle fontFamily="Times New Roman" fontSize="9.0"/>
                </Word>
                <Word id="w_w2aab1b5b2b5c13ac93" language="English" custom="readingOrder {index:7;}">
                    <Coords points="1323,1165 1387,1165 1387,1187 1323,1187"/>
                    <TextEquiv>
                        <Unicode>nec</Unicode>
                    </TextEquiv>
                    <TextStyle fontFamily="Times New Roman" fontSize="9.0"/>
                </Word>
                <Word id="w_w2aab1b5b2b5c13ad101" language="English" custom="readingOrder {index:8;}">
                    <Coords points="1408,1153 1577,1153 1577,1193 1408,1193"/>
                    <TextEquiv>
                        <Unicode>feminam,</Unicode>
                    </TextEquiv>
                    <TextStyle fontFamily="Times New Roman" fontSize="9.0"/>
                </Word>
                <Word id="w_w2aab1b5b2b5c13ad119" language="English" custom="readingOrder {index:9;}">
                    <Coords points="1603,1156 1661,1156 1661,1186 1603,1186"/>
                    <TextEquiv>
                        <Unicode>aut</Unicode>
                    </TextEquiv>
                    <TextStyle fontFamily="Times New Roman" fontSize="9.0"/>
                </Word>
                <Word id="w_w2aab1b5b2b5c13ad127" language="English" custom="readingOrder {index:10;}">
                    <Coords points="1684,1153 1801,1153 1801,1186 1684,1186"/>
                    <TextEquiv>
                        <Unicode>timere</Unicode>
                    </TextEquiv>
                    <TextStyle fontFamily="Times New Roman" fontSize="9.0"/>
                </Word>
                <TextEquiv>
                    <Unicode>aut petram feminam aut mancipium nec masculum nec feminam, aut timere</Unicode>
                </TextEquiv>
                <TextStyle fontFamily="Times New Roman" fontSize="9.0"/>
            </TextLine>
            <TextLine id="tl_16" primaryLanguage="English" custom="readingOrder {index:7;}">
                <Coords points="311,1218 815,1218 815,1262 311,1262"/>
                <Baseline points="311,1252 435,1259 570,1252 709,1251 815,1251"/>
                <Word id="w_w2aab1b5b2b5c15ab1" language="English" custom="readingOrder {index:0;}">
                    <Coords points="311,1219 435,1219 435,1259 311,1259"/>
                    <TextEquiv>
                        <Unicode>facere,</Unicode>
                    </TextEquiv>
                    <TextStyle fontFamily="Times New Roman" fontSize="9.0"/>
                </Word>
                <Word id="w_w2aab1b5b2b5c15ac17" language="English" custom="readingOrder {index:1;}">
                    <Coords points="462,1220 570,1220 570,1253 462,1253"/>
                    <TextEquiv>
                        <Unicode>timeri</Unicode>
                    </TextEquiv>
                    <TextStyle fontFamily="Times New Roman" fontSize="9.0"/>
                </Word>
                <Word id="w_w2aab1b5b2b5c15ac31" language="English" custom="readingOrder {index:2;}">
                    <Coords points="593,1222 709,1222 709,1252 593,1252"/>
                    <TextEquiv>
                        <Unicode>autem</Unicode>
                    </TextEquiv>
                    <TextStyle fontFamily="Times New Roman" fontSize="9.0"/>
                </Word>
                <Word id="w_w2aab1b5b2b5c15ac43" language="English" custom="readingOrder {index:3;}">
                    <Coords points="732,1219 815,1219 815,1261 732,1261"/>
                    <TextEquiv>
                        <Unicode>pati.</Unicode>
                    </TextEquiv>
                    <TextStyle fontFamily="Times New Roman" fontSize="9.0"/>
                </Word>
                <TextEquiv>
                    <Unicode>facere, timeri autem pati.</Unicode>
                </TextEquiv>
                <TextStyle fontFamily="Times New Roman" fontSize="9.0"/>
            </TextLine>
            <TextEquiv>
                <Unicode>M. Ita est. Non enim movere nos debet quod dialectici aliter scribunt
de vocibus secundum quod sunt significativae, aliter eis utuntur loquendo
secundum quod sunt appellativae, si et grammatici aliud dicunt secundum
formam vocum, aliud secundum rerum naturam. Dicunt quippe lapidem
esse masculini generis, petram feminini, mancipium autem neutri, et timere
activum, timeri vero passivum, cum nemo dicat esse lapidem masculum
aut petram feminam aut mancipium nec masculum nec feminam, aut timere
facere, timeri autem pati.</Unicode>
            </TextEquiv>
        </TextRegion>
        <TextRegion type="paragraph" id="r_3_4" custom="readingOrder {index:3;}">
            <Coords points="984,1322 1121,1322 1121,1368 984,1368"/>
            <TextLine id="tl_17" primaryLanguage="English" custom="readingOrder {index:0;}">
                <Coords points="985,1323 1120,1323 1120,1367 985,1367"/>
                <Baseline points="985,1366 1120,1366"/>
                <Word id="w_w2aab1b5b2b7b1ab1" language="English" custom="readingOrder {index:0;}">
                    <Coords points="985,1323 1120,1323 1120,1366 985,1366"/>
                    <TextEquiv>
                        <Unicode>[XIX.]</Unicode>
                    </TextEquiv>
                    <TextStyle fontFamily="Times New Roman" fontSize="10.0" italic="true"/>
                </Word>
                <TextEquiv>
                    <Unicode>[XIX.]</Unicode>
                </TextEquiv>
                <TextStyle fontFamily="Times New Roman" fontSize="10.0" italic="true"/>
            </TextLine>
            <TextEquiv>
                <Unicode>[XIX.]</Unicode>
            </TextEquiv>
        </TextRegion>
        <TextRegion type="paragraph" id="r_3_5" custom="readingOrder {index:4;}">
            <Coords points="311,1401 1805,1401 1805,2011 311,2011"/>
            <TextLine id="tl_18" primaryLanguage="English" custom="readingOrder {index:0;}">
                <Coords points="402,1402 1801,1402 1801,1448 402,1448"/>
                <Baseline points="402,1439 444,1439 602,1438 719,1438 827,1438 912,1438 975,1437 1045,1438 1155,1437 1298,1436 1487,1437 1690,1435 1801,1435"/>
                <Word id="w_w2aab1b5b2b9b1ab1" language="English" custom="readingOrder {index:0;}">
                    <Coords points="402,1406 444,1406 444,1439 402,1439"/>
                    <TextEquiv>
                        <Unicode>D.</Unicode>
                    </TextEquiv>
                    <TextStyle fontFamily="Times New Roman" fontSize="9.0"/>
                </Word>
                <Word id="w_w2aab1b5b2b9b1ab7" language="English" custom="readingOrder {index:1;}">
                    <Coords points="469,1406 602,1406 602,1448 469,1448"/>
                    <TextEquiv>
                        <Unicode>Aperta</Unicode>
                    </TextEquiv>
                    <TextStyle fontFamily="Times New Roman" fontSize="9.0"/>
                </Word>
                <Word id="w_w2aab1b5b2b9b1ac21" language="English" custom="readingOrder {index:2;}">
                    <Coords points="632,1406 719,1406 719,1438 632,1438"/>
                    <TextEquiv>
                        <Unicode>ratio</Unicode>
                    </TextEquiv>
                    <TextStyle fontFamily="Times New Roman" fontSize="9.0"/>
                </Word>
                <Word id="w_w2aab1b5b2b9b1ac33" language="English" custom="readingOrder {index:3;}">
                    <Coords points="750,1405 827,1405 827,1438 750,1438"/>
                    <TextEquiv>
                        <Unicode>nihil</Unicode>
                    </TextEquiv>
                    <TextStyle fontFamily="Times New Roman" fontSize="9.0"/>
                </Word>
                <Word id="w_w2aab1b5b2b9b1ac45" language="English" custom="readingOrder {index:4;}">
                    <Coords points="858,1416 912,1416 912,1438 858,1438"/>
                    <TextEquiv>
                        <Unicode>me</Unicode>
                    </TextEquiv>
                    <TextStyle fontFamily="Times New Roman" fontSize="9.0"/>
                </Word>
                <Word id="w_w2aab1b5b2b9b1ac51" language="English" custom="readingOrder {index:5;}">
                    <Coords points="943,1405 975,1405 975,1437 943,1437"/>
                    <TextEquiv>
                        <Unicode>in</Unicode>
                    </TextEquiv>
                    <TextStyle fontFamily="Times New Roman" fontSize="9.0"/>
                </Word>
                <Word id="w_w2aab1b5b2b9b1ac57" language="English" custom="readingOrder {index:6;}">
                    <Coords points="1006,1405 1045,1405 1045,1438 1006,1438"/>
                    <TextEquiv>
                        <Unicode>iis</Unicode>
                    </TextEquiv>
                    <TextStyle fontFamily="Times New Roman" fontSize="9.0"/>
                </Word>
                <Word id="w_w2aab1b5b2b9b1ac65" language="English" custom="readingOrder {index:7;}">
                    <Coords points="1076,1415 1155,1415 1155,1446 1076,1446"/>
                    <TextEquiv>
                        <Unicode>quae</Unicode>
                    </TextEquiv>
                    <TextStyle fontFamily="Times New Roman" fontSize="9.0"/>
                </Word>
                <Word id="w_w2aab1b5b2b9b1ac75" language="English" custom="readingOrder {index:8;}">
                    <Coords points="1187,1403 1298,1403 1298,1437 1187,1437"/>
                    <TextEquiv>
                        <Unicode>dixisti</Unicode>
                    </TextEquiv>
                    <TextStyle fontFamily="Times New Roman" fontSize="9.0"/>
                </Word>
                <Word id="w_w2aab1b5b2b9b1ac91" language="English" custom="readingOrder {index:9;}">
                    <Coords points="1330,1403 1487,1403 1487,1437 1330,1437"/>
                    <TextEquiv>
                        <Unicode>dubitare</Unicode>
                    </TextEquiv>
                    <TextStyle fontFamily="Times New Roman" fontSize="9.0"/>
                </Word>
                <Word id="w_w2aab1b5b2b9b1ad109" language="English" custom="readingOrder {index:10;}">
                    <Coords points="1515,1403 1690,1403 1690,1445 1515,1445"/>
                    <TextEquiv>
                        <Unicode>permittit.</Unicode>
                    </TextEquiv>
                    <TextStyle fontFamily="Times New Roman" fontSize="9.0"/>
                </Word>
                <Word id="w_w2aab1b5b2b9b1ad131" language="English" custom="readingOrder {index:11;}">
                    <Coords points="1730,1402 1801,1402 1801,1436 1730,1436"/>
                    <TextEquiv>
                        <Unicode>Sed</Unicode>
                    </TextEquiv>
                    <TextStyle fontFamily="Times New Roman" fontSize="9.0"/>
                </Word>
                <TextEquiv>
                    <Unicode>D. Aperta ratio nihil me in iis quae dixisti dubitare permittit. Sed</Unicode>
                </TextEquiv>
                <TextStyle fontFamily="Times New Roman" fontSize="9.0"/>
            </TextLine>
            <TextLine id="tl_19" primaryLanguage="English" custom="readingOrder {index:1;}">
                <Coords points="312,1465 1801,1465 1801,1511 312,1511"/>
                <Baseline points="312,1501 425,1502 503,1501 573,1502 662,1501 880,1501 1000,1500 1123,1499 1292,1499 1404,1499 1456,1498 1724,1497 1801,1497"/>
                <Word id="w_w2aab1b5b2b9b3ab1" language="English" custom="readingOrder {index:0;}">
                    <Coords points="312,1468 425,1468 425,1502 312,1502"/>
                    <TextEquiv>
                        <Unicode>adhuc</Unicode>
                    </TextEquiv>
                    <TextStyle fontFamily="Times New Roman" fontSize="9.0"/>
                </Word>
                <Word id="w_w2aab1b5b2b9b3ac13" language="English" custom="readingOrder {index:1;}">
                    <Coords points="450,1472 503,1472 503,1502 450,1502"/>
                    <TextEquiv>
                        <Unicode>est</Unicode>
                    </TextEquiv>
                    <TextStyle fontFamily="Times New Roman" fontSize="9.0"/>
                </Word>
                <Word id="w_w2aab1b5b2b9b3ac21" language="English" custom="readingOrder {index:2;}">
                    <Coords points="528,1468 573,1468 573,1502 528,1502"/>
                    <TextEquiv>
                        <Unicode>de</Unicode>
                    </TextEquiv>
                    <TextStyle fontFamily="Times New Roman" fontSize="9.0"/>
                </Word>
                <Word id="w_w2aab1b5b2b9b3ac27" language="English" custom="readingOrder {index:3;}">
                    <Coords points="598,1467 662,1467 662,1501 598,1501"/>
                    <TextEquiv>
                        <Unicode>hac</Unicode>
                    </TextEquiv>
                    <TextStyle fontFamily="Times New Roman" fontSize="9.0"/>
                </Word>
                <Word id="w_w2aab1b5b2b9b3ac35" language="English" custom="readingOrder {index:4;}">
                    <Coords points="686,1469 880,1469 880,1510 686,1510"/>
                    <TextEquiv>
                        <Unicode>quaestione</Unicode>
                    </TextEquiv>
                    <TextStyle fontFamily="Times New Roman" fontSize="9.0"/>
                </Word>
                <Word id="w_w2aab1b5b2b9b3ac57" language="English" custom="readingOrder {index:5;}">
                    <Coords points="905,1467 1000,1467 1000,1510 905,1510"/>
                    <TextEquiv>
                        <Unicode>quod</Unicode>
                    </TextEquiv>
                    <TextStyle fontFamily="Times New Roman" fontSize="9.0"/>
                </Word>
                <Word id="w_w2aab1b5b2b9b3ac67" language="English" custom="readingOrder {index:6;}">
                    <Coords points="1024,1466 1123,1466 1123,1500 1024,1500"/>
                    <TextEquiv>
                        <Unicode>velim</Unicode>
                    </TextEquiv>
                    <TextStyle fontFamily="Times New Roman" fontSize="9.0"/>
                </Word>
                <Word id="w_w2aab1b5b2b9b3ac79" language="English" custom="readingOrder {index:7;}">
                    <Coords points="1148,1466 1292,1466 1292,1500 1148,1500"/>
                    <TextEquiv>
                        <Unicode>discere.</Unicode>
                    </TextEquiv>
                    <TextStyle fontFamily="Times New Roman" fontSize="9.0"/>
                </Word>
                <Word id="w_w2aab1b5b2b9b3ac97" language="English" custom="readingOrder {index:8;}">
                    <Coords points="1317,1466 1404,1466 1404,1500 1317,1500"/>
                    <TextEquiv>
                        <Unicode>Nam</Unicode>
                    </TextEquiv>
                    <TextStyle fontFamily="Times New Roman" fontSize="9.0"/>
                </Word>
                <Word id="w_w2aab1b5b2b9b3ad105" language="English" custom="readingOrder {index:9;}">
                    <Coords points="1429,1467 1456,1467 1456,1499 1429,1499"/>
                    <TextEquiv>
                        <Unicode>si</Unicode>
                    </TextEquiv>
                    <TextStyle fontFamily="Times New Roman" fontSize="9.0"/>
                </Word>
                <Word id="w_w2aab1b5b2b9b3ad111" language="English" custom="readingOrder {index:10;}">
                    <Coords points="1480,1465 1724,1465 1724,1508 1480,1508"/>
                    <TextEquiv>
                        <Unicode>grammaticus</Unicode>
                    </TextEquiv>
                    <TextStyle fontFamily="Times New Roman" fontSize="9.0"/>
                </Word>
                <Word id="w_w2aab1b5b2b9b3ad135" language="English" custom="readingOrder {index:11;}">
                    <Coords points="1748,1468 1801,1468 1801,1497 1748,1497"/>
                    <TextEquiv>
                        <Unicode>est</Unicode>
                    </TextEquiv>
                    <TextStyle fontFamily="Times New Roman" fontSize="9.0"/>
                </Word>
                <TextEquiv>
                    <Unicode>adhuc est de hac quaestione quod velim discere. Nam si grammaticus est</Unicode>
                </TextEquiv>
                <TextStyle fontFamily="Times New Roman" fontSize="9.0"/>
            </TextLine>
            <TextLine id="tl_20" primaryLanguage="English" custom="readingOrder {index:2;}">
                <Coords points="312,1526 1801,1526 1801,1573 312,1573"/>
                <Baseline points="312,1573 459,1564 568,1564 767,1563 1012,1563 1112,1562 1245,1562 1336,1561 1530,1542 1625,1560 1692,1560 1801,1549"/>
                <Word id="w_w2aab1b5b2b9b5ab1" language="English" custom="readingOrder {index:0;}">
                    <Coords points="312,1530 459,1530 459,1573 312,1573"/>
                    <TextEquiv>
                        <Unicode>qualitas</Unicode>
                    </TextEquiv>
                    <TextStyle fontFamily="Times New Roman" fontSize="9.0"/>
                </Word>
                <Word id="w_w2aab1b5b2b9b5ac19" language="English" custom="readingOrder {index:1;}">
                    <Coords points="488,1532 568,1532 568,1573 488,1573"/>
                    <TextEquiv>
                        <Unicode>quia</Unicode>
                    </TextEquiv>
                    <TextStyle fontFamily="Times New Roman" fontSize="9.0"/>
                </Word>
                <Word id="w_w2aab1b5b2b9b5ac29" language="English" custom="readingOrder {index:2;}">
                    <Coords points="597,1530 767,1530 767,1572 597,1572"/>
                    <TextEquiv>
                        <Unicode>significat</Unicode>
                    </TextEquiv>
                    <TextStyle fontFamily="Times New Roman" fontSize="9.0"/>
                </Word>
                <Word id="w_w2aab1b5b2b9b5ac51" language="English" custom="readingOrder {index:3;}">
                    <Coords points="796,1529 1012,1529 1012,1572 796,1572"/>
                    <TextEquiv>
                        <Unicode>qualitatem:</Unicode>
                    </TextEquiv>
                    <TextStyle fontFamily="Times New Roman" fontSize="9.0"/>
                </Word>
                <Word id="w_w2aab1b5b2b9b5ac75" language="English" custom="readingOrder {index:4;}">
                    <Coords points="1043,1540 1112,1540 1112,1563 1043,1563"/>
                    <TextEquiv>
                        <Unicode>non</Unicode>
                    </TextEquiv>
                    <TextStyle fontFamily="Times New Roman" fontSize="9.0"/>
                </Word>
                <Word id="w_w2aab1b5b2b9b5ac83" language="English" custom="readingOrder {index:5;}">
                    <Coords points="1142,1528 1245,1528 1245,1562 1142,1562"/>
                    <TextEquiv>
                        <Unicode>video</Unicode>
                    </TextEquiv>
                    <TextStyle fontFamily="Times New Roman" fontSize="9.0"/>
                </Word>
                <Word id="w_w2aab1b5b2b9b5ac95" language="English" custom="readingOrder {index:6;}">
                    <Coords points="1276,1539 1336,1539 1336,1562 1276,1562"/>
                    <TextEquiv>
                        <Unicode>cur</Unicode>
                    </TextEquiv>
                    <TextStyle fontFamily="Times New Roman" fontSize="9.0"/>
                </Word>
                <Word id="w_w2aab1b5b2b9b5ad103" language="English" custom="readingOrder {index:7;}">
                    <Coords points="1360,1529 1530,1529 1530,1568 1360,1568"/>
                    <TextEquiv>
                        <Unicode>,armatus'</Unicode>
                    </TextEquiv>
                    <TextStyle fontFamily="Times New Roman" fontSize="9.0"/>
                </Word>
                <Word id="w_w2aab1b5b2b9b5ad123" language="English" custom="readingOrder {index:8;}">
                    <Coords points="1555,1538 1625,1538 1625,1560 1555,1560"/>
                    <TextEquiv>
                        <Unicode>non</Unicode>
                    </TextEquiv>
                    <TextStyle fontFamily="Times New Roman" fontSize="9.0"/>
                </Word>
                <Word id="w_w2aab1b5b2b9b5ad131" language="English" custom="readingOrder {index:9;}">
                    <Coords points="1648,1528 1692,1528 1692,1560 1648,1560"/>
                    <TextEquiv>
                        <Unicode>sit</Unicode>
                    </TextEquiv>
                    <TextStyle fontFamily="Times New Roman" fontSize="9.0"/>
                </Word>
                <Word id="w_w2aab1b5b2b9b5ad139" language="English" custom="readingOrder {index:10;}">
                    <Coords points="1721,1526 1801,1526 1801,1560 1721,1560"/>
                    <TextEquiv>
                        <Unicode>sub¬</Unicode>
                    </TextEquiv>
                    <TextStyle fontFamily="Times New Roman" fontSize="9.0"/>
                </Word>
                <TextEquiv>
                    <Unicode>qualitas quia significat qualitatem: non video cur ,armatus' non sit sub¬</Unicode>
                </TextEquiv>
                <TextStyle fontFamily="Times New Roman" fontSize="9.0"/>
            </TextLine>
            <TextLine id="tl_21" primaryLanguage="English" custom="readingOrder {index:3;}">
                <Coords points="313,1589 1802,1589 1802,1636 313,1636"/>
                <Baseline points="313,1626 439,1626 548,1626 750,1625 1021,1625 1102,1625 1158,1624 1339,1624 1447,1623 1526,1622 1698,1604 1802,1622"/>
                <Word id="w_w2aab1b5b2b9b7ab1" language="English" custom="readingOrder {index:0;}">
                    <Coords points="313,1593 439,1593 439,1626 313,1626"/>
                    <TextEquiv>
                        <Unicode>stantia</Unicode>
                    </TextEquiv>
                    <TextStyle fontFamily="Times New Roman" fontSize="9.0"/>
                </Word>
                <Word id="w_w2aab1b5b2b9b7ac17" language="English" custom="readingOrder {index:1;}">
                    <Coords points="473,1604 548,1604 548,1627 473,1627"/>
                    <TextEquiv>
                        <Unicode>cum</Unicode>
                    </TextEquiv>
                    <TextStyle fontFamily="Times New Roman" fontSize="9.0"/>
                </Word>
                <Word id="w_w2aab1b5b2b9b7ac25" language="English" custom="readingOrder {index:2;}">
                    <Coords points="581,1592 750,1592 750,1635 581,1635"/>
                    <TextEquiv>
                        <Unicode>significet</Unicode>
                    </TextEquiv>
                    <TextStyle fontFamily="Times New Roman" fontSize="9.0"/>
                </Word>
                <Word id="w_w2aab1b5b2b9b7ac47" language="English" custom="readingOrder {index:3;}">
                    <Coords points="782,1592 1021,1592 1021,1626 782,1626"/>
                    <TextEquiv>
                        <Unicode>substantiam.</Unicode>
                    </TextEquiv>
                    <TextStyle fontFamily="Times New Roman" fontSize="9.0"/>
                </Word>
                <Word id="w_w2aab1b5b2b9b7ac73" language="English" custom="readingOrder {index:4;}">
                    <Coords points="1061,1590 1102,1590 1102,1625 1061,1625"/>
                    <TextEquiv>
                        <Unicode>Et</Unicode>
                    </TextEquiv>
                    <TextStyle fontFamily="Times New Roman" fontSize="9.0"/>
                </Word>
                <Word id="w_w2aab1b5b2b9b7ac79" language="English" custom="readingOrder {index:5;}">
                    <Coords points="1130,1591 1158,1591 1158,1624 1130,1624"/>
                    <TextEquiv>
                        <Unicode>si</Unicode>
                    </TextEquiv>
                    <TextStyle fontFamily="Times New Roman" fontSize="9.0"/>
                </Word>
                <Word id="w_w2aab1b5b2b9b7ac85" language="English" custom="readingOrder {index:6;}">
                    <Coords points="1189,1594 1339,1594 1339,1624 1189,1624"/>
                    <TextEquiv>
                        <Unicode>armatus</Unicode>
                    </TextEquiv>
                    <TextStyle fontFamily="Times New Roman" fontSize="9.0"/>
                </Word>
                <Word id="w_w2aab1b5b2b9b7ad101" language="English" custom="readingOrder {index:7;}">
                    <Coords points="1368,1590 1447,1590 1447,1624 1368,1624"/>
                    <TextEquiv>
                        <Unicode>ideo</Unicode>
                    </TextEquiv>
                    <TextStyle fontFamily="Times New Roman" fontSize="9.0"/>
                </Word>
                <Word id="w_w2aab1b5b2b9b7ad111" language="English" custom="readingOrder {index:8;}">
                    <Coords points="1472,1593 1526,1593 1526,1623 1472,1623"/>
                    <TextEquiv>
                        <Unicode>est</Unicode>
                    </TextEquiv>
                    <TextStyle fontFamily="Times New Roman" fontSize="9.0"/>
                </Word>
                <Word id="w_w2aab1b5b2b9b7ad119" language="English" custom="readingOrder {index:9;}">
                    <Coords points="1550,1589 1698,1589 1698,1629 1550,1629"/>
                    <TextEquiv>
                        <Unicode>,habere'</Unicode>
                    </TextEquiv>
                    <TextStyle fontFamily="Times New Roman" fontSize="9.0"/>
                </Word>
                <Word id="w_w2aab1b5b2b9b7ad137" language="English" custom="readingOrder {index:10;}">
                    <Coords points="1724,1590 1802,1590 1802,1631 1724,1631"/>
                    <TextEquiv>
                        <Unicode>quia</Unicode>
                    </TextEquiv>
                    <TextStyle fontFamily="Times New Roman" fontSize="9.0"/>
                </Word>
                <TextEquiv>
                    <Unicode>stantia cum significet substantiam. Et si armatus ideo est ,habere' quia</Unicode>
                </TextEquiv>
                <TextStyle fontFamily="Times New Roman" fontSize="9.0"/>
            </TextLine>
            <TextLine id="tl_22" primaryLanguage="English" custom="readingOrder {index:4;}">
                <Coords points="314,1651 1803,1651 1803,1699 314,1699"/>
                <Baseline points="314,1689 482,1688 650,1688 804,1688 895,1688 1169,1686 1269,1687 1342,1686 1498,1686 1606,1685 1803,1684"/>
                <Word id="w_w2aab1b5b2b9b9ab1" language="English" custom="readingOrder {index:0;}">
                    <Coords points="314,1655 482,1655 482,1698 314,1698"/>
                    <TextEquiv>
                        <Unicode>significat</Unicode>
                    </TextEquiv>
                    <TextStyle fontFamily="Times New Roman" fontSize="9.0"/>
                </Word>
                <Word id="w_w2aab1b5b2b9b9ac23" language="English" custom="readingOrder {index:1;}">
                    <Coords points="507,1655 650,1655 650,1689 507,1689"/>
                    <TextEquiv>
                        <Unicode>habere:</Unicode>
                    </TextEquiv>
                    <TextStyle fontFamily="Times New Roman" fontSize="9.0"/>
                </Word>
                <Word id="w_w2aab1b5b2b9b9ac39" language="English" custom="readingOrder {index:2;}">
                    <Coords points="682,1655 804,1655 804,1697 682,1697"/>
                    <TextEquiv>
                        <Unicode>ignoro</Unicode>
                    </TextEquiv>
                    <TextStyle fontFamily="Times New Roman" fontSize="9.0"/>
                </Word>
                <Word id="w_w2aab1b5b2b9b9ac53" language="English" custom="readingOrder {index:3;}">
                    <Coords points="836,1666 895,1666 895,1688 836,1688"/>
                    <TextEquiv>
                        <Unicode>cur</Unicode>
                    </TextEquiv>
                    <TextStyle fontFamily="Times New Roman" fontSize="9.0"/>
                </Word>
                <Word id="w_w2aab1b5b2b9b9ac61" language="English" custom="readingOrder {index:4;}">
                    <Coords points="925,1654 1169,1654 1169,1698 925,1698"/>
                    <TextEquiv>
                        <Unicode>grammaticus</Unicode>
                    </TextEquiv>
                    <TextStyle fontFamily="Times New Roman" fontSize="9.0"/>
                </Word>
                <Word id="w_w2aab1b5b2b9b9ac85" language="English" custom="readingOrder {index:5;}">
                    <Coords points="1201,1664 1269,1664 1269,1687 1201,1687"/>
                    <TextEquiv>
                        <Unicode>non</Unicode>
                    </TextEquiv>
                    <TextStyle fontFamily="Times New Roman" fontSize="9.0"/>
                </Word>
                <Word id="w_w2aab1b5b2b9b9ac93" language="English" custom="readingOrder {index:6;}">
                    <Coords points="1298,1654 1342,1654 1342,1687 1298,1687"/>
                    <TextEquiv>
                        <Unicode>sit</Unicode>
                    </TextEquiv>
                    <TextStyle fontFamily="Times New Roman" fontSize="9.0"/>
                </Word>
                <Word id="w_w2aab1b5b2b9b9ad101" language="English" custom="readingOrder {index:7;}">
                    <Coords points="1370,1653 1498,1653 1498,1687 1370,1687"/>
                    <TextEquiv>
                        <Unicode>habere</Unicode>
                    </TextEquiv>
                    <TextStyle fontFamily="Times New Roman" fontSize="9.0"/>
                </Word>
                <Word id="w_w2aab1b5b2b9b9ad115" language="English" custom="readingOrder {index:8;}">
                    <Coords points="1527,1653 1606,1653 1606,1694 1527,1694"/>
                    <TextEquiv>
                        <Unicode>quia</Unicode>
                    </TextEquiv>
                    <TextStyle fontFamily="Times New Roman" fontSize="9.0"/>
                </Word>
                <Word id="w_w2aab1b5b2b9b9ad125" language="English" custom="readingOrder {index:9;}">
                    <Coords points="1634,1651 1803,1651 1803,1694 1634,1694"/>
                    <TextEquiv>
                        <Unicode>significat</Unicode>
                    </TextEquiv>
                    <TextStyle fontFamily="Times New Roman" fontSize="9.0"/>
                </Word>
                <TextEquiv>
                    <Unicode>significat habere: ignoro cur grammaticus non sit habere quia significat</Unicode>
                </TextEquiv>
                <TextStyle fontFamily="Times New Roman" fontSize="9.0"/>
            </TextLine>
            <TextLine id="tl_23" primaryLanguage="English" custom="readingOrder {index:5;}">
                <Coords points="314,1714 1803,1714 1803,1761 314,1761"/>
                <Baseline points="314,1750 452,1751 644,1750 766,1750 1095,1749 1375,1749 1578,1747 1803,1747"/>
                <Word id="w_w2aab1b5b2b9c11ab1" language="English" custom="readingOrder {index:0;}">
                    <Coords points="314,1718 452,1718 452,1751 314,1751"/>
                    <TextEquiv>
                        <Unicode>habere.</Unicode>
                    </TextEquiv>
                    <TextStyle fontFamily="Times New Roman" fontSize="9.0"/>
                </Word>
                <Word id="w_w2aab1b5b2b9c11ac17" language="English" custom="readingOrder {index:1;}">
                    <Coords points="493,1717 644,1717 644,1752 493,1752"/>
                    <TextEquiv>
                        <Unicode>Omnino</Unicode>
                    </TextEquiv>
                    <TextStyle fontFamily="Times New Roman" fontSize="9.0"/>
                </Word>
                <Word id="w_w2aab1b5b2b9c11ac31" language="English" custom="readingOrder {index:2;}">
                    <Coords points="678,1718 766,1718 766,1751 678,1751"/>
                    <TextEquiv>
                        <Unicode>enim</Unicode>
                    </TextEquiv>
                    <TextStyle fontFamily="Times New Roman" fontSize="9.0"/>
                </Word>
                <Word id="w_w2aab1b5b2b9c11ac41" language="English" custom="readingOrder {index:3;}">
                    <Coords points="802,1717 1095,1717 1095,1760 802,1760"/>
                    <TextEquiv>
                        <Unicode>quemadmodum</Unicode>
                    </TextEquiv>
                    <TextStyle fontFamily="Times New Roman" fontSize="9.0"/>
                </Word>
                <Word id="w_w2aab1b5b2b9c11ac65" language="English" custom="readingOrder {index:4;}">
                    <Coords points="1132,1717 1375,1717 1375,1758 1132,1758"/>
                    <TextEquiv>
                        <Unicode>grammaticus</Unicode>
                    </TextEquiv>
                    <TextStyle fontFamily="Times New Roman" fontSize="9.0"/>
                </Word>
                <Word id="w_w2aab1b5b2b9c11ac89" language="English" custom="readingOrder {index:5;}">
                    <Coords points="1411,1716 1578,1716 1578,1758 1411,1758"/>
                    <TextEquiv>
                        <Unicode>probatur</Unicode>
                    </TextEquiv>
                    <TextStyle fontFamily="Times New Roman" fontSize="9.0"/>
                </Word>
                <Word id="w_w2aab1b5b2b9c11ad107" language="English" custom="readingOrder {index:6;}">
                    <Coords points="1612,1714 1803,1714 1803,1756 1612,1756"/>
                    <TextEquiv>
                        <Unicode>significare</Unicode>
                    </TextEquiv>
                    <TextStyle fontFamily="Times New Roman" fontSize="9.0"/>
                </Word>
                <TextEquiv>
                    <Unicode>habere. Omnino enim quemadmodum grammaticus probatur significare</Unicode>
                </TextEquiv>
                <TextStyle fontFamily="Times New Roman" fontSize="9.0"/>
            </TextLine>
            <TextLine id="tl_24" primaryLanguage="English" custom="readingOrder {index:6;}">
                <Coords points="314,1776 1802,1776 1802,1823 314,1823"/>
                <Baseline points="314,1823 524,1820 628,1813 821,1812 1029,1812 1266,1812 1337,1811 1510,1811 1700,1809 1802,1800"/>
                <Word id="w_w2aab1b5b2b9c13ab1" language="English" custom="readingOrder {index:0;}">
                    <Coords points="314,1780 524,1780 524,1823 314,1823"/>
                    <TextEquiv>
                        <Unicode>qualitatem,</Unicode>
                    </TextEquiv>
                    <TextStyle fontFamily="Times New Roman" fontSize="9.0"/>
                </Word>
                <Word id="w_w2aab1b5b2b9c13ac25" language="English" custom="readingOrder {index:1;}">
                    <Coords points="549,1780 628,1780 628,1823 549,1823"/>
                    <TextEquiv>
                        <Unicode>quia</Unicode>
                    </TextEquiv>
                    <TextStyle fontFamily="Times New Roman" fontSize="9.0"/>
                </Word>
                <Word id="w_w2aab1b5b2b9c13ac35" language="English" custom="readingOrder {index:2;}">
                    <Coords points="653,1779 821,1779 821,1822 653,1822"/>
                    <TextEquiv>
                        <Unicode>significat</Unicode>
                    </TextEquiv>
                    <TextStyle fontFamily="Times New Roman" fontSize="9.0"/>
                </Word>
                <Word id="w_w2aab1b5b2b9c13ac57" language="English" custom="readingOrder {index:3;}">
                    <Coords points="844,1779 1029,1779 1029,1813 844,1813"/>
                    <TextEquiv>
                        <Unicode>habentem</Unicode>
                    </TextEquiv>
                    <TextStyle fontFamily="Times New Roman" fontSize="9.0"/>
                </Word>
                <Word id="w_w2aab1b5b2b9c13ac75" language="English" custom="readingOrder {index:4;}">
                    <Coords points="1051,1778 1266,1778 1266,1821 1051,1821"/>
                    <TextEquiv>
                        <Unicode>qualitatem:</Unicode>
                    </TextEquiv>
                    <TextStyle fontFamily="Times New Roman" fontSize="9.0"/>
                </Word>
                <Word id="w_w2aab1b5b2b9c13ac99" language="English" custom="readingOrder {index:5;}">
                    <Coords points="1290,1779 1337,1779 1337,1811 1290,1811"/>
                    <TextEquiv>
                        <Unicode>ita</Unicode>
                    </TextEquiv>
                    <TextStyle fontFamily="Times New Roman" fontSize="9.0"/>
                </Word>
                <Word id="w_w2aab1b5b2b9c13ad107" language="English" custom="readingOrder {index:6;}">
                    <Coords points="1358,1781 1510,1781 1510,1811 1358,1811"/>
                    <TextEquiv>
                        <Unicode>armatus</Unicode>
                    </TextEquiv>
                    <TextStyle fontFamily="Times New Roman" fontSize="9.0"/>
                </Word>
                <Word id="w_w2aab1b5b2b9c13ad123" language="English" custom="readingOrder {index:7;}">
                    <Coords points="1530,1776 1700,1776 1700,1819 1530,1819"/>
                    <TextEquiv>
                        <Unicode>significat</Unicode>
                    </TextEquiv>
                    <TextStyle fontFamily="Times New Roman" fontSize="9.0"/>
                </Word>
                <Word id="w_w2aab1b5b2b9c13ad145" language="English" custom="readingOrder {index:8;}">
                    <Coords points="1724,1776 1802,1776 1802,1809 1724,1809"/>
                    <TextEquiv>
                        <Unicode>sub¬</Unicode>
                    </TextEquiv>
                    <TextStyle fontFamily="Times New Roman" fontSize="9.0"/>
                </Word>
                <TextEquiv>
                    <Unicode>qualitatem, quia significat habentem qualitatem: ita armatus significat sub¬</Unicode>
                </TextEquiv>
                <TextStyle fontFamily="Times New Roman" fontSize="9.0"/>
            </TextLine>
            <TextLine id="tl_25" primaryLanguage="English" custom="readingOrder {index:7;}">
                <Coords points="314,1838 1804,1838 1804,1885 314,1885"/>
                <Baseline points="314,1875 486,1882 603,1875 805,1875 1024,1875 1297,1880 1367,1873 1457,1873 1596,1872 1681,1872 1804,1871"/>
                <Word id="w_w2aab1b5b2b9c15ab1" language="English" custom="readingOrder {index:0;}">
                    <Coords points="314,1843 486,1843 486,1882 314,1882"/>
                    <TextEquiv>
                        <Unicode>stantiam,</Unicode>
                    </TextEquiv>
                    <TextStyle fontFamily="Times New Roman" fontSize="9.0"/>
                </Word>
                <Word id="w_w2aab1b5b2b9c15ac21" language="English" custom="readingOrder {index:1;}">
                    <Coords points="525,1844 603,1844 603,1885 525,1885"/>
                    <TextEquiv>
                        <Unicode>quia</Unicode>
                    </TextEquiv>
                    <TextStyle fontFamily="Times New Roman" fontSize="9.0"/>
                </Word>
                <Word id="w_w2aab1b5b2b9c15ac31" language="English" custom="readingOrder {index:2;}">
                    <Coords points="637,1842 805,1842 805,1884 637,1884"/>
                    <TextEquiv>
                        <Unicode>significat</Unicode>
                    </TextEquiv>
                    <TextStyle fontFamily="Times New Roman" fontSize="9.0"/>
                </Word>
                <Word id="w_w2aab1b5b2b9c15ac53" language="English" custom="readingOrder {index:3;}">
                    <Coords points="840,1841 1024,1841 1024,1875 840,1875"/>
                    <TextEquiv>
                        <Unicode>habentem</Unicode>
                    </TextEquiv>
                    <TextStyle fontFamily="Times New Roman" fontSize="9.0"/>
                </Word>
                <Word id="w_w2aab1b5b2b9c15ac71" language="English" custom="readingOrder {index:4;}">
                    <Coords points="1058,1841 1297,1841 1297,1880 1058,1880"/>
                    <TextEquiv>
                        <Unicode>substantiam,</Unicode>
                    </TextEquiv>
                    <TextStyle fontFamily="Times New Roman" fontSize="9.0"/>
                </Word>
                <Word id="w_w2aab1b5b2b9c15ac97" language="English" custom="readingOrder {index:5;}">
                    <Coords points="1333,1840 1367,1840 1367,1873 1333,1873"/>
                    <TextEquiv>
                        <Unicode>id</Unicode>
                    </TextEquiv>
                    <TextStyle fontFamily="Times New Roman" fontSize="9.0"/>
                </Word>
                <Word id="w_w2aab1b5b2b9c15ad103" language="English" custom="readingOrder {index:6;}">
                    <Coords points="1403,1844 1457,1844 1457,1874 1403,1874"/>
                    <TextEquiv>
                        <Unicode>est</Unicode>
                    </TextEquiv>
                    <TextStyle fontFamily="Times New Roman" fontSize="9.0"/>
                </Word>
                <Word id="w_w2aab1b5b2b9c15ad111" language="English" custom="readingOrder {index:7;}">
                    <Coords points="1492,1850 1596,1850 1596,1873 1492,1873"/>
                    <TextEquiv>
                        <Unicode>arma.</Unicode>
                    </TextEquiv>
                    <TextStyle fontFamily="Times New Roman" fontSize="9.0"/>
                </Word>
                <Word id="w_w2aab1b5b2b9c15ad123" language="English" custom="readingOrder {index:8;}">
                    <Coords points="1641,1838 1681,1838 1681,1872 1641,1872"/>
                    <TextEquiv>
                        <Unicode>Et</Unicode>
                    </TextEquiv>
                    <TextStyle fontFamily="Times New Roman" fontSize="9.0"/>
                </Word>
                <Word id="w_w2aab1b5b2b9c15ad129" language="English" custom="readingOrder {index:9;}">
                    <Coords points="1717,1839 1804,1839 1804,1872 1717,1872"/>
                    <TextEquiv>
                        <Unicode>sicut</Unicode>
                    </TextEquiv>
                    <TextStyle fontFamily="Times New Roman" fontSize="9.0"/>
                </Word>
                <TextEquiv>
                    <Unicode>stantiam, quia significat habentem substantiam, id est arma. Et sicut</Unicode>
                </TextEquiv>
                <TextStyle fontFamily="Times New Roman" fontSize="9.0"/>
            </TextLine>
            <TextLine id="tl_26" primaryLanguage="English" custom="readingOrder {index:8;}">
                <Coords points="315,1901 1804,1901 1804,1948 315,1948"/>
                <Baseline points="315,1938 464,1938 700,1937 920,1938 1083,1943 1192,1936 1384,1936 1593,1935 1727,1934 1804,1934"/>
                <Word id="w_w2aab1b5b2b9c17ab1" language="English" custom="readingOrder {index:0;}">
                    <Coords points="315,1908 464,1908 464,1938 315,1938"/>
                    <TextEquiv>
                        <Unicode>armatus</Unicode>
                    </TextEquiv>
                    <TextStyle fontFamily="Times New Roman" fontSize="9.0"/>
                </Word>
                <Word id="w_w2aab1b5b2b9c17ac17" language="English" custom="readingOrder {index:1;}">
                    <Coords points="489,1904 700,1904 700,1938 489,1938"/>
                    <TextEquiv>
                        <Unicode>convincitur</Unicode>
                    </TextEquiv>
                    <TextStyle fontFamily="Times New Roman" fontSize="9.0"/>
                </Word>
                <Word id="w_w2aab1b5b2b9c17ac41" language="English" custom="readingOrder {index:2;}">
                    <Coords points="728,1904 920,1904 920,1946 728,1946"/>
                    <TextEquiv>
                        <Unicode>significare</Unicode>
                    </TextEquiv>
                    <TextStyle fontFamily="Times New Roman" fontSize="9.0"/>
                </Word>
                <Word id="w_w2aab1b5b2b9c17ac65" language="English" custom="readingOrder {index:3;}">
                    <Coords points="944,1904 1083,1904 1083,1943 944,1943"/>
                    <TextEquiv>
                        <Unicode>habere,</Unicode>
                    </TextEquiv>
                    <TextStyle fontFamily="Times New Roman" fontSize="9.0"/>
                </Word>
                <Word id="w_w2aab1b5b2b9c17ac81" language="English" custom="readingOrder {index:4;}">
                    <Coords points="1113,1905 1192,1905 1192,1946 1113,1946"/>
                    <TextEquiv>
                        <Unicode>quia</Unicode>
                    </TextEquiv>
                    <TextStyle fontFamily="Times New Roman" fontSize="9.0"/>
                </Word>
                <Word id="w_w2aab1b5b2b9c17ac91" language="English" custom="readingOrder {index:5;}">
                    <Coords points="1216,1902 1384,1902 1384,1945 1216,1945"/>
                    <TextEquiv>
                        <Unicode>significat</Unicode>
                    </TextEquiv>
                    <TextStyle fontFamily="Times New Roman" fontSize="9.0"/>
                </Word>
                <Word id="w_w2aab1b5b2b9c17ad113" language="English" custom="readingOrder {index:6;}">
                    <Coords points="1409,1902 1593,1902 1593,1936 1409,1936"/>
                    <TextEquiv>
                        <Unicode>habentem</Unicode>
                    </TextEquiv>
                    <TextStyle fontFamily="Times New Roman" fontSize="9.0"/>
                </Word>
                <Word id="w_w2aab1b5b2b9c17ad131" language="English" custom="readingOrder {index:7;}">
                    <Coords points="1619,1913 1727,1913 1727,1935 1619,1935"/>
                    <TextEquiv>
                        <Unicode>arma:</Unicode>
                    </TextEquiv>
                    <TextStyle fontFamily="Times New Roman" fontSize="9.0"/>
                </Word>
                <Word id="w_w2aab1b5b2b9c17ad143" language="English" custom="readingOrder {index:8;}">
                    <Coords points="1755,1902 1804,1902 1804,1934 1755,1934"/>
                    <TextEquiv>
                        <Unicode>sic</Unicode>
                    </TextEquiv>
                    <TextStyle fontFamily="Times New Roman" fontSize="9.0"/>
                </Word>
                <TextEquiv>
                    <Unicode>armatus convincitur significare habere, quia significat habentem arma: sic</Unicode>
                </TextEquiv>
                <TextStyle fontFamily="Times New Roman" fontSize="9.0"/>
            </TextLine>
            <TextLine id="tl_27" primaryLanguage="English" custom="readingOrder {index:9;}">
                <Coords points="313,1964 1668,1964 1668,2010 313,2010"/>
                <Baseline points="313,2009 558,2000 751,2000 914,2007 1018,2000 1211,1998 1420,1998 1668,1998"/>
                <Word id="w_w2aab1b5b2b9c19ab1" language="English" custom="readingOrder {index:0;}">
                    <Coords points="313,1968 558,1968 558,2009 313,2009"/>
                    <TextEquiv>
                        <Unicode>grammaticus</Unicode>
                    </TextEquiv>
                    <TextStyle fontFamily="Times New Roman" fontSize="9.0"/>
                </Word>
                <Word id="w_w2aab1b5b2b9c19ac25" language="English" custom="readingOrder {index:1;}">
                    <Coords points="582,1966 751,1966 751,2009 582,2009"/>
                    <TextEquiv>
                        <Unicode>significat</Unicode>
                    </TextEquiv>
                    <TextStyle fontFamily="Times New Roman" fontSize="9.0"/>
                </Word>
                <Word id="w_w2aab1b5b2b9c19ac47" language="English" custom="readingOrder {index:2;}">
                    <Coords points="775,1967 914,1967 914,2007 775,2007"/>
                    <TextEquiv>
                        <Unicode>habere,</Unicode>
                    </TextEquiv>
                    <TextStyle fontFamily="Times New Roman" fontSize="9.0"/>
                </Word>
                <Word id="w_w2aab1b5b2b9c19ac63" language="English" custom="readingOrder {index:3;}">
                    <Coords points="939,1967 1018,1967 1018,2009 939,2009"/>
                    <TextEquiv>
                        <Unicode>quia</Unicode>
                    </TextEquiv>
                    <TextStyle fontFamily="Times New Roman" fontSize="9.0"/>
                </Word>
                <Word id="w_w2aab1b5b2b9c19ac73" language="English" custom="readingOrder {index:4;}">
                    <Coords points="1043,1966 1211,1966 1211,2008 1043,2008"/>
                    <TextEquiv>
                        <Unicode>significat</Unicode>
                    </TextEquiv>
                    <TextStyle fontFamily="Times New Roman" fontSize="9.0"/>
                </Word>
                <Word id="w_w2aab1b5b2b9c19ac95" language="English" custom="readingOrder {index:5;}">
                    <Coords points="1236,1965 1420,1965 1420,1999 1236,1999"/>
                    <TextEquiv>
                        <Unicode>habentem</Unicode>
                    </TextEquiv>
                    <TextStyle fontFamily="Times New Roman" fontSize="9.0"/>
                </Word>
                <Word id="w_w2aab1b5b2b9c19ad113" language="English" custom="readingOrder {index:6;}">
                    <Coords points="1446,1964 1668,1964 1668,2007 1446,2007"/>
                    <TextEquiv>
                        <Unicode>disciplinam.</Unicode>
                    </TextEquiv>
                    <TextStyle fontFamily="Times New Roman" fontSize="9.0"/>
                </Word>
                <TextEquiv>
                    <Unicode>grammaticus significat habere, quia significat habentem disciplinam.</Unicode>
                </TextEquiv>
                <TextStyle fontFamily="Times New Roman" fontSize="9.0"/>
            </TextLine>
            <TextEquiv>
                <Unicode>D. Aperta ratio nihil me in iis quae dixisti dubitare permittit. Sed
adhuc est de hac quaestione quod velim discere. Nam si grammaticus est
qualitas quia significat qualitatem: non video cur ,armatus' non sit sub¬
stantia cum significet substantiam. Et si armatus ideo est ,habere' quia
significat habere: ignoro cur grammaticus non sit habere quia significat
habere. Omnino enim quemadmodum grammaticus probatur significare
qualitatem, quia significat habentem qualitatem: ita armatus significat sub¬
stantiam, quia significat habentem substantiam, id est arma. Et sicut
armatus convincitur significare habere, quia significat habentem arma: sic
grammaticus significat habere, quia significat habentem disciplinam.</Unicode>
            </TextEquiv>
        </TextRegion>
        <TextRegion type="paragraph" id="r_3_6" custom="readingOrder {index:5;}">
            <Coords points="314,2030 1805,2030 1805,2139 314,2139"/>
            <TextLine id="tl_28" primaryLanguage="English" custom="readingOrder {index:0;}">
                <Coords points="404,2031 1804,2031 1804,2077 404,2077"/>
                <Baseline points="404,2067 448,2067 673,2067 769,2067 932,2067 1183,2066 1342,2066 1516,2066 1607,2064 1804,2063"/>
                <Word id="w_w2aab1b5b2c11b1ab1" language="English" custom="readingOrder {index:0;}">
                    <Coords points="404,2034 448,2034 448,2067 404,2067"/>
                    <TextEquiv>
                        <Unicode>M.</Unicode>
                    </TextEquiv>
                    <TextStyle fontFamily="Times New Roman" fontSize="9.0"/>
                </Word>
                <Word id="w_w2aab1b5b2c11b1ab7" language="English" custom="readingOrder {index:1;}">
                    <Coords points="474,2034 673,2034 673,2067 474,2067"/>
                    <TextEquiv>
                        <Unicode>Nullatenus</Unicode>
                    </TextEquiv>
                    <TextStyle fontFamily="Times New Roman" fontSize="9.0"/>
                </Word>
                <Word id="w_w2aab1b5b2c11b1ac29" language="English" custom="readingOrder {index:2;}">
                    <Coords points="704,2033 769,2033 769,2067 704,2067"/>
                    <TextEquiv>
                        <Unicode>hac</Unicode>
                    </TextEquiv>
                    <TextStyle fontFamily="Times New Roman" fontSize="9.0"/>
                </Word>
                <Word id="w_w2aab1b5b2c11b1ac37" language="English" custom="readingOrder {index:3;}">
                    <Coords points="800,2034 932,2034 932,2067 800,2067"/>
                    <TextEquiv>
                        <Unicode>ratione</Unicode>
                    </TextEquiv>
                    <TextStyle fontFamily="Times New Roman" fontSize="9.0"/>
                </Word>
                <Word id="w_w2aab1b5b2c11b1ac53" language="English" custom="readingOrder {index:4;}">
                    <Coords points="964,2033 1183,2033 1183,2067 964,2067"/>
                    <TextEquiv>
                        <Unicode>considerata</Unicode>
                    </TextEquiv>
                    <TextStyle fontFamily="Times New Roman" fontSize="9.0"/>
                </Word>
                <Word id="w_w2aab1b5b2c11b1ac77" language="English" custom="readingOrder {index:5;}">
                    <Coords points="1215,2044 1342,2044 1342,2075 1215,2075"/>
                    <TextEquiv>
                        <Unicode>negare</Unicode>
                    </TextEquiv>
                    <TextStyle fontFamily="Times New Roman" fontSize="9.0"/>
                </Word>
                <Word id="w_w2aab1b5b2c11b1ac91" language="English" custom="readingOrder {index:6;}">
                    <Coords points="1374,2043 1516,2043 1516,2075 1374,2075"/>
                    <TextEquiv>
                        <Unicode>possum</Unicode>
                    </TextEquiv>
                    <TextStyle fontFamily="Times New Roman" fontSize="9.0"/>
                </Word>
                <Word id="w_w2aab1b5b2c11b1ad105" language="English" custom="readingOrder {index:7;}">
                    <Coords points="1549,2035 1607,2035 1607,2064 1549,2064"/>
                    <TextEquiv>
                        <Unicode>aut</Unicode>
                    </TextEquiv>
                    <TextStyle fontFamily="Times New Roman" fontSize="9.0"/>
                </Word>
                <Word id="w_w2aab1b5b2c11b1ad113" language="English" custom="readingOrder {index:8;}">
                    <Coords points="1638,2034 1804,2034 1804,2064 1638,2064"/>
                    <TextEquiv>
                        <Unicode>armatum</Unicode>
                    </TextEquiv>
                    <TextStyle fontFamily="Times New Roman" fontSize="9.0"/>
                </Word>
                <TextEquiv>
                    <Unicode>M. Nullatenus hac ratione considerata negare possum aut armatum</Unicode>
                </TextEquiv>
                <TextStyle fontFamily="Times New Roman" fontSize="9.0"/>
            </TextLine>
            <TextLine id="tl_29" primaryLanguage="English" custom="readingOrder {index:1;}">
                <Coords points="315,2094 1177,2094 1177,2138 315,2138"/>
                <Baseline points="315,2129 393,2130 645,2129 728,2129 1012,2129 1177,2128"/>
                <Word id="w_w2aab1b5b2c11b3ab1" language="English" custom="readingOrder {index:0;}">
                    <Coords points="315,2106 393,2106 393,2130 315,2130"/>
                    <TextEquiv>
                        <Unicode>esse</Unicode>
                    </TextEquiv>
                    <TextStyle fontFamily="Times New Roman" fontSize="9.0"/>
                </Word>
                <Word id="w_w2aab1b5b2c11b3ac11" language="English" custom="readingOrder {index:1;}">
                    <Coords points="418,2096 645,2096 645,2129 418,2129"/>
                    <TextEquiv>
                        <Unicode>substantiam</Unicode>
                    </TextEquiv>
                    <TextStyle fontFamily="Times New Roman" fontSize="9.0"/>
                </Word>
                <Word id="w_w2aab1b5b2c11b3ac35" language="English" custom="readingOrder {index:2;}">
                    <Coords points="670,2099 728,2099 728,2129 670,2129"/>
                    <TextEquiv>
                        <Unicode>aut</Unicode>
                    </TextEquiv>
                    <TextStyle fontFamily="Times New Roman" fontSize="9.0"/>
                </Word>
                <Word id="w_w2aab1b5b2c11b3ac43" language="English" custom="readingOrder {index:3;}">
                    <Coords points="753,2097 1012,2097 1012,2137 753,2137"/>
                    <TextEquiv>
                        <Unicode>grammaticum</Unicode>
                    </TextEquiv>
                    <TextStyle fontFamily="Times New Roman" fontSize="9.0"/>
                </Word>
                <Word id="w_w2aab1b5b2c11b3ac67" language="English" custom="readingOrder {index:4;}">
                    <Coords points="1038,2095 1177,2095 1177,2129 1038,2129"/>
                    <TextEquiv>
                        <Unicode>habere.</Unicode>
                    </TextEquiv>
                    <TextStyle fontFamily="Times New Roman" fontSize="9.0"/>
                </Word>
                <TextEquiv>
                    <Unicode>esse substantiam aut grammaticum habere.</Unicode>
                </TextEquiv>
                <TextStyle fontFamily="Times New Roman" fontSize="9.0"/>
            </TextLine>
            <TextEquiv>
                <Unicode>M. Nullatenus hac ratione considerata negare possum aut armatum
esse substantiam aut grammaticum habere.</Unicode>
            </TextEquiv>
        </TextRegion>
        <TextRegion type="paragraph" id="r_3_7" custom="readingOrder {index:6;}">
            <Coords points="314,2159 1806,2159 1806,2269 314,2269"/>
            <TextLine id="tl_30" primaryLanguage="English" custom="readingOrder {index:0;}">
                <Coords points="406,2160 1805,2160 1805,2206 406,2206"/>
                <Baseline points="406,2196 446,2196 601,2196 717,2196 767,2196 834,2196 983,2196 1124,2195 1257,2195 1414,2195 1558,2193 1667,2194 1805,2183"/>
                <Word id="w_w2aab1b5b2c13b1ab1" language="English" custom="readingOrder {index:0;}">
                    <Coords points="406,2163 446,2163 446,2196 406,2196"/>
                    <TextEquiv>
                        <Unicode>D.</Unicode>
                    </TextEquiv>
                    <TextStyle fontFamily="Times New Roman" fontSize="9.0"/>
                </Word>
                <Word id="w_w2aab1b5b2c13b1ab7" language="English" custom="readingOrder {index:1;}">
                    <Coords points="472,2163 601,2163 601,2197 472,2197"/>
                    <TextEquiv>
                        <Unicode>Vellem</Unicode>
                    </TextEquiv>
                    <TextStyle fontFamily="Times New Roman" fontSize="9.0"/>
                </Word>
                <Word id="w_w2aab1b5b2c13b1ac21" language="English" custom="readingOrder {index:2;}">
                    <Coords points="632,2173 717,2173 717,2205 632,2205"/>
                    <TextEquiv>
                        <Unicode>ergo</Unicode>
                    </TextEquiv>
                    <TextStyle fontFamily="Times New Roman" fontSize="9.0"/>
                </Word>
                <Word id="w_w2aab1b5b2c13b1ac31" language="English" custom="readingOrder {index:3;}">
                    <Coords points="749,2174 767,2174 767,2196 749,2196"/>
                    <TextEquiv>
                        <Unicode>a</Unicode>
                    </TextEquiv>
                    <TextStyle fontFamily="Times New Roman" fontSize="9.0"/>
                </Word>
                <Word id="w_w2aab1b5b2c13b1ac35" language="English" custom="readingOrder {index:4;}">
                    <Coords points="800,2167 834,2167 834,2196 800,2196"/>
                    <TextEquiv>
                        <Unicode>te</Unicode>
                    </TextEquiv>
                    <TextStyle fontFamily="Times New Roman" fontSize="9.0"/>
                </Word>
                <Word id="w_w2aab1b5b2c13b1ac41" language="English" custom="readingOrder {index:5;}">
                    <Coords points="866,2163 983,2163 983,2197 866,2197"/>
                    <TextEquiv>
                        <Unicode>doceri</Unicode>
                    </TextEquiv>
                    <TextStyle fontFamily="Times New Roman" fontSize="9.0"/>
                </Word>
                <Word id="w_w2aab1b5b2c13b1ac55" language="English" custom="readingOrder {index:6;}">
                    <Coords points="1015,2165 1124,2165 1124,2196 1015,2196"/>
                    <TextEquiv>
                        <Unicode>utrum</Unicode>
                    </TextEquiv>
                    <TextStyle fontFamily="Times New Roman" fontSize="9.0"/>
                </Word>
                <Word id="w_w2aab1b5b2c13b1ac67" language="English" custom="readingOrder {index:7;}">
                    <Coords points="1156,2173 1257,2173 1257,2195 1156,2195"/>
                    <TextEquiv>
                        <Unicode>unum</Unicode>
                    </TextEquiv>
                    <TextStyle fontFamily="Times New Roman" fontSize="9.0"/>
                </Word>
                <Word id="w_w2aab1b5b2c13b1ac77" language="English" custom="readingOrder {index:8;}">
                    <Coords points="1289,2162 1414,2162 1414,2204 1289,2204"/>
                    <TextEquiv>
                        <Unicode>aliquid</Unicode>
                    </TextEquiv>
                    <TextStyle fontFamily="Times New Roman" fontSize="9.0"/>
                </Word>
                <Word id="w_w2aab1b5b2c13b1ac93" language="English" custom="readingOrder {index:9;}">
                    <Coords points="1446,2161 1558,2161 1558,2204 1446,2204"/>
                    <TextEquiv>
                        <Unicode>possit</Unicode>
                    </TextEquiv>
                    <TextStyle fontFamily="Times New Roman" fontSize="9.0"/>
                </Word>
                <Word id="w_w2aab1b5b2c13b1ad107" language="English" custom="readingOrder {index:10;}">
                    <Coords points="1588,2171 1667,2171 1667,2194 1588,2194"/>
                    <TextEquiv>
                        <Unicode>esse</Unicode>
                    </TextEquiv>
                    <TextStyle fontFamily="Times New Roman" fontSize="9.0"/>
                </Word>
                <Word id="w_w2aab1b5b2c13b1ad117" language="English" custom="readingOrder {index:11;}">
                    <Coords points="1696,2160 1805,2160 1805,2193 1696,2193"/>
                    <TextEquiv>
                        <Unicode>diver¬</Unicode>
                    </TextEquiv>
                    <TextStyle fontFamily="Times New Roman" fontSize="9.0"/>
                </Word>
                <TextEquiv>
                    <Unicode>D. Vellem ergo a te doceri utrum unum aliquid possit esse diver¬</Unicode>
                </TextEquiv>
                <TextStyle fontFamily="Times New Roman" fontSize="9.0"/>
            </TextLine>
            <TextLine id="tl_31" primaryLanguage="English" custom="readingOrder {index:1;}">
                <Coords points="315,2225 814,2225 814,2268 315,2268"/>
                <Baseline points="315,2258 430,2259 814,2259"/>
                <Word id="w_w2aab1b5b2c13b3ab1" language="English" custom="readingOrder {index:0;}">
                    <Coords points="315,2236 430,2236 430,2259 315,2259"/>
                    <TextEquiv>
                        <Unicode>sorum</Unicode>
                    </TextEquiv>
                    <TextStyle fontFamily="Times New Roman" fontSize="9.0"/>
                </Word>
                <Word id="w_w2aab1b5b2c13b3ac13" language="English" custom="readingOrder {index:1;}">
                    <Coords points="456,2226 814,2226 814,2268 456,2268"/>
                    <TextEquiv>
                        <Unicode>praedicamentorum.</Unicode>
                    </TextEquiv>
                    <TextStyle fontFamily="Times New Roman" fontSize="9.0"/>
                </Word>
                <TextEquiv>
                    <Unicode>sorum praedicamentorum.</Unicode>
                </TextEquiv>
                <TextStyle fontFamily="Times New Roman" fontSize="9.0"/>
            </TextLine>
            <TextEquiv>
                <Unicode>D. Vellem ergo a te doceri utrum unum aliquid possit esse diver¬
sorum praedicamentorum.</Unicode>
            </TextEquiv>
        </TextRegion>
        <TextRegion type="paragraph" id="r_3_8" custom="readingOrder {index:7;}">
            <Coords points="405,2284 1806,2284 1806,2332 405,2332"/>
            <TextLine id="tl_32" primaryLanguage="English" custom="readingOrder {index:0;}">
                <Coords points="406,2285 1805,2285 1805,2331 406,2331"/>
                <Baseline points="406,2321 449,2321 558,2321 722,2321 848,2321 1089,2320 1180,2320 1287,2320 1375,2320 1540,2317 1674,2317 1805,2317"/>
                <Word id="w_w2aab1b5b2c15b1ab1" language="English" custom="readingOrder {index:0;}">
                    <Coords points="406,2288 449,2288 449,2321 406,2321"/>
                    <TextEquiv>
                        <Unicode>M.</Unicode>
                    </TextEquiv>
                    <TextStyle fontFamily="Times New Roman" fontSize="9.0"/>
                </Word>
                <Word id="w_w2aab1b5b2c15b1ab7" language="English" custom="readingOrder {index:1;}">
                    <Coords points="475,2288 558,2288 558,2322 475,2322"/>
                    <TextEquiv>
                        <Unicode>Rem</Unicode>
                    </TextEquiv>
                    <TextStyle fontFamily="Times New Roman" fontSize="9.0"/>
                </Word>
                <Word id="w_w2aab1b5b2c15b1ac15" language="English" custom="readingOrder {index:2;}">
                    <Coords points="584,2288 722,2288 722,2331 584,2331"/>
                    <TextEquiv>
                        <Unicode>quidem</Unicode>
                    </TextEquiv>
                    <TextStyle fontFamily="Times New Roman" fontSize="9.0"/>
                </Word>
                <Word id="w_w2aab1b5b2c15b1ac29" language="English" custom="readingOrder {index:3;}">
                    <Coords points="748,2299 848,2299 848,2321 748,2321"/>
                    <TextEquiv>
                        <Unicode>unam</Unicode>
                    </TextEquiv>
                    <TextStyle fontFamily="Times New Roman" fontSize="9.0"/>
                </Word>
                <Word id="w_w2aab1b5b2c15b1ac39" language="English" custom="readingOrder {index:4;}">
                    <Coords points="873,2287 1089,2287 1089,2330 873,2330"/>
                    <TextEquiv>
                        <Unicode>eandemque</Unicode>
                    </TextEquiv>
                    <TextStyle fontFamily="Times New Roman" fontSize="9.0"/>
                </Word>
                <Word id="w_w2aab1b5b2c15b1ac59" language="English" custom="readingOrder {index:5;}">
                    <Coords points="1112,2297 1180,2297 1180,2320 1112,2320"/>
                    <TextEquiv>
                        <Unicode>non</Unicode>
                    </TextEquiv>
                    <TextStyle fontFamily="Times New Roman" fontSize="9.0"/>
                </Word>
                <Word id="w_w2aab1b5b2c15b1ac67" language="English" custom="readingOrder {index:6;}">
                    <Coords points="1201,2290 1287,2290 1287,2329 1201,2329"/>
                    <TextEquiv>
                        <Unicode>puto</Unicode>
                    </TextEquiv>
                    <TextStyle fontFamily="Times New Roman" fontSize="9.0"/>
                </Word>
                <Word id="w_w2aab1b5b2c15b1ac77" language="English" custom="readingOrder {index:7;}">
                    <Coords points="1310,2286 1375,2286 1375,2320 1310,2320"/>
                    <TextEquiv>
                        <Unicode>sub</Unicode>
                    </TextEquiv>
                    <TextStyle fontFamily="Times New Roman" fontSize="9.0"/>
                </Word>
                <Word id="w_w2aab1b5b2c15b1ac85" language="English" custom="readingOrder {index:8;}">
                    <Coords points="1397,2285 1540,2285 1540,2319 1397,2319"/>
                    <TextEquiv>
                        <Unicode>diversis</Unicode>
                    </TextEquiv>
                    <TextStyle fontFamily="Times New Roman" fontSize="9.0"/>
                </Word>
                <Word id="w_w2aab1b5b2c15b1ad103" language="English" custom="readingOrder {index:9;}">
                    <Coords points="1565,2285 1674,2285 1674,2327 1565,2327"/>
                    <TextEquiv>
                        <Unicode>aptari</Unicode>
                    </TextEquiv>
                    <TextStyle fontFamily="Times New Roman" fontSize="9.0"/>
                </Word>
                <Word id="w_w2aab1b5b2c15b1ad117" language="English" custom="readingOrder {index:10;}">
                    <Coords points="1698,2294 1805,2294 1805,2326 1698,2326"/>
                    <TextEquiv>
                        <Unicode>posse</Unicode>
                    </TextEquiv>
                    <TextStyle fontFamily="Times New Roman" fontSize="9.0"/>
                </Word>
                <TextEquiv>
                    <Unicode>M. Rem quidem unam eandemque non puto sub diversis aptari posse</Unicode>
                </TextEquiv>
                <TextStyle fontFamily="Times New Roman" fontSize="9.0"/>
            </TextLine>
            <TextEquiv>
                <Unicode>M. Rem quidem unam eandemque non puto sub diversis aptari posse</Unicode>
            </TextEquiv>
        </TextRegion>
    </Page>
</PcGts>
