2090 3101
332 431 371 453 se
402 424 456 453 est
486 420 553 453 hoc
586 419 682 461 quod
713 423 777 459 est,
813 424 849 453 et
878 430 940 461 per
971 430 1073 461 quam
1105 423 1169 459 est,
1203 417 1368 461 quidquid
1400 429 1481 452 vere
1513 421 1571 451 aut
1601 417 1730 451 bonum
1762 421 1819 451 aut

332 493 495 524 magnum
523 485 583 515 aut
610 482 737 524 aliquid
760 485 825 521 est,
853 484 889 515 et
912 492 992 523 quae
1016 485 1071 514 est
1093 492 1261 514 summum
1285 480 1425 520 bonum,
1454 491 1623 513 summum
1646 490 1819 522 magnum,

333 556 501 578 summum
526 555 587 577 ens
611 545 683 578 sive
707 544 910 583 subsistens,
935 543 970 576 id
994 547 1048 577 est
1072 553 1239 576 summum
1264 543 1413 575 omnium
1438 553 1517 584 quae
1541 545 1629 575 sunt.

930 675 1163 718 Capitulum
1189 674 1224 708 V.

477 739 587 780 Quod,
612 741 699 772 sicut
724 738 787 771 illa
811 744 861 772 est
882 751 941 780 per
964 751 1000 770 se
1023 743 1054 771 et
1078 738 1150 771 alia
1172 750 1231 781 per
1256 737 1364 774 illam,
1391 740 1439 770 ita
1463 739 1508 770 sit
1532 749 1571 770 ex
1593 749 1628 769 se
1652 742 1683 769 et

960 796 1032 828 alia
1057 808 1097 828 ex
1120 795 1193 829 illa.
1848 806 1862 826 6

420 869 613 928 Quoniam
644 885 761 927 itaque
794 884 909 927 placet
942 884 1038 926 quod
1072 885 1245 917 inventum
1277 887 1341 921 est,
1376 883 1468 916 iuvat
1501 882 1677 924 indagare,
1710 886 1821 915 utrum

334 948 410 981 haec
433 949 509 990 ipsa
526 950 645 980 natura
667 950 702 980 et
719 950 842 980 cuncta
866 957 945 989 quae
967 946 1093 988 aliquid
1114 949 1202 986 sunt,
1228 956 1297 978 non
1318 945 1385 978 sint
1405 945 1468 977 nisi
1489 955 1530 977 ex
1546 946 1632 987 ipsa,
1657 944 1821 986 quemad¬

334 1010 475 1043 modum
499 1020 569 1043 non
593 1012 671 1041 sunt
699 1009 761 1041 nisi
786 1019 848 1051 per
871 1008 992 1050 ipsam.
1024 1007 1096 1041 Sed
1119 1007 1225 1050 liquet
1253 1018 1361 1049 posse
1390 1006 1455 1040 dici
1480 1007 1558 1048 quia
1583 1005 1679 1048 quod
1703 1009 1757 1039 est
1781 1016 1822 1039 ex

333 1072 458 1114 aliquo,
489 1075 542 1105 est
566 1071 669 1104 etiam
694 1081 756 1113 per
779 1070 814 1103 id
837 1071 959 1113 ipsum,
992 1073 1026 1103 et
1051 1069 1146 1112 quod
1171 1072 1225 1103 est
1253 1080 1316 1111 per
1340 1068 1476 1111 aliquid,
1507 1072 1561 1102 est
1586 1068 1688 1101 etiam
1713 1079 1755 1101 ex
1779 1078 1822 1101 eo

333 1135 421 1176 ipso,
453 1133 745 1176 quemadmodum
771 1132 867 1175 quod
895 1135 949 1165 est
979 1143 1021 1165 ex
1045 1132 1186 1165 materia
1218 1135 1253 1164 et
1276 1142 1339 1174 per
1363 1131 1537 1171 artificem,
1569 1133 1689 1172 potest
1720 1131 1822 1163 etiam

333 1196 400 1230 dici
425 1208 504 1230 esse
524 1207 587 1238 per
607 1196 784 1229 materiam
806 1198 842 1228 et
862 1205 904 1228 ex
921 1193 1060 1234 artifice,
1085 1194 1246 1236 quoniam
1262 1204 1326 1236 per
1341 1197 1522 1236 utrumque
1547 1196 1582 1226 et
1603 1203 1645 1226 ex
1665 1195 1822 1234 utroque,

333 1259 369 1292 id
400 1262 453 1292 est
485 1258 529 1292 ab
558 1261 705 1300 utroque
736 1257 842 1290 habet
875 1260 912 1290 ut
942 1257 995 1296 sit,
1030 1257 1185 1298 quamvis
1216 1255 1312 1289 aliter
1342 1256 1386 1289 sit
1416 1267 1478 1299 per
1509 1255 1684 1289 materiam
1716 1258 1752 1288 et
1782 1266 1824 1288 ex

334 1322 485 1361 materia,
511 1331 613 1363 quam
637 1331 700 1362 per
724 1319 888 1353 artificem
912 1322 948 1352 et
972 1329 1013 1351 ex
1037 1318 1176 1352 artifice.
1206 1317 1438 1360 Consequitur
1462 1329 1547 1360 ergo
1572 1320 1618 1357 ut,
1643 1317 1823 1359 quomodo

334 1387 458 1416 cuncta
489 1393 568 1425 quae
599 1385 677 1415 sunt
705 1392 768 1424 per
799 1391 966 1414 summam
997 1383 1076 1413 sunt
1104 1383 1259 1413 naturam
1288 1379 1323 1413 id
1354 1379 1450 1422 quod
1478 1383 1567 1419 sunt,
1599 1383 1634 1412 et
1661 1378 1742 1412 ideo
1770 1378 1824 1412 illa

335 1449 389 1478 est
412 1456 475 1488 per
498 1445 659 1487 seipsam,
691 1443 755 1477 alia
785 1454 869 1477 vero
893 1453 955 1485 per
984 1442 1088 1476 aliud:
1113 1443 1160 1475 ita
1184 1442 1298 1476 omnia
1327 1453 1406 1484 quae
1430 1445 1508 1475 sunt
1539 1442 1606 1475 sint
1634 1452 1676 1475 ex
1700 1441 1823 1475 eadem

334 1519 467 1541 summa
491 1510 621 1546 natura,
647 1510 682 1540 et
705 1506 833 1540 idcirco
858 1506 901 1539 sit
925 1504 978 1538 illa
1002 1516 1044 1538 ex
1067 1505 1194 1548 seipsa,
1218 1504 1282 1538 alia
1306 1508 1421 1538 autem
1446 1515 1488 1537 ex
1511 1504 1588 1537 alio.

923 1632 1159 1676 Capitulum
1185 1633 1236 1667 VI.

376 1698 480 1737 Quod
502 1698 564 1732 illa
590 1711 657 1731 non
681 1700 726 1730 sit
751 1697 824 1730 ulla
850 1699 987 1730 iuvante
1011 1709 1113 1729 causa
1139 1696 1241 1729 ducta
1267 1695 1315 1728 ad
1336 1708 1416 1732 esse,
1441 1707 1501 1728 nec
1525 1700 1639 1728 tamen
1663 1696 1708 1727 sit
1729 1707 1788 1737 per

403 1757 493 1790 nihil
515 1761 576 1789 aut
599 1768 639 1788 ex
662 1755 788 1794 nihilo;
811 1760 843 1788 et
867 1753 1036 1798 quomodo
1061 1754 1209 1796 intelligi
1230 1754 1339 1795 possit
1363 1765 1433 1785 esse
1455 1766 1514 1795 per
1536 1764 1572 1785 se
1595 1756 1627 1784 et
1650 1763 1691 1784 ex
1712 1765 1756 1784 se.

422 1837 615 1897 Quoniam
639 1854 740 1895 igitur
764 1863 833 1886 non
857 1862 995 1894 semper
1016 1851 1164 1884 eundem
1185 1850 1292 1884 habet
1313 1861 1462 1889 sensum,
1487 1849 1583 1892 quod
1604 1848 1726 1882 dicitur
1747 1860 1825 1882 esse

337 1927 400 1959 per
423 1915 549 1959 aliquid
578 1919 635 1948 aut
665 1926 743 1948 esse
772 1926 814 1948 ex
841 1914 967 1956 aliquo,
996 1913 1220 1956 quaerendum
1249 1915 1303 1945 est
1327 1912 1531 1954 diligentius,
1561 1911 1740 1954 quomodo
1765 1922 1828 1953 per

338 1990 504 2011 summam
529 1981 684 2010 naturam
712 1976 766 2010 vel
795 1988 837 2010 ex
864 1977 939 2019 ipsa
968 1976 1034 2009 sint
1063 1976 1177 2009 omnia
1201 1985 1280 2018 quae
1304 1978 1393 2008 sunt.
1422 1974 1462 2007 Et
1487 1974 1648 2016 quoniam
1672 1973 1707 2007 id
1731 1973 1827 2016 quod

338 2044 392 2074 est
413 2052 475 2083 per
496 2040 657 2083 seipsum,
682 2043 717 2073 et
738 2039 773 2073 id
797 2038 893 2082 quod
918 2042 971 2072 est
992 2049 1054 2081 per
1075 2038 1176 2078 aliud,
1201 2048 1270 2071 non
1287 2036 1434 2070 eandem
1450 2036 1639 2079 suscipiunt
1660 2035 1827 2070 existendi

338 2104 515 2143 rationem,
540 2103 633 2145 prius
657 2103 843 2145 separatim
867 2101 1024 2135 videatur
1047 2101 1092 2134 de
1116 2102 1192 2143 ipsa
1212 2110 1344 2133 summa
1365 2103 1486 2132 natura
1510 2108 1589 2141 quae
1613 2108 1676 2140 per
1699 2108 1738 2131 se
1762 2101 1826 2137 est,

338 2169 464 2208 postea
488 2165 533 2199 de
556 2165 595 2198 iis
620 2176 699 2207 quae
722 2176 785 2208 per
809 2163 899 2197 aliud
923 2167 1011 2197 sunt.

428 2227 516 2261 Cum
539 2227 641 2269 igitur
664 2230 803 2260 constet
831 2226 911 2269 quia
941 2225 994 2259 illa
1022 2228 1078 2259 est
1104 2236 1168 2267 per
1195 2224 1346 2266 seipsam
1370 2222 1538 2265 quidquid
1561 2225 1626 2261 est,
1655 2225 1690 2255 et
1713 2222 1828 2255 omnia
