2090 3101
287 335 349 367 alia
374 338 451 367 sunt
476 345 537 376 per
560 334 646 366 illam
675 334 709 366 id
738 333 833 375 quod
857 337 949 366 sunt:
981 333 1158 375 quomodo
1184 336 1237 366 est
1261 334 1335 374 ipsa
1359 343 1420 374 per
1444 332 1507 365 se?
1544 332 1650 370 Quod
1675 334 1761 365 enim

287 396 407 429 dicitur
431 407 509 428 esse
533 407 594 438 per
616 395 750 437 aliquid,
774 395 908 428 videtur
924 406 1002 428 esse
1023 398 1081 427 aut
1098 406 1159 436 per
1176 394 1325 427 efficiens
1348 398 1405 427 aut
1425 405 1487 436 per
1509 395 1682 427 materiam
1705 398 1762 427 aut

287 469 348 500 per
368 458 507 500 aliquod
524 457 613 490 aliud
634 457 875 496 adiumentum,
899 456 990 489 velut
1007 467 1068 498 per
1084 457 1351 488 instrumentum.
1377 455 1447 488 Sed
1465 455 1628 497 quidquid
1650 455 1762 497 aliquo

287 530 328 552 ex
351 519 401 552 his
427 519 531 552 tribus
561 518 672 551 modis
701 521 769 551 est:
795 529 857 560 per
885 517 975 550 aliud
1003 521 1056 550 est
1085 521 1119 550 et
1143 518 1324 559 posterius,
1350 521 1384 549 et
1409 516 1629 559 aliquomodo
1655 518 1762 549 minus

287 584 340 613 est
364 591 417 620 eo,
442 591 504 623 per
527 580 622 622 quod
646 580 751 612 habet
778 583 815 612 ut
839 580 892 612 sit.
927 579 975 612 At
999 590 1130 611 summa
1154 582 1273 611 natura
1297 578 1485 611 nullatenus
1510 582 1563 611 est
1587 589 1649 620 per
1672 579 1762 611 aliud

287 653 350 675 nec
373 646 427 675 est
450 643 621 684 posterior
644 645 702 674 aut
727 642 834 674 minor
858 642 972 683 seipsa
996 644 1054 673 aut
1079 641 1188 682 aliqua
1210 640 1272 673 alia
1290 651 1336 673 re.
1361 640 1477 677 Quare
1495 651 1625 672 summa
1643 644 1763 673 natura

286 715 350 737 nec
374 715 393 737 a
417 715 455 737 se
479 715 542 737 nec
567 704 610 736 ab
634 703 700 736 alio
724 703 794 736 fieri
811 704 932 745 potuit,
957 713 1020 735 nec
1041 703 1116 744 ipsa
1133 702 1196 735 sibi
1217 713 1280 735 nec
1301 701 1390 734 aliud
1412 701 1535 743 aliquid
1560 701 1600 734 illi
1623 702 1762 734 materia

286 765 376 798 unde
407 765 503 799 fieret
533 765 603 804 fuit,
639 769 697 798 aut
727 766 801 807 ipsa
833 776 871 798 se
902 764 1123 806 aliquomodo
1155 767 1213 797 aut
1243 764 1354 805 aliqua
1383 775 1438 796 res
1471 763 1568 803 illam,
1602 767 1637 796 ut
1669 767 1762 796 esset

287 827 381 869 quod
405 838 473 860 non
497 831 581 866 erat,
606 827 742 860 adiuvit.

375 1568 481 1606 Quod
504 1570 604 1610 igitur
627 1569 679 1601 illa
704 1571 833 1607 natura,
858 1569 930 1601 sine
954 1579 1022 1610 qua
1043 1568 1130 1601 nulla
1151 1572 1205 1600 est
1221 1571 1350 1607 natura,
1376 1568 1419 1600 sit
1440 1567 1526 1606 nihil,
1552 1570 1620 1599 tam
1642 1566 1761 1599 falsum

286 1634 339 1664 est
364 1642 465 1673 quam
490 1630 674 1664 absurdum
699 1631 771 1670 erit,
795 1631 823 1663 si
847 1630 978 1663 dicatur
1001 1629 1166 1671 quidquid
1191 1633 1244 1662 est
1268 1629 1344 1662 nihil
1368 1640 1456 1662 esse.
1493 1629 1557 1661 Per
1580 1627 1655 1661 nihil
1680 1638 1762 1661 vero

287 1703 354 1725 non
386 1696 449 1731 est,
480 1693 557 1734 quia
589 1692 678 1724 nullo
709 1692 815 1725 modo
846 1692 982 1733 intelligi
1016 1694 1144 1734 potest,
1179 1695 1216 1724 ut
1247 1691 1342 1732 quod
1374 1691 1499 1733 aliquid
1531 1694 1594 1729 est,
1628 1691 1670 1722 sit
1702 1700 1763 1731 per

287 1753 373 1787 nihil.
397 1754 444 1787 At
469 1755 496 1786 si
520 1754 697 1796 quomodo
723 1758 776 1787 est
797 1765 839 1787 ex
859 1754 974 1787 nihilo:
1000 1757 1057 1786 aut
1078 1764 1140 1796 per
1161 1763 1209 1792 se,
1234 1757 1292 1786 aut
1316 1764 1377 1795 per
1402 1753 1500 1793 aliud,
1526 1756 1583 1785 aut
1600 1763 1662 1794 per
1686 1751 1762 1784 nihil

286 1819 339 1848 est
364 1827 404 1848 ex
428 1816 538 1849 nihilo.
564 1815 635 1848 Sed
659 1819 795 1849 constat
824 1816 902 1857 quia
926 1815 1015 1848 nullo
1040 1814 1146 1848 modo
1171 1814 1295 1856 aliquid
1320 1818 1373 1847 est
1397 1826 1458 1857 per
1482 1815 1568 1848 nihil.
1604 1814 1639 1847 Si
1663 1815 1763 1856 igitur

286 1881 339 1910 est
363 1877 584 1919 aliquomodo
609 1888 650 1910 ex
673 1876 788 1910 nihilo:
822 1880 881 1909 aut
904 1887 966 1919 per
994 1887 1032 1909 se
1055 1879 1113 1909 aut
1138 1887 1199 1918 per
1222 1875 1312 1909 aliud
1343 1880 1397 1909 est
1420 1887 1462 1909 ex
1486 1876 1596 1909 nihilo.
1637 1876 1700 1908 Per
1724 1886 1762 1908 se

285 1942 399 1972 autem
424 1938 499 1971 nihil
523 1942 641 1981 potest
670 1949 748 1971 esse
776 1950 817 1971 ex
846 1938 956 1977 nihilo,
990 1938 1068 1980 quia
1099 1938 1126 1971 si
1155 1938 1237 1980 quid
1265 1942 1318 1971 est
1347 1949 1388 1971 ex
1416 1938 1516 1971 nihilo
1541 1949 1603 1980 per
1626 1937 1761 1979 aliquid,

285 2011 429 2034 necesse
457 2004 520 2040 est,
551 2004 588 2033 ut
616 2000 649 2033 id
678 2011 740 2042 per
768 1999 863 2042 quod
892 2004 945 2033 est
973 2000 1065 2042 prius
1094 2000 1147 2033 sit.
1187 1999 1359 2037 Quoniam
1384 2001 1483 2042 igitur
1513 2001 1589 2033 haec
1613 2000 1761 2033 essentia

285 2064 376 2104 prior
399 2063 514 2105 seipsa
538 2073 606 2096 non
635 2066 698 2102 est,
728 2062 817 2095 nullo
842 2062 948 2095 modo
977 2065 1030 2095 est
1061 2073 1103 2095 ex
1131 2062 1230 2095 nihilo
1260 2073 1322 2104 per
1346 2073 1393 2095 se.
1434 2062 1481 2094 At
1506 2063 1533 2094 si
1557 2062 1677 2094 dicitur
1701 2072 1762 2103 per

285 2124 381 2157 aliam
406 2124 551 2167 aliquam
580 2128 733 2157 naturam
763 2125 915 2157 extitisse
939 2135 981 2157 ex
1011 2123 1122 2163 nihilo,
1156 2135 1223 2157 non
1255 2128 1308 2157 est
1341 2135 1473 2157 summa
1506 2125 1664 2162 omnium,
1698 2123 1761 2156 sed

285 2186 396 2228 aliquo
421 2186 569 2226 inferior;
601 2197 664 2220 nec
688 2192 747 2220 est
766 2198 827 2229 per
855 2197 893 2219 se
917 2186 983 2219 hoc
1012 2186 1107 2228 quod
1136 2190 1199 2225 est,
1231 2186 1294 2219 sed
1318 2197 1380 2228 per
1404 2186 1503 2219 aliud.
1544 2186 1624 2218 Item
1649 2186 1676 2218 si
1699 2196 1761 2227 per

284 2247 408 2290 aliquid
437 2252 489 2281 est
520 2249 595 2291 ipsa
625 2260 667 2282 ex
697 2249 813 2282 nihilo:
848 2248 882 2281 id
912 2259 975 2291 per
1005 2248 1099 2290 quod
1131 2252 1194 2288 est,
1226 2259 1386 2290 magnum
1419 2248 1547 2281 bonum
1580 2247 1649 2286 fuit,
1684 2257 1759 2280 cum

375 889 468 927 Quid
491 888 616 931 igitur?
648 888 754 927 Quod
778 890 865 921 enim
890 899 958 922 non
982 892 1046 928 est,
1078 899 1097 921 a
1121 899 1190 930 quo
1215 887 1360 920 faciente
1385 891 1442 920 aut
1466 898 1507 920 ex
1531 898 1598 929 qua
1622 888 1763 920 materia

286 954 343 984 aut
368 950 490 993 quibus
515 951 717 984 adiumentis
748 950 792 983 ad
821 961 900 984 esse
928 951 1134 993 pervenerit:
1168 950 1202 982 id
1232 950 1366 982 videtur
1396 953 1454 982 aut
1483 960 1560 982 esse
1584 948 1671 988 nihil,
1705 953 1763 982 aut

286 1014 314 1045 si
337 1013 462 1055 aliquid
486 1016 550 1052 est,
580 1023 643 1055 per
666 1012 741 1045 nihil
773 1023 851 1045 esse
882 1016 916 1045 et
946 1023 987 1045 ex
1011 1012 1121 1045 nihilo.
1158 1012 1248 1049 Quas
1272 1011 1350 1044 licet
1378 1021 1419 1043 ex
1443 1012 1491 1050 iis,
1521 1021 1599 1052 quae
1624 1011 1763 1043 rationis

285 1075 359 1107 luce
384 1074 428 1108 de
452 1085 583 1107 summa
607 1075 672 1107 iam
694 1074 917 1107 animadverti
938 1074 1139 1113 substantia,
1164 1077 1281 1115 putem
1299 1073 1486 1105 nullatenus
1504 1074 1535 1105 in
1552 1072 1638 1105 illam
1656 1083 1763 1114 posse

286 1136 421 1176 cadere,
452 1147 519 1169 non
551 1139 665 1169 tamen
689 1136 859 1178 negligam
888 1136 984 1168 huius
1015 1136 1061 1168 rei
1092 1135 1332 1177 probationem
1357 1138 1550 1168 contexere.
1591 1134 1762 1171 Quoniam

285 1209 432 1239 namque
456 1198 501 1231 ad
525 1209 684 1239 magnum
709 1201 743 1231 et
768 1197 970 1231 delectabile
995 1197 1157 1239 quiddam
1187 1208 1240 1229 me
1265 1196 1379 1229 subito
1404 1196 1559 1239 perduxit
1587 1196 1663 1228 haec
1687 1207 1763 1228 mea

285 1259 473 1299 meditatio,
504 1259 626 1292 nullam
654 1259 707 1292 vel
736 1258 921 1301 simplicem
954 1269 1124 1301 paeneque
1157 1258 1284 1291 fatuam
1316 1258 1545 1291 obiectionem
1577 1257 1763 1299 disputanti

285 1321 362 1354 mihi
387 1325 621 1354 occurrentem
645 1320 853 1363 negligendo
878 1320 957 1353 volo
982 1321 1167 1362 praeterire.
1201 1320 1381 1357 Quatenus
1406 1323 1440 1352 et
1464 1330 1533 1361 ego
1558 1318 1634 1352 nihil
1658 1318 1762 1352 ambi-

284 1394 387 1425 guum
411 1383 444 1416 in
467 1382 744 1425 praecedentibus
769 1383 960 1425 relinquens
986 1383 1110 1415 certior
1133 1381 1265 1415 valeam
1290 1381 1335 1414 ad
1359 1381 1536 1423 sequentia
1560 1381 1762 1423 procedere,

285 1448 320 1478 et
344 1445 371 1477 si
388 1445 439 1478 cui
463 1444 553 1478 forte
577 1445 671 1487 quod
693 1445 851 1487 speculor
875 1444 1084 1486 persuadere
1108 1444 1259 1483 voluero,
1284 1444 1375 1476 omni
1396 1443 1449 1476 vel
1474 1442 1611 1476 modico
1628 1446 1762 1476 remoto

286 1506 467 1540 obstaculo
491 1506 630 1548 quilibet
655 1506 773 1540 tardus
797 1506 985 1540 intellectus
1009 1505 1055 1539 ad
1079 1506 1194 1539 audita
1218 1505 1315 1538 facile
1339 1506 1450 1547 possit
1475 1504 1651 1538 accedere.
