2090 3101
384 1502 432 1535 At
465 1503 493 1535 si
528 1513 569 1535 ex
602 1513 745 1535 summae
780 1506 912 1535 naturae
947 1502 1088 1534 materia
1122 1504 1241 1544 potest
1274 1512 1353 1534 esse
1385 1500 1512 1542 aliquid
1548 1501 1656 1533 minus
1692 1500 1777 1542 ipsa,

298 1575 464 1597 summum
488 1564 617 1597 bonum
641 1565 761 1597 mutari
790 1568 824 1597 et
848 1564 1018 1606 corrumpi
1042 1567 1175 1605 potest;
1205 1563 1301 1605 quod
1324 1563 1421 1596 nefas
1449 1566 1503 1596 est
1527 1562 1652 1595 dicere.
1684 1561 1777 1599 Qua¬

297 1629 441 1668 propter
473 1627 633 1668 quoniam
663 1637 764 1659 omne
798 1625 893 1667 quod
924 1625 1015 1658 aliud
1046 1629 1099 1658 est
1128 1636 1230 1667 quam
1261 1626 1347 1667 ipsa,
1382 1625 1490 1657 minus
1519 1627 1572 1657 est
1601 1625 1686 1665 ipsa,
1719 1624 1777 1655 im¬

298 1687 462 1730 possibile
486 1691 540 1721 est
563 1688 689 1730 aliquid
714 1687 802 1720 aliud
826 1687 893 1720 hoc
917 1687 1024 1720 modo
1054 1698 1132 1720 esse
1156 1698 1198 1720 ex
1221 1688 1307 1729 ipsa.
1338 1686 1504 1729 Amplius.
1538 1685 1685 1719 Dubium
1710 1696 1778 1718 non

299 1753 362 1789 est,
388 1750 466 1791 quia
486 1750 675 1783 nullatenus
696 1753 750 1782 est
770 1749 909 1793 bonum,
934 1760 996 1791 per
1017 1749 1113 1791 quod
1134 1753 1281 1781 mutatur
1297 1748 1351 1781 vel
1371 1748 1595 1790 corrumpitur
1612 1758 1778 1780 summum

299 1811 437 1845 bonum.
474 1812 581 1849 Quod
605 1813 632 1844 si
656 1823 724 1853 qua
748 1812 857 1844 minor
880 1815 1000 1844 natura
1024 1814 1078 1844 est
1102 1822 1143 1844 ex
1167 1811 1287 1843 summi
1311 1810 1393 1843 boni
1417 1810 1573 1843 materia:
1603 1820 1678 1842 cum
1703 1808 1779 1841 nihil

300 1874 342 1906 sit
380 1873 618 1916 undecumque
654 1875 716 1907 nisi
754 1885 816 1916 per
854 1884 1020 1906 summam
1059 1874 1255 1912 essentiam,
1294 1876 1443 1905 mutatur
1482 1875 1516 1905 et
1555 1872 1780 1913 corrumpitur

300 1946 466 1968 summum
483 1935 611 1968 bonum
628 1947 689 1978 per
705 1936 825 1978 ipsam.
851 1935 968 1973 Quare
985 1946 1117 1968 summa
1134 1935 1293 1975 essentia,
1318 1946 1397 1977 quae
1415 1938 1469 1967 est
1484 1935 1594 1976 ipsum
1612 1944 1779 1966 summum

300 1997 437 2037 bonum,
463 1997 651 2031 nullatenus
680 2001 732 2031 est
760 1998 903 2037 bonum;
933 1997 1029 2040 quod
1057 2001 1111 2031 est
1139 1997 1391 2030 inconveniens.
1427 1996 1524 2029 Nulla
1548 1996 1649 2037 igitur
1672 1996 1780 2027 minor

300 2063 419 2092 natura
436 2060 651 2093 materialiter
676 2063 729 2093 est
753 2071 795 2093 ex
815 2071 947 2093 summa
964 2063 1094 2093 natura.
1119 2059 1206 2093 Cum
1223 2060 1323 2101 igitur
1347 2070 1464 2092 eorum
1482 2058 1676 2097 essentiam,
1701 2067 1780 2098 quae

300 2132 361 2164 per
384 2121 475 2155 aliud
499 2125 586 2162 sunt,
611 2126 749 2155 constet
772 2133 840 2155 non
865 2133 944 2155 esse
967 2121 1060 2155 velut
1084 2132 1125 2155 ex
1149 2122 1290 2154 materia
1314 2132 1355 2154 ex
1376 2132 1508 2154 summa
1532 2120 1692 2158 essentia,
1717 2129 1781 2151 nec

300 2194 342 2216 ex
365 2194 403 2216 se
427 2194 491 2217 nec
515 2194 556 2217 ex
580 2184 660 2217 alio:
684 2184 899 2217 manifestum
924 2188 977 2217 est
1001 2185 1080 2226 quia
1104 2195 1146 2217 ex
1169 2183 1256 2216 nulla
1281 2184 1422 2216 materia
1446 2186 1509 2215 est.

293 327 407 360 mundi
432 326 555 359 molem
580 337 655 359 cum
678 326 831 368 partibus
853 326 922 358 suis
946 327 1032 358 sicut
1053 325 1208 358 videmus
1231 325 1423 365 formatam,
1448 329 1607 358 constare
1625 336 1665 358 ex
1683 329 1771 358 terra

293 393 328 422 et
349 400 438 430 aqua
460 392 495 421 et
516 399 594 421 aere
616 391 651 421 et
672 388 760 429 igne,
785 398 864 429 quse
881 387 1007 420 scilicet
1024 390 1187 428 quattuor
1204 386 1371 420 elementa
1391 386 1614 428 aliquomodo
1635 387 1772 428 intelligi

293 454 439 493 possunt
470 450 542 482 sine
572 450 623 482 his
657 449 775 482 formis
805 460 891 491 quas
925 449 1153 491 conspicimus
1187 449 1218 481 in
1251 448 1354 481 rebus
1385 448 1549 488 formatis,
1585 452 1622 481 ut
1655 459 1772 481 eorum

293 512 443 545 informis
467 515 524 544 aut
549 512 650 544 etiam
675 511 817 544 confusa
841 515 960 544 natura
984 511 1140 544 videatur
1164 521 1242 543 esse
1267 512 1406 543 materia
1425 511 1572 543 omnium
1590 521 1772 552 corporum

293 575 361 606 suis
386 573 502 606 formis
532 572 771 612 discretorum;
803 583 871 605 non
902 573 1037 614 inquam
1069 572 1136 605 hoc
1165 572 1296 611 dubito,
1327 571 1391 604 sed
1422 583 1552 613 quaero,
1584 572 1674 604 unde
1698 572 1774 604 haec

293 636 368 678 ipsa
397 646 499 677 quam
528 635 594 668 dixi
624 634 806 668 mundanae
838 634 935 667 molis
968 634 1109 666 materia
1134 634 1187 667 sit.
1232 633 1318 667 Nam
1350 634 1377 666 si
1410 633 1506 666 huius
1538 634 1690 667 materiae
1720 637 1774 666 est

294 697 404 739 aliqua
438 698 588 737 materia,
624 697 677 730 illa
709 697 820 729 verius
855 699 908 728 est
942 706 1122 738 corporeae
1155 696 1383 728 universitatis
1418 696 1569 728 materia.
1609 695 1644 728 Si
1675 696 1775 737 igitur

293 760 493 792 universitas
522 770 642 798 rerum,
676 769 737 792 seu
764 757 941 791 visibilium
974 769 1035 790 seu
1067 757 1288 796 invisibilium,
1322 760 1375 790 est
1406 768 1448 790 ex
1478 757 1589 798 aliqua
1618 758 1773 790 materia:

294 821 452 864 profecto
483 832 551 854 non
582 821 691 854 solum
723 831 791 853 non
822 823 940 863 potest
971 830 1060 859 esse,
1092 819 1155 852 sed
1186 829 1250 852 nec
1283 819 1348 852 dici
1378 822 1497 861 potest
1530 830 1609 851 esse
1640 830 1681 851 ex
1711 819 1775 851 alia

294 884 435 916 materia
452 894 552 925 quam
571 894 612 916 ex
628 894 760 916 summa
776 886 906 922 natura,
932 885 989 914 aut
1011 893 1052 914 ex
1073 882 1198 923 seipsa,
1223 885 1282 913 aut
1303 892 1345 914 ex
1362 881 1472 923 aliqua
1494 881 1593 914 tertia
1615 881 1774 920 essentia,

294 956 373 987 quae
397 945 513 987 utique
537 944 624 978 nulla
649 948 713 978 est.
738 944 877 986 Quippe
902 943 978 976 nihil
1003 944 1140 976 omnino
1164 943 1218 976 vel
1242 943 1386 984 cogitari
1410 946 1528 985 potest
1550 953 1628 975 esse
1649 946 1775 984 praeter

295 1007 373 1040 illud
404 1018 570 1039 summum
604 1007 763 1046 omnium,
798 1005 894 1048 quod
925 1009 978 1039 est
1008 1016 1070 1048 per
1103 1005 1264 1047 seipsum,
1296 1009 1330 1038 et
1361 1005 1615 1038 universitatem
1647 1015 1775 1044 eorum,

295 1079 374 1110 quae
405 1079 473 1101 non
504 1079 566 1111 per
596 1079 635 1101 se
665 1068 729 1101 sed
753 1079 814 1111 per
838 1068 928 1101 idem
953 1078 1120 1100 summum
1145 1070 1233 1100 sunt.
1274 1067 1391 1105 Quare
1422 1066 1517 1108 quod
1550 1066 1639 1099 nullo
1669 1066 1775 1099 modo

295 1130 420 1172 aliquid
444 1133 508 1170 est,
537 1129 655 1163 nullius
678 1131 725 1163 rei
750 1130 891 1163 materia
915 1133 978 1162 est.
1018 1129 1065 1162 Ex
1090 1140 1151 1162 sua
1175 1140 1257 1162 vero
1282 1132 1402 1161 natura
1431 1140 1540 1162 rerum
1564 1129 1775 1167 universitas,

295 1203 374 1234 quae
397 1203 459 1235 per
483 1203 521 1225 se
545 1203 613 1225 non
638 1196 701 1232 est,
727 1203 804 1226 esse
829 1203 897 1225 non
920 1195 1054 1234 potest;
1084 1192 1245 1233 quoniam
1274 1191 1301 1223 si
1329 1191 1396 1224 hoc
1421 1194 1524 1230 esset,
1554 1189 1776 1232 aliquomodo

296 1257 389 1288 esset
413 1265 475 1297 per
498 1265 536 1287 se
561 1258 595 1287 et
619 1265 681 1296 per
705 1254 795 1287 aliud
818 1265 920 1296 quam
942 1264 1004 1296 per
1028 1253 1064 1286 id
1085 1264 1148 1295 per
1169 1253 1265 1295 quod
1286 1256 1364 1286 sunt
1388 1256 1521 1292 cuncta,
1547 1256 1581 1285 et
1598 1263 1666 1284 non
1683 1255 1777 1284 esset

296 1316 405 1349 solum
429 1316 464 1349 id
487 1327 549 1358 per
573 1316 668 1358 quod
693 1320 815 1349 cuncta
839 1319 932 1355 sunt;
961 1326 1040 1357 quae
1069 1316 1183 1348 omnia
1210 1315 1295 1348 falsa
1324 1318 1412 1348 sunt.
1450 1315 1531 1347 Item
1556 1325 1657 1347 omne
1682 1313 1777 1356 quod

297 1389 337 1411 ex
361 1379 502 1411 materia
526 1382 590 1418 est,
615 1389 656 1411 ex
680 1377 745 1411 alio
771 1382 824 1411 est
848 1381 882 1411 et
907 1388 949 1411 eo
974 1378 1157 1419 posterius.
1189 1377 1361 1415 Quoniam
1385 1377 1486 1418 igitur
1509 1376 1586 1409 nihil
1610 1379 1663 1409 est
1687 1375 1778 1408 aliud

296 1452 316 1473 a
338 1441 454 1483 seipso
475 1440 529 1473 vel
550 1441 722 1482 posterius
744 1440 871 1482 seipso,
896 1440 1117 1481 consequitur
1140 1442 1176 1472 ut
1197 1438 1274 1472 nihil
1291 1439 1333 1472 sit
1353 1438 1570 1471 materialiter
1591 1449 1632 1471 ex
1649 1438 1777 1479 seipso.

389 2244 506 2282 Quare
539 2247 699 2287 quoniam
731 2246 896 2288 quidquid
933 2250 996 2286 est,
1028 2257 1090 2288 per
1121 2257 1287 2278 summam
1317 2245 1500 2278 essentiam
1530 2247 1593 2282 est,
1628 2253 1692 2275 nec
1720 2253 1781 2284 per

300 2308 410 2349 ipsam
434 2307 524 2340 aliud
548 2308 673 2350 aliquid
703 2319 781 2341 esse
805 2312 924 2351 potest
948 2309 1010 2341 nisi
1034 2319 1075 2341 ea
1104 2312 1163 2341 aut
1186 2307 1332 2341 faciente
1356 2311 1415 2340 aut
1438 2306 1580 2339 materia
1604 2305 1781 2343 existente,
