2090 3101
299 325 501 360 sensibiliter
524 322 668 362 utendo;
700 326 757 355 aut
782 321 904 354 eadem
933 320 1041 361 signa,
1073 329 1152 360 quae
1180 317 1262 351 foris
1291 317 1460 350 sensibilia
1486 320 1573 356 sunt,
1605 317 1691 348 intra
1715 326 1779 348 nos

300 387 536 421 insensibiliter
568 384 771 427 cogitando;
808 387 866 415 aut
898 392 962 415 nec
994 380 1197 414 sensibiliter
1229 390 1293 412 nec
1326 377 1561 411 insensibiliter
1594 377 1643 410 his
1675 378 1781 419 signis

300 449 440 488 utendo,
465 447 528 481 sed
553 458 607 480 res
631 447 724 488 ipsas
748 445 800 478 vel
826 454 1008 486 corporum
1033 442 1274 483 imaginatione
1291 440 1343 473 vel
1366 440 1504 473 rationis
1522 439 1691 472 intellectu
1716 450 1780 481 pro

301 522 410 545 rerum
438 511 587 552 ipsarum
612 508 810 542 diversitate
838 507 927 539 intus
955 506 987 537 in
1016 508 1134 538 nostra
1158 507 1272 536 mente
1300 502 1461 535 dicendo.
1499 501 1609 534 Aliter
1633 511 1781 543 namque

301 574 380 607 dico
404 573 585 611 hominem,
617 581 692 604 cum
717 580 793 602 eum
823 568 889 601 hoc
917 568 1063 605 nomine,
1095 564 1190 607 quod
1219 568 1272 598 est
1302 564 1439 604 ,horno*,
1471 563 1641 604 significo;
1675 563 1780 601 aliter,

302 647 377 670 cum
405 635 496 669 idem
525 643 650 666 nomen
681 636 800 666 tacens
831 630 965 673 cogito;
996 628 1101 667 aliter,
1132 638 1208 660 cum
1237 637 1314 659 eum
1343 626 1453 667 ipsum
1485 625 1655 657 hominem
1685 635 1782 657 mens

301 701 359 731 aut
380 708 441 739 per
459 696 613 737 corporis
634 694 815 736 imaginem
833 696 890 725 aut
911 702 973 733 per
994 690 1160 723 rationem
1185 689 1341 721 intuetur.
1376 688 1439 720 Per
1463 688 1618 728 corporis
1643 686 1781 727 quidem

302 760 493 801 imaginem,
517 761 553 790 ut
570 768 646 790 cum
663 757 735 789 eius
751 754 945 788 sensibilem
965 752 1106 794 figuram
1124 751 1341 792 imaginatur;
1365 760 1426 791 per
1443 749 1609 782 rationem
1627 758 1721 787 vero,
1746 750 1781 779 ut

303 832 378 855 cum
396 821 468 853 eius
484 818 706 853 universalem
724 817 918 854 essentiam,
943 826 1022 857 quae
1039 817 1092 847 est
1117 812 1249 853 .animal
1267 811 1431 845 rationale
1449 810 1614 849 mortale*,
1640 811 1782 851 cogitat.

392 883 457 915 Hae
480 893 563 915 vero
588 885 657 914 tres
681 878 842 921 loquendi
866 878 1050 910 varietates
1075 874 1217 921 singulae
1241 873 1354 907 verbis
1379 874 1428 906 sui
1453 873 1589 915 generis
1611 875 1782 904 constant.

304 944 374 979 Sed
398 944 480 977 illius
505 954 606 985 quam
631 942 764 974 tertiam
793 943 827 973 et
852 940 1000 972 ultimam
1030 938 1130 980 posui
1158 937 1337 970 locutionis
1361 935 1477 973 verba,
1509 946 1585 967 cum
1610 934 1654 967 de
1679 934 1782 967 rebus

304 1017 371 1040 non
395 1005 559 1048 ignoratis
584 1007 671 1043 sunt,
701 1001 864 1036 naturalia
888 1004 965 1034 sunt
994 1004 1029 1033 et
1053 999 1146 1041 apud
1170 1009 1290 1031 omnes
1319 1000 1442 1039 gentes
1467 1000 1545 1029 sunt
1569 995 1702 1029 eadem.
1743 994 1783 1027 Et

304 1069 464 1111 quoniam
488 1067 551 1099 alia
576 1066 688 1099 omnia
711 1064 817 1098 verba
841 1066 985 1105 propter
1007 1062 1083 1094 haec
1108 1063 1185 1093 sunt
1201 1060 1352 1092 inventa:
1378 1059 1433 1091 ubi
1457 1059 1522 1091 ista
1548 1061 1635 1096 sunt,
1661 1057 1783 1089 nullum

305 1130 393 1164 aliud
416 1129 557 1164 verbum
582 1131 635 1162 est
660 1127 887 1160 necessarium
913 1124 957 1157 ad
975 1134 1044 1157 rem
1062 1120 1359 1164 cognoscendam;
1385 1124 1418 1153 et
1443 1119 1499 1152 ubi
1523 1120 1587 1152 ista
1613 1129 1691 1151 esse
1715 1129 1783 1151 non

305 1196 461 1235 possunt,
489 1191 612 1224 nullum
640 1190 730 1222 aliud
758 1191 812 1222 est
835 1188 915 1221 utile
943 1186 989 1219 ad
1012 1196 1084 1219 rem
1108 1182 1371 1217 ostendendam.
1411 1182 1560 1214 Possunt
1589 1181 1691 1214 etiam
1715 1190 1785 1212 non

304 1254 453 1289 absurde
478 1253 542 1287 dici
567 1255 663 1285 tanto
687 1252 830 1289 veriora,
855 1252 984 1292 quanto
1010 1247 1119 1288 magis
1143 1245 1245 1280 rebus
1270 1255 1411 1287 quarum
1436 1247 1513 1277 sunt
1538 1243 1644 1276 verba
1668 1242 1785 1275 similia

305 1320 383 1350 sunt
406 1319 441 1349 et
465 1326 525 1349 eas
549 1314 743 1357 expressius
772 1313 918 1354 signant.
957 1309 1117 1351 Exceptis
1145 1319 1292 1349 namque
1321 1306 1423 1340 rebus
1451 1305 1522 1345 illis,
1551 1304 1674 1347 quibus
1702 1305 1785 1347 ipsis

306 1379 426 1412 utimur
450 1388 513 1420 pro
537 1375 728 1410 nominibus
750 1375 819 1408 suis
836 1374 881 1407 ad
898 1372 1039 1407 easdem
1057 1370 1309 1413 significandas,
1333 1372 1370 1401 ut
1394 1371 1472 1401 sunt
1493 1367 1654 1409 quaedam
1679 1377 1785 1400 voces

304 1440 396 1473 velut
420 1441 460 1479 ,a*
485 1438 623 1477 vocalis,
653 1437 805 1479 exceptis
829 1437 965 1477 inquam
994 1434 1045 1467 his
1069 1433 1191 1466 nullum
1221 1432 1311 1465 aliud
1338 1431 1479 1464 verbum
1509 1431 1558 1462 sic
1581 1428 1715 1462 videtur
1738 1429 1785 1461 rei

307 1502 412 1535 simile
441 1501 533 1534 cuius
565 1504 618 1533 est
648 1499 800 1537 verbum,
831 1501 889 1530 aut
920 1497 969 1529 sic
1000 1506 1075 1529 eam
1100 1495 1265 1537 exprimit,
1297 1493 1475 1536 quomodo
1506 1491 1558 1524 illa
1592 1490 1785 1529 similitudo,

307 1574 385 1606 quae
418 1564 450 1595 in
483 1563 555 1596 acie
593 1562 715 1594 mentis
749 1570 819 1593 rem
857 1559 966 1601 ipsam
1005 1557 1188 1598 cogitantis
1225 1556 1428 1598 exprimitur.
1469 1553 1548 1586 Illud
1583 1554 1683 1596 igitur
1715 1554 1785 1585 iure

309 1624 488 1659 dicendum
518 1627 571 1656 est
600 1623 743 1656 maxime
771 1621 945 1663 proprium
975 1623 1010 1652 et
1038 1618 1222 1661 principale
1247 1619 1293 1651 rei
1317 1616 1470 1650 verbum.
1509 1615 1735 1657 Quapropter
1759 1615 1787 1646 si

308 1686 394 1720 nulla
428 1686 472 1719 de
505 1685 656 1727 qualibet
688 1695 724 1717 re
764 1683 890 1716 locutio
925 1685 1054 1714 tantum
1091 1681 1299 1722 propinquat
1330 1680 1387 1718 rei,
1423 1681 1586 1720 quantum
1621 1676 1673 1709 illa
1707 1686 1786 1718 quae

308 1747 499 1782 huiusmodi
522 1747 636 1780 verbis
660 1748 807 1784 constat,
838 1755 902 1777 nec
930 1742 1056 1785 aliquid
1085 1742 1174 1775 aliud
1203 1744 1272 1773 tam
1301 1739 1407 1773 simile
1435 1739 1482 1772 rei
1510 1739 1565 1772 vel
1587 1738 1710 1771 futurae
1733 1737 1787 1770 vel

308 1811 374 1844 iam
398 1809 573 1843 existentis
601 1809 633 1841 in
657 1808 788 1840 ratione
812 1806 949 1839 alicuius
973 1808 1092 1847 potest
1116 1814 1209 1837 esse:
1241 1814 1309 1836 non
1338 1801 1505 1834 immerito
1534 1800 1640 1833 videri
1668 1802 1787 1841 potest

308 1871 403 1914 apud
430 1881 597 1904 summam
625 1869 862 1908 substantiam,
893 1866 996 1901 talem
1027 1877 1137 1900 rerum
1167 1865 1375 1899 locutionem
1406 1867 1440 1895 et
1469 1862 1573 1895 fuisse
1602 1865 1786 1903 antequam

309 1937 426 1968 essent
449 1937 485 1966 ut
509 1943 571 1975 per
594 1943 669 1965 eam
693 1931 823 1969 fierent,
848 1933 883 1963 et
907 1939 985 1962 esse
1009 1939 1085 1961 cum
1109 1927 1200 1960 facta
1225 1930 1302 1959 sunt
1326 1928 1362 1958 ut
1386 1936 1448 1967 per
1472 1935 1548 1957 eam
1573 1924 1731 1957 sciantur.
