2090 3101
266 313 344 354 quia
373 323 474 345 omne
505 323 573 345 non
604 312 741 354 sapiens
774 312 890 345 melius
922 315 1025 352 esset,
1057 313 1084 345 si
1115 318 1209 345 esset
1237 313 1385 354 sapiens.
1426 312 1582 345 Similiter
1606 314 1743 346 omnino

267 373 383 406 melius
412 377 464 407 est
489 385 605 407 verum
637 385 738 416 quam
770 384 838 406 non
868 374 989 415 ipsum,
1021 374 1055 406 id
1086 377 1139 407 est
1168 385 1270 416 quam
1300 385 1368 407 non
1396 385 1528 413 verum;
1562 378 1596 407 et
1620 375 1743 407 iustum

266 447 367 477 quam
392 447 459 468 non
491 437 628 475 iustum;
661 439 695 468 et
725 436 805 468 vivit
837 446 938 477 quam
970 447 1038 468 non
1069 437 1159 469 vivit.
1199 435 1317 468 Melius
1350 439 1463 468 autem
1493 439 1545 468 est
1574 436 1606 468 in
1631 436 1743 477 aliquo

265 508 333 530 non
358 498 467 539 ipsum
492 508 594 539 quam
616 498 737 539 ipsum,
762 501 798 530 ut
819 509 887 530 non
904 509 1020 530 aurum
1039 509 1141 539 quam
1159 509 1285 530 aurum.
1310 497 1397 530 Nam
1415 497 1531 530 melius
1549 501 1602 530 est
1618 497 1744 530 homini

266 570 344 592 esse
368 570 436 592 non
461 570 576 592 aurum
601 570 702 601 quam
728 571 854 599 aurum,
886 560 1040 601 quamvis
1068 560 1210 592 forsitan
1238 559 1334 592 alicui
1363 559 1480 592 melius
1509 563 1603 592 esset
1627 570 1743 592 aurum

266 632 344 654 esse
368 632 470 663 quam
495 632 563 654 non
587 632 714 660 aurum,
743 624 779 654 ut
803 621 954 663 plumbo.
991 621 1077 654 Cum
1102 622 1190 654 enim
1214 625 1404 662 utrumque,
1430 621 1557 653 scilicet
1581 620 1685 653 homo
1710 624 1744 653 et

265 683 449 725 plumbum,
483 683 526 715 sit
557 694 624 715 non
656 694 788 716 aurum:
822 687 919 716 tanto
950 683 1068 716 melius
1101 683 1225 725 aliquid
1259 686 1313 716 est
1345 682 1449 715 homo
1481 693 1584 725 quam
1616 693 1743 722 aurum,

266 749 395 787 quanto
425 744 589 778 inferioris
621 748 714 778 esset
745 748 886 784 naturae,
918 746 945 777 si
976 748 1069 778 esset
1098 756 1229 784 aurum;
1262 748 1296 777 et
1325 744 1498 786 plumbum
1529 747 1625 777 tanto
1649 744 1744 776 vilius

266 810 329 846 est,
354 810 483 848 quanto
508 807 691 849 pretiosius
715 810 819 845 esset,
844 807 871 839 si
896 817 1011 839 aurum
1037 810 1141 839 esset.

353 869 452 901 Patet
476 872 589 901 autem
614 879 655 901 ex
679 879 722 901 eo
747 868 842 910 quod
866 879 997 901 summa
1022 872 1141 901 natura
1163 869 1211 901 sic
1227 868 1364 909 intelligi
1381 871 1500 909 potest
1517 879 1585 901 non
1602 879 1743 907 summa,

265 934 300 963 ut
325 941 388 963 nec
412 941 578 963 summum
603 931 740 962 omnino
765 930 881 962 melius
907 930 949 962 sit
973 941 1075 971 quam
1100 941 1168 962 non
1193 941 1371 969 summum,
1396 940 1460 962 nec
1484 940 1552 962 non
1577 941 1743 962 summum

266 993 360 1026 alicui
391 992 508 1025 melius
539 1003 640 1033 quam
674 1002 856 1024 summum:
891 991 995 1023 multa
1025 991 1165 1024 relativa
1198 1002 1287 1030 esse,
1321 1002 1400 1032 quae
1433 1002 1648 1032 nequaquam
1681 991 1744 1023 hac

265 1055 501 1087 contineantur
530 1053 705 1086 divisione.
745 1052 865 1086 Utrum
895 1063 978 1086 vero
1010 1052 1121 1094 aliqua
1153 1053 1399 1091 contineantur,
1431 1053 1598 1094 inquirere
1627 1063 1743 1094 super

264 1116 383 1155 sedeo,
408 1127 483 1149 cum
502 1115 546 1148 ad
562 1115 777 1157 propositum
795 1114 950 1154 sufficiat,
975 1114 1070 1156 quod
1095 1114 1140 1147 de
1164 1114 1224 1147 illis
1241 1118 1358 1147 notum
1376 1117 1444 1147 est:
1469 1113 1592 1146 nullum
1617 1113 1744 1147 scilicet

264 1189 381 1211 eorum
406 1177 588 1219 designare
612 1176 798 1219 simplicem
822 1187 965 1209 summae
989 1179 1120 1208 naturae
1144 1175 1382 1209 substantiam.
1411 1176 1499 1209 Cum
1523 1176 1624 1217 igitur
1647 1175 1743 1217 quid

264 1240 346 1282 quid
370 1239 458 1273 aliud
483 1243 546 1279 est,
571 1240 598 1272 si
622 1238 753 1280 singula
774 1238 1004 1280 dispiciantur,
1029 1241 1087 1270 aut
1110 1238 1153 1270 sit
1178 1237 1295 1270 melius
1319 1248 1421 1279 quam
1446 1248 1514 1270 non
1539 1238 1661 1279 ipsum,
1686 1240 1744 1269 aut

264 1313 331 1335 non
355 1303 465 1344 ipsum
494 1302 527 1334 in
551 1301 664 1343 aliquo
688 1301 731 1333 sit
755 1300 872 1333 melius
901 1311 1003 1342 quam
1028 1300 1153 1342 ipsum:
1185 1300 1271 1332 sicut
1300 1299 1396 1332 nefas
1425 1303 1478 1332 est
1502 1303 1623 1341 putare
1648 1299 1744 1341 quod

264 1363 455 1397 substantia
486 1373 657 1405 supremae
688 1366 819 1395 naturae
849 1362 893 1394 sit
924 1361 1058 1403 aliquid,
1092 1372 1161 1403 quo
1196 1361 1312 1394 melius
1346 1362 1388 1394 sit
1421 1360 1643 1403 aliquomodo
1675 1372 1744 1394 non

263 1426 384 1468 ipsum,
408 1426 457 1458 sic
480 1435 625 1458 necesse
649 1427 702 1457 est
727 1427 763 1457 ut
784 1424 827 1456 sit
849 1423 1014 1465 quidquid
1036 1424 1173 1456 omnino
1191 1423 1309 1456 melius
1326 1427 1379 1456 est
1403 1434 1505 1464 quam
1530 1433 1599 1455 non
1622 1423 1743 1464 ipsum.

264 1488 316 1521 Illa
341 1488 428 1520 enim
453 1487 527 1520 sola
551 1490 604 1520 est
628 1497 696 1528 qua
720 1487 855 1528 penitus
879 1485 955 1518 nihil
980 1489 1033 1518 est
1058 1485 1185 1525 melius,
1211 1489 1246 1518 et
1270 1496 1349 1527 quae
1373 1485 1491 1518 melior
1511 1488 1564 1517 est
1586 1484 1744 1517 omnibus

264 1561 343 1592 quae
367 1561 435 1583 non
459 1553 537 1582 sunt
565 1548 660 1591 quod
688 1549 764 1590 ipsa
792 1551 855 1580 est.
896 1548 973 1580 Non
1005 1551 1058 1580 est
1088 1548 1188 1589 igitur
1219 1558 1344 1589 corpus
1373 1546 1426 1579 vel
1457 1546 1584 1588 aliquid
1615 1557 1743 1585 eorum,

264 1623 343 1654 quae
367 1612 524 1654 corporei
553 1622 674 1644 sensus
699 1610 905 1643 discernunt.
945 1609 1084 1652 Quippe
1112 1609 1163 1641 his
1193 1608 1350 1641 omnibus
1380 1608 1497 1641 melius
1526 1611 1579 1641 est
1608 1607 1742 1650 aliquid,

264 1673 359 1716 quod
383 1684 451 1706 non
475 1676 528 1706 est
552 1673 648 1715 quod
671 1673 746 1714 ipsa
770 1675 858 1704 sunt.
899 1671 995 1704 Mens
1025 1671 1112 1704 enim
1137 1669 1318 1710 rationalis,
1351 1680 1430 1711 quae
1458 1669 1547 1703 nullo
1573 1680 1743 1712 corporeo

265 1746 367 1768 sensu
392 1735 472 1777 quid
497 1735 549 1768 vel
567 1734 674 1776 qualis
697 1733 751 1767 vel
773 1737 900 1775 quanta
922 1733 964 1766 sit
981 1733 1179 1775 percipitur:
1204 1735 1334 1774 quanto
1352 1733 1460 1764 minor
1477 1735 1580 1771 esset,
1606 1732 1632 1764 si
1650 1734 1743 1764 esset

265 1797 389 1839 aliquid
420 1808 537 1830 eorum
569 1807 648 1838 quae
679 1796 855 1837 corporeis
884 1794 1041 1828 sensibus
1072 1794 1260 1833 subiacent,
1292 1797 1389 1826 tanto
1421 1794 1528 1826 maior
1558 1797 1612 1826 est
1640 1804 1742 1835 quam

264 1858 442 1901 quodlibet
475 1869 603 1891 eorum.
643 1858 780 1890 Penitus
813 1857 900 1890 enim
936 1857 1011 1898 ipsa
1046 1867 1177 1889 summa
1213 1856 1362 1888 essentia
1395 1855 1543 1888 tacenda
1579 1858 1632 1888 est
1665 1865 1743 1887 esse

265 1920 389 1962 aliquid
413 1931 529 1953 eorum
554 1919 677 1961 quibus
701 1923 755 1952 est
779 1918 913 1960 aliquid,
943 1918 1039 1960 quod
1062 1928 1131 1950 non
1156 1921 1220 1957 est,
1252 1916 1348 1959 quod
1372 1918 1446 1959 ipsa
1471 1920 1548 1949 sunt
1573 1917 1743 1958 superius;

264 1986 300 2015 et
330 1985 383 2015 est
416 1982 564 2021 omnino,
600 1982 687 2014 sicut
717 1981 803 2013 ratio
837 1980 951 2019 docet,
987 1979 1133 2012 dicenda
1165 1978 1343 2020 quodlibet
1375 1989 1503 2017 eorum,
1536 1978 1659 2020 quibus
1690 1981 1744 2011 est

265 2054 366 2077 omne
390 2043 485 2086 quod
509 2054 577 2076 non
602 2047 656 2076 est
679 2042 775 2085 quod
798 2043 873 2084 ipsa
895 2046 982 2081 sunt,
1007 2041 1152 2074 inferius.
1178 2040 1295 2078 Quare
1319 2051 1462 2073 necesse
1487 2043 1540 2073 est
1564 2051 1639 2073 eam
1664 2050 1742 2073 esse

264 2107 444 2145 viventem,
473 2106 674 2147 sapientem,
703 2107 882 2147 potentem
912 2107 946 2136 et
970 2104 1252 2146 omnipotentem,
1280 2113 1407 2142 veram,
1435 2103 1568 2141 iustam,
1593 2101 1742 2140 beatam,

265 2171 439 2207 aeternam,
464 2171 499 2200 et
523 2166 688 2208 quidquid
712 2165 860 2199 similiter
884 2165 1041 2198 absolute
1066 2164 1183 2197 melius
1208 2168 1261 2197 est
1285 2175 1386 2206 quam
1412 2174 1479 2196 non
1503 2164 1624 2205 ipsum.
1650 2162 1743 2200 Quid

265 2240 349 2271 ergo
374 2232 547 2271 quaeratur
571 2228 713 2271 amplius
738 2227 819 2270 quid
843 2238 974 2260 summa
998 2226 1051 2259 illa
1075 2227 1117 2259 sit
1142 2230 1271 2265 natura,
1296 2226 1324 2258 si
1345 2225 1558 2258 manifestum
1583 2228 1637 2257 est
1661 2224 1743 2266 quid

265 2291 412 2323 omnium
437 2291 479 2323 sit
504 2294 561 2323 aut
585 2290 667 2332 quid
690 2300 758 2323 non
783 2289 852 2322 sit?
