2090 3101
286 310 447 342 rationem
473 310 723 351 constringitur.
764 309 940 351 Quidquid
965 311 1064 351 igitur
1092 321 1209 343 eorum
1234 310 1279 343 de
1308 310 1359 343 illa
1384 310 1529 344 dicatur:
1559 322 1626 344 non
1651 312 1759 353 qualis

286 371 334 403 vel
359 374 497 412 quanta,
526 371 590 403 sed
614 371 722 412 magis
747 370 828 412 quid
853 371 896 403 sit
920 375 1137 404 monstratur.
1169 371 1239 405 Sed
1264 372 1375 413 palam
1400 376 1454 405 est
1478 374 1556 414 quia
1580 373 1758 415 quodlibet

286 432 409 465 bonum
434 443 566 465 summa
590 436 708 465 natura
733 433 786 472 sit,
815 443 946 466 summe
970 432 1048 465 illud
1072 437 1136 466 est.
1166 433 1218 466 Illa
1243 434 1343 475 igitur
1366 437 1420 467 est
1443 445 1574 467 summa
1599 436 1758 475 essentia,

286 505 414 526 summa
437 494 516 533 vita,
541 505 672 526 summa
696 495 793 533 ratio,
818 505 949 527 summa
973 494 1075 534 salus,
1106 505 1238 527 summa
1261 496 1396 535 iustitia,
1425 507 1556 529 summa
1581 497 1758 539 sapientia,

286 567 413 588 summa
441 557 577 595 veritas,
610 567 741 588 summa
774 555 921 595 bonitas,
957 567 1089 589 summa
1122 557 1333 598 magnitudo,
1369 568 1499 590 summa
1532 557 1758 599 pulchritudo,

286 628 413 650 summa
434 617 678 657 immortalitas,
703 628 834 650 summa
855 618 1162 659 incorruptibilitas,
1187 629 1319 651 summa
1340 619 1602 659 immutabilitas,
1628 631 1758 652 summa

286 679 472 718 beatitudo,
506 690 636 712 summa
668 680 852 719 aeternitas,
886 690 1016 712 summa
1047 683 1217 721 potestas,
1250 690 1382 713 summa
1412 682 1533 720 unitas,
1566 681 1663 723 quod
1691 692 1759 714 non

286 745 335 774 est
358 741 448 774 aliud
472 752 574 783 quam
599 752 729 774 summe
754 752 825 781 ens,
850 752 981 774 summe
1004 742 1132 781 vivens,
1157 744 1191 775 et
1215 742 1279 774 alia
1303 741 1461 776 similiter.

360 934 464 975 Quod
486 938 533 968 ita
558 937 604 968 sit
627 935 779 977 simplex,
805 941 841 968 ut
865 937 979 968 omnia
1004 949 1089 979 quae
1113 935 1154 968 de
1177 938 1249 969 eius
1272 937 1417 968 essentia
1442 935 1510 968 dici
1530 942 1681 978 possunt,

347 1010 450 1029 unum
476 997 630 1040 idemque
654 999 688 1029 in
713 997 776 1030 illa
800 999 878 1035 sint,
908 1002 939 1030 et
962 997 1053 1030 nihil
1074 997 1115 1030 de
1139 1010 1177 1030 ea
1202 997 1272 1030 dici
1293 999 1402 1040 possit
1424 997 1693 1031 substantialiter

772 1061 840 1091 nisi
863 1061 897 1092 in
922 1071 960 1091 eo
983 1059 1075 1102 quod
1096 1059 1181 1101 quid
1201 1064 1261 1092 est.

839 873 1072 916 Capitulum
1096 873 1199 906 XVII.

364 1130 477 1189 Quid
509 1146 619 1189 ergo?
660 1146 694 1180 Si
724 1147 777 1180 illa
807 1158 939 1180 summa
970 1150 1089 1180 natura
1121 1150 1174 1180 tot
1203 1146 1297 1180 bona
1327 1149 1396 1180 est:
1427 1147 1534 1180 eritne
1564 1148 1758 1190 composita

278 1213 348 1242 tam
372 1209 522 1251 pluribus
545 1209 657 1248 bonis,
682 1220 724 1241 an
745 1209 861 1250 potius
882 1219 951 1241 non
972 1212 1050 1241 sunt
1073 1208 1169 1250 plura
1189 1208 1293 1248 bona,
1317 1207 1382 1241 sed
1402 1219 1503 1241 unum
1525 1207 1664 1248 bonum,
1689 1212 1758 1241 tam

238 1281 263 1301 is
278 1271 428 1314 pluribus
462 1271 653 1304 nominibus
687 1270 938 1312 significatum?
981 1270 1095 1304 Omne
1128 1271 1216 1303 enim
1250 1270 1480 1312 compositum
1512 1273 1550 1303 ut
1582 1269 1758 1310 subsistat,

278 1333 408 1374 indiget
438 1333 477 1365 iis
506 1343 547 1365 ex
578 1332 701 1374 quibus
730 1333 956 1374 componitur,
988 1335 1022 1365 et
1051 1332 1111 1365 illis
1140 1331 1247 1365 debet
1270 1331 1366 1373 quod
1390 1335 1458 1371 est;
1489 1332 1568 1374 quia
1592 1331 1759 1374 quidquid

279 1397 342 1434 est,
367 1405 429 1436 per
452 1394 505 1427 illa
529 1398 593 1434 est,
622 1397 658 1427 et
685 1393 738 1427 illa
762 1393 858 1436 quod
886 1398 974 1434 sunt,
1003 1404 1066 1436 per
1093 1392 1172 1427 illud
1196 1404 1265 1426 non
1288 1396 1381 1433 sunt;
1412 1397 1448 1426 et
1471 1392 1598 1426 idcirco
1623 1393 1758 1436 penitus

240 1466 265 1486 is
280 1467 446 1489 summum
471 1467 539 1489 non
564 1459 627 1489 est.
664 1455 698 1489 Si
723 1456 823 1498 igitur
846 1455 898 1488 illa
923 1459 1042 1488 natura
1066 1455 1261 1497 composita
1289 1458 1343 1488 est
1367 1454 1517 1497 pluribus
1540 1454 1652 1494 bonis,
1683 1454 1759 1488 haec

279 1518 392 1550 omnia
416 1528 495 1560 quae
519 1518 609 1550 omni
634 1518 829 1559 composito
854 1518 976 1556 insunt,
1001 1518 1033 1550 in
1056 1516 1143 1549 illam
1168 1516 1316 1550 incidere
1340 1526 1484 1549 necesse
1508 1520 1572 1549 est.

368 1579 475 1617 Quod
499 1579 594 1612 nefas
618 1578 773 1612 falsitatis
794 1582 915 1621 aperta
936 1579 1067 1612 ratione
1088 1578 1234 1612 destruit
1257 1582 1292 1611 et
1316 1577 1428 1611 obruit
1453 1581 1528 1611 tota
1551 1589 1631 1620 quae
1654 1589 1757 1621 supra

279 1641 389 1683 patuit
416 1642 605 1674 necessitas
633 1642 795 1674 veritatis.
835 1640 921 1675 Cum
951 1641 1051 1682 igitur
1080 1640 1133 1673 illa
1161 1644 1281 1673 natura
1310 1639 1399 1673 nullo
1428 1639 1534 1673 modo
1563 1640 1757 1683 composita

279 1703 333 1742 sit,
357 1706 392 1736 et
416 1706 531 1736 tamen
555 1702 754 1735 omnimodo
784 1706 837 1735 tot
864 1702 918 1735 illa
946 1702 1038 1735 bona
1067 1703 1120 1742 sit,
1152 1712 1296 1735 necesse
1320 1705 1374 1735 est
1401 1705 1438 1735 ut
1468 1701 1521 1735 illa
1545 1702 1658 1735 omnia
1689 1712 1758 1735 non

279 1764 384 1806 plura,
409 1764 473 1797 sed
496 1775 597 1797 unum
622 1765 699 1797 sint.
727 1763 818 1797 Idem
842 1764 943 1806 igitur
965 1767 1020 1797 est
1043 1763 1223 1806 quodlibet
1245 1774 1347 1796 unum
1372 1774 1489 1797 eorum
1514 1763 1610 1806 quod
1634 1764 1757 1803 omnia,

280 1826 351 1859 sive
375 1826 471 1859 simul
495 1827 567 1859 sive
591 1825 732 1868 singula.
757 1826 803 1859 Ut
827 1836 903 1859 cum
928 1825 1048 1859 dicitur
1071 1826 1196 1858 iustitia
1219 1825 1272 1858 vel
1293 1826 1454 1865 essentia,
1478 1824 1568 1859 idem
1590 1825 1759 1867 significat

280 1888 375 1929 quod
404 1887 477 1927 alia,
508 1887 562 1921 vel
593 1888 706 1921 omnia
730 1887 826 1920 simul
854 1887 907 1920 vel
931 1887 1073 1929 singula.
1112 1887 1415 1925 Quemadmodum
1440 1888 1556 1929 itaque
1578 1898 1680 1920 unum
1704 1891 1759 1921 est

280 1949 445 1991 quidquid
476 1949 701 1983 essentialiter
731 1949 776 1982 de
807 1960 938 1982 summa
969 1949 1161 1983 substantia
1194 1949 1324 1989 dicitur,
1357 1950 1403 1982 ita
1434 1950 1509 1991 ipsa
1541 1960 1610 1983 uno
1641 1949 1757 1990 modo,

280 2022 345 2044 una
369 2010 644 2044 consideratione
668 2015 723 2044 est
750 2011 916 2053 quidquid
940 2015 993 2044 est
1017 2011 1251 2045 essentialiter.
1287 2011 1373 2046 Cum
1399 2012 1486 2044 enim
1510 2011 1629 2054 aliquis
1653 2011 1758 2045 homo

280 2073 411 2106 dicatur
435 2077 470 2106 et
493 2084 619 2115 corpus
643 2077 678 2106 et
701 2073 874 2106 rationalis
898 2077 933 2106 et
956 2073 1072 2113 homo,
1096 2084 1165 2106 non
1189 2084 1257 2106 uno
1278 2073 1385 2106 modo
1408 2073 1461 2106 vel
1482 2072 1759 2106 consideratione

280 2135 355 2168 haec
386 2136 447 2168 tria
478 2135 609 2168 dicitur.
649 2135 844 2169 Secundum
877 2135 967 2168 aliud
1000 2136 1087 2168 enim
1121 2139 1175 2168 est
1208 2146 1345 2177 corpus,
1381 2138 1416 2168 et
1448 2134 1635 2168 secundum
1669 2134 1758 2168 aliud

281 2197 462 2236 rationalis,
487 2200 522 2230 et
546 2197 713 2239 singulum
738 2197 857 2230 horum
882 2208 950 2230 non
975 2200 1028 2230 est
1053 2200 1163 2230 totum
1184 2196 1251 2230 hoc
1275 2196 1370 2238 quod
1391 2200 1444 2229 est
1465 2196 1580 2229 homo.
1606 2196 1659 2229 Illa
1674 2207 1758 2230 vero

280 2270 411 2292 summa
436 2260 585 2292 essentia
609 2259 698 2292 nullo
723 2259 829 2292 modo
855 2259 903 2292 sic
927 2263 981 2292 est
1003 2259 1140 2301 aliquid,
1171 2263 1207 2291 ut
1231 2258 1310 2292 illud
1333 2258 1422 2291 idem
1448 2257 1634 2291 secundum
1660 2258 1757 2291 alium

280 2321 420 2354 modum
444 2325 503 2354 aut
524 2321 711 2354 secundum
733 2321 830 2354 aliam
853 2320 1162 2354 considerationem
1184 2331 1253 2354 non
1277 2321 1334 2360 sit;
1359 2320 1438 2362 quia
1458 2319 1623 2362 quidquid
1644 2319 1758 2362 aliquo
