2090 3101
362 397 480 434 Quare
504 396 581 429 nihil
612 396 673 428 fuit
702 399 781 428 ante
813 406 889 428 eam
921 399 956 428 et
986 395 1063 428 nihil
1094 396 1156 428 erit
1187 400 1270 437 post
1301 407 1387 429 eam.
1427 396 1514 428 Nam
1546 400 1604 428 aut
1635 396 1760 438 aliquid
1791 400 1850 429 aut

361 458 437 491 nihil
462 469 607 491 necesse
632 461 685 491 est
706 459 931 500 praecessisse
952 457 1005 490 vel
1029 457 1291 490 subsecuturum
1309 468 1397 490 esse.
1423 457 1490 495 Qui
1516 461 1629 491 autem
1655 458 1745 498 dicit,
1770 460 1849 500 quia

361 520 437 553 nihil
461 520 523 553 fuit
546 524 627 553 ante
651 521 761 562 ipsam
791 523 825 553 et
850 520 927 553 nihil
951 520 1014 553 erit
1038 523 1120 561 post
1144 520 1264 562 ipsam,
1296 519 1331 552 id
1354 521 1574 562 pronuntiare
1598 520 1741 559 videtur,
1771 521 1849 562 quia

360 582 420 616 fuit
445 587 525 616 ante
550 583 659 625 ipsam
690 582 831 624 quando
860 582 937 615 nihil
969 586 1053 621 erat,
1085 585 1119 615 et
1151 583 1212 614 erit
1243 585 1325 624 post
1356 583 1465 624 ipsam
1498 582 1638 623 quando
1669 582 1746 615 nihil
1777 583 1849 615 erit.

361 645 513 682 Quando
539 655 624 686 ergo
650 644 727 677 nihil
752 648 835 683 erat,
868 644 921 677 illa
950 655 1019 677 non
1044 648 1131 684 erat;
1164 647 1199 676 et
1223 643 1363 685 quando
1393 643 1470 676 nihil
1499 645 1571 684 erit,
1602 644 1655 677 illa
1684 655 1752 677 non
1777 645 1849 677 erit.

361 707 553 744 Quomodo
587 717 672 748 ergo
706 717 775 739 non
811 707 937 748 incepit
972 717 1013 739 ex
1048 705 1160 745 nihilo,
1198 710 1255 738 aut
1291 706 1469 747 quomodo
1506 717 1574 739 non
1610 706 1770 739 deveniet
1804 706 1848 739 ad

361 768 506 808 nihilum,
538 769 566 801 si
590 768 643 801 illa
667 768 820 801 nondum
852 771 925 801 erat
957 779 1032 801 cum
1062 769 1128 801 iam
1157 772 1231 801 erat
1260 768 1347 808 nihil,
1379 772 1414 801 et
1445 768 1567 801 eadem
1598 769 1664 801 iam
1696 779 1764 801 non
1789 770 1850 801 erit

361 842 438 864 cum
462 831 576 864 adhuc
600 832 662 863 erit
687 830 791 863 nihil?
831 830 926 867 Quid
954 831 1055 872 igitur
1084 830 1200 863 molita
1230 834 1284 863 est
1308 833 1404 863 tanta
1428 830 1536 863 moles
1562 834 1850 872 argumentorum,

361 894 389 926 si
415 897 484 926 tam
508 893 606 926 facile
631 892 813 925 demolitur
841 892 976 924 nihilum
1006 892 1175 925 molimina
1205 891 1349 925 eorum?
1389 891 1424 925 Si
1449 903 1597 934 namque
1625 893 1850 931 constituitur,

361 959 398 988 ut
424 966 591 988 summum
624 966 702 988 esse
727 954 827 987 nihilo
860 957 894 987 et
923 954 1136 996 praecedenti
1167 954 1333 987 succedat
1365 957 1400 987 et
1431 954 1655 996 subsequenti
1686 954 1850 988 decedat:

363 1017 530 1059 quidquid
554 1028 657 1059 supra
687 1017 806 1049 statuit
836 1027 954 1049 verum
986 1027 1141 1055 necesse,
1174 1015 1368 1049 destituitur
1399 1027 1461 1058 per
1488 1017 1588 1049 inane
1611 1016 1756 1049 nihilum.
1796 1016 1851 1049 An

360 1080 476 1122 potius
506 1079 768 1121 repugnandum
798 1081 851 1112 est
880 1078 992 1118 nihilo,
1024 1089 1067 1111 ne
1099 1082 1151 1111 tot
1183 1082 1364 1111 structurae
1393 1079 1598 1111 necessariae
1627 1079 1766 1111 rationis
1795 1090 1850 1112 ex

360 1146 556 1184 pugnentur
585 1153 604 1175 a
629 1141 741 1180 nihilo,
773 1144 808 1174 et
840 1151 1007 1173 summum
1040 1140 1169 1173 bonum
1198 1139 1295 1182 quod
1323 1140 1459 1173 lucerna
1487 1141 1640 1173 veritatis
1669 1142 1851 1182 quaesitum

361 1209 396 1238 et
420 1205 592 1237 inventum
618 1208 682 1244 est,
708 1204 881 1236 amittatur
905 1214 969 1245 pro
994 1202 1122 1236 nihilo?

451 1266 568 1299 Potius
591 1266 692 1308 igitur
713 1269 897 1305 asseratur,
922 1266 950 1298 si
971 1265 1042 1298 fieri
1064 1269 1193 1307 potest,
1220 1266 1298 1307 quia
1319 1264 1395 1298 nihil
1417 1276 1485 1298 non
1506 1265 1566 1298 fuit
1588 1269 1668 1298 ante
1684 1277 1850 1299 summam

361 1329 547 1361 essentiam
572 1339 637 1361 nec
661 1328 724 1361 erit
748 1332 831 1370 post
854 1328 953 1367 illam,
985 1339 1088 1370 quam
1118 1327 1199 1360 dum
1227 1328 1324 1361 locus
1353 1328 1453 1360 datur
1478 1331 1557 1360 ante
1581 1327 1634 1360 vel
1658 1331 1740 1370 post
1764 1328 1851 1360 illam

362 1390 474 1430 nihilo,
507 1401 569 1433 per
597 1389 732 1423 nihilum
762 1390 945 1423 reducatur
976 1389 1022 1422 ad
1051 1389 1128 1422 nihil
1157 1389 1236 1422 illud
1265 1400 1353 1429 esse,
1386 1390 1481 1432 quod
1509 1401 1572 1432 per
1595 1390 1745 1432 seipsum
1771 1401 1851 1423 con

363 1452 458 1486 duxit
482 1452 516 1485 id
541 1452 637 1494 quod
662 1455 735 1485 erat
759 1452 836 1485 nihil
861 1452 906 1485 ad
931 1463 1019 1485 esse.
1046 1452 1224 1494 Duplicem
1249 1463 1397 1494 namque
1421 1463 1487 1484 una
1511 1452 1742 1494 pronuntiatio
1764 1452 1852 1493 gerit

361 1516 578 1554 sententiam,
604 1525 680 1548 cum
705 1514 827 1547 dicitur
851 1515 930 1556 quia
954 1513 1031 1546 nihil
1052 1513 1112 1546 fuit
1134 1517 1213 1546 ante
1235 1525 1401 1546 summam
1423 1514 1618 1547 essentiam.
1645 1514 1739 1547 Unus
1764 1515 1851 1547 enim

362 1581 416 1610 est
440 1577 512 1610 eius
537 1587 675 1610 sensus:
700 1577 780 1618 quia
801 1577 999 1618 priusquam
1021 1587 1154 1608 summa
1176 1577 1326 1609 essentia
1348 1580 1442 1609 esset
1465 1575 1536 1615 fuit,
1561 1587 1638 1609 cum
1663 1580 1736 1608 erat
1760 1575 1850 1615 nihil;

362 1639 448 1672 alter
483 1650 566 1672 vero
602 1639 675 1671 eius
710 1642 764 1671 est
799 1638 1005 1671 intellectus:
1041 1638 1120 1680 quia
1155 1642 1234 1671 ante
1270 1649 1436 1671 summam
1471 1639 1655 1671 essentiam
1691 1649 1759 1671 non
1792 1638 1851 1670 fuit

362 1701 500 1743 aliquid.
540 1700 653 1734 Veluti
682 1701 708 1733 si
740 1700 867 1733 dicam:
899 1700 976 1733 nihil
1008 1711 1061 1733 me
1093 1700 1210 1733 docuit
1240 1700 1368 1740 volare,
1400 1700 1467 1733 hoc
1498 1704 1556 1733 aut
1586 1701 1635 1733 sic
1666 1711 1851 1742 exponam:

363 1764 442 1805 quia
466 1764 576 1805 ipsum
602 1762 712 1802 ,nihil',
745 1762 841 1804 quod
866 1762 1034 1804 significat
1059 1773 1138 1801 ,non
1164 1762 1311 1805 aliquid',
1343 1762 1460 1795 docuit
1490 1773 1544 1795 me
1568 1762 1695 1801 volare,
1727 1766 1762 1795 et
1791 1763 1852 1794 erit

361 1825 498 1865 falsum;
532 1829 605 1858 aut:
637 1826 716 1867 quia
747 1836 816 1858 non
846 1836 899 1858 me
929 1824 1047 1857 docuit
1076 1824 1202 1866 aliquid
1225 1824 1352 1864 volare,
1385 1824 1481 1866 quod
1509 1828 1563 1857 est
1591 1835 1718 1857 verum.
1759 1824 1853 1857 Prior

362 1888 478 1929 itaque
503 1898 625 1920 sensus
654 1890 719 1927 est,
751 1898 853 1929 quem
883 1888 1036 1928 sequitur
1067 1898 1170 1929 supra
1202 1890 1349 1920 tractata
1374 1887 1655 1926 inconvenientia,
1687 1889 1721 1919 et
1746 1887 1851 1919 omni

363 1949 468 1982 moda
492 1950 625 1982 ratione
649 1960 713 1991 pro
737 1948 825 1982 falso
850 1949 1035 1991 repellitur;
1061 1949 1146 1982 alter
1169 1959 1253 1982 vero
1278 1952 1342 1988 est,
1367 1949 1423 1990 qui
1445 1948 1677 1990 superioribus
1698 1948 1853 1990 perfecta

363 2012 517 2045 cohaeret
541 2012 790 2051 convenientia,
820 2015 855 2044 et
885 2015 959 2044 tota
988 2011 1117 2044 illorum
1146 2011 1367 2044 contextione
1396 2022 1497 2044 verus
1526 2021 1605 2044 esse
1630 2010 1852 2052 compellitur.

364 2073 481 2111 Quare
506 2085 582 2107 cum
608 2073 729 2107 dicitur
757 2074 837 2115 quia
860 2073 937 2106 nihil
961 2073 1022 2106 fuit
1046 2076 1126 2106 ante
1155 2073 1253 2112 illam,
1283 2072 1471 2106 secundum
1500 2072 1728 2114 posteriorem
1758 2072 1852 2105 intel

363 2136 488 2169 lectum
514 2136 750 2178 accipiendum
776 2139 844 2175 est;
870 2147 934 2169 nec
958 2136 1007 2169 sic
1031 2139 1085 2169 est
1110 2135 1351 2177 exponendum
1375 2138 1412 2168 ut
1440 2134 1644 2176 intelligatur
1669 2134 1852 2176 aliquando

363 2198 477 2237 fuisse,
508 2198 648 2240 quando
678 2198 731 2231 illa
755 2209 824 2231 non
849 2201 923 2231 erat
947 2201 982 2231 et
1006 2197 1083 2230 nihil
1107 2201 1191 2237 erat,
1223 2196 1287 2230 sed
1311 2199 1357 2229 ita
1382 2199 1417 2229 ut
1442 2196 1646 2238 intelligatur
1670 2197 1748 2237 quia
1772 2199 1852 2228 ante

363 2260 450 2292 illam
475 2271 544 2293 non
568 2260 628 2293 fuit
653 2260 789 2302 aliquid.
830 2260 959 2293 Eadem
985 2261 1072 2293 ratio
1097 2263 1151 2293 est
1175 2259 1319 2301 duplicis
1343 2258 1543 2297 intellectus,
1569 2259 1596 2291 si
1620 2257 1696 2290 nihil
1721 2257 1853 2290 dicatur

364 2326 446 2363 post
470 2322 558 2355 illam
583 2333 661 2355 esse
686 2322 843 2355 futurum.
869 2322 904 2356 Si
929 2333 1014 2364 ergo
1039 2322 1115 2355 haec
1138 2321 1376 2363 interpretatio
1398 2331 1477 2362 quae
1498 2320 1589 2353 facta
1611 2323 1664 2353 est
1686 2319 1730 2352 de
1752 2320 1852 2352 nihilo
