2090 3101
343 410 415 442 eius
440 409 590 442 essentia
614 408 719 441 habet
744 410 966 451 praeteritum,
990 420 1147 451 praesens
1172 413 1206 442 et
1230 408 1389 442 futurum.
1428 409 1476 442 At
1502 408 1596 451 quod
1621 410 1832 451 praeteritum

343 475 406 510 est,
436 482 505 504 non
529 475 583 504 est
607 482 763 513 praesens
787 470 840 504 vel
864 470 1026 510 futurum;
1056 474 1091 504 et
1120 471 1216 513 quod
1240 482 1396 514 praesens
1421 474 1485 511 est,
1514 482 1583 504 non
1608 475 1662 504 est
1686 471 1832 504 futurum

343 544 406 566 nec
430 534 656 576 praeteritum;
689 536 723 566 et
754 533 850 575 quod
881 533 1027 566 futurum
1059 537 1123 573 est,
1155 544 1224 566 non
1255 537 1309 566 est
1340 534 1550 576 praeteritum
1581 533 1634 566 vel
1666 544 1832 576 praesens,

344 595 535 633 Quomodo
568 596 668 638 igitur
701 595 817 635 stabit,
852 595 948 638 quod
979 607 1082 638 supra
1116 595 1305 628 rationabili
1339 599 1374 629 et
1407 596 1590 638 perspicua
1624 596 1833 629 necessitate

343 658 470 696 claruit,
503 658 630 690 scilicet
656 658 734 699 quia
758 657 811 690 illa
840 668 972 690 summa
997 661 1118 690 natura
1146 657 1235 690 nullo
1260 657 1367 691 modo
1392 659 1587 700 composita
1612 658 1676 691 sed
1701 669 1833 691 summe

343 718 485 761 simplex
516 723 570 752 est
601 723 636 752 et
667 730 799 752 summe
830 718 1130 752 incommutabilis:
1167 720 1195 752 si
1225 719 1316 752 aliud
1347 723 1382 753 et
1415 719 1505 752 aliud
1538 723 1591 752 est
1625 720 1657 752 in
1688 720 1832 753 diversis

343 781 556 823 temporibus
588 784 622 814 et
647 792 710 824 per
733 785 891 823 tempora
922 780 1123 814 distributas
1153 781 1259 814 habet
1289 780 1434 823 partes?
1473 781 1543 815 Aut
1574 783 1690 824 potius
1722 782 1749 815 si
1780 781 1833 815 illa

342 854 423 876 vera
448 847 536 883 sunt,
570 843 674 876 immo
705 844 784 885 quia
815 843 941 885 liquida
972 854 1054 876 vera
1084 846 1178 876 sunt:
1211 843 1392 885 quomodo
1422 843 1498 876 haec
1528 844 1705 887 possibilia
1729 844 1833 877 sunt?

343 905 442 938 Nullo
473 905 575 947 igitur
605 905 713 938 modo
745 905 889 938 creatrix
922 905 1073 938 essentia
1105 908 1164 938 aut
1196 909 1283 938 aetas
1315 909 1372 938 aut
1404 906 1579 939 aeternitas
1611 907 1683 939 eius
1714 907 1834 948 recipit

342 968 553 1009 praeteritum
577 966 631 1000 vel
655 966 813 1000 futurum.
850 967 1008 1000 Praesens
1033 967 1121 1000 enim
1146 967 1326 1009 quomodo
1350 978 1419 1000 non
1450 967 1566 1007 habet,
1596 968 1623 1000 si
1647 978 1728 1001 vere
1753 967 1833 1001 est?

343 1028 414 1062 Sed
440 1028 520 1067 ,fuit
546 1028 715 1070 significat
739 1030 962 1071 praeteritum,
992 1032 1027 1062 et
1052 1030 1136 1068 ,erit
1160 1028 1317 1062 futurum.
1354 1029 1548 1071 Numquam
1573 1030 1673 1071 igitur
1697 1030 1750 1063 illa
1773 1029 1834 1063 fuit

342 1091 394 1124 vel
420 1092 492 1124 erit.
533 1091 650 1129 Quare
674 1102 744 1124 non
773 1095 827 1124 est
851 1091 1011 1124 distincte
1040 1091 1127 1124 sicut
1156 1102 1220 1125 nec
1244 1091 1341 1124 simul
1370 1095 1444 1124 tota
1468 1093 1500 1124 in
1526 1092 1669 1126 diversis
1694 1092 1833 1134 singulis

344 1153 569 1195 temporibus.

431 1215 466 1249 Si
490 1216 591 1257 igitur
615 1217 702 1249 sicut
733 1216 925 1249 discussum
954 1219 1019 1255 est,
1053 1226 1118 1249 nec
1148 1216 1197 1249 sic
1228 1219 1282 1249 est
1307 1219 1381 1249 tota
1414 1216 1445 1249 in
1477 1216 1636 1250 omnibus
1667 1216 1752 1250 locis
1780 1217 1833 1250 vel

342 1278 567 1319 temporibus,
601 1282 637 1311 ut
666 1278 772 1311 semel
803 1278 846 1310 sit
875 1281 950 1311 tota
979 1279 1011 1310 in
1043 1277 1201 1311 omnibus
1230 1281 1265 1311 et
1293 1289 1355 1320 per
1383 1282 1502 1320 partes
1531 1280 1562 1312 in
1588 1279 1738 1321 singulis,
1770 1290 1833 1312 nec

342 1340 391 1372 sic
415 1343 452 1372 ut
476 1343 551 1373 tota
575 1340 618 1372 sit
642 1340 674 1373 in
696 1340 849 1382 singulis:
876 1339 1090 1373 manifestum
1113 1343 1167 1373 est
1189 1341 1350 1382 quoniam
1376 1351 1445 1374 non
1466 1345 1520 1374 est
1542 1341 1609 1374 ullo
1627 1341 1733 1374 modo
1758 1344 1833 1374 tota

342 1402 374 1434 in
399 1403 490 1434 omni
519 1402 598 1435 loco
627 1403 680 1435 vel
710 1406 878 1445 tempore.
918 1402 959 1435 Et
988 1403 1149 1445 quoniam
1181 1402 1331 1436 similiter
1361 1403 1532 1445 pervisum
1558 1406 1622 1443 est,
1654 1403 1733 1445 quia
1764 1414 1833 1436 non

345 1464 393 1496 sic
422 1467 475 1497 est
504 1464 537 1496 in
566 1465 657 1497 omni
685 1464 764 1498 loco
793 1465 846 1498 vel
877 1469 1043 1508 tempore,
1073 1469 1109 1498 ut
1138 1476 1218 1507 pars
1248 1466 1291 1498 sit
1319 1466 1351 1498 in
1381 1466 1472 1499 omni
1501 1469 1536 1499 et
1565 1476 1645 1508 pars
1670 1466 1713 1498 sit
1738 1469 1832 1499 extra

345 1536 480 1559 omnem
506 1525 618 1559 locum
643 1530 702 1559 aut
726 1530 878 1569 tempus:
902 1527 1114 1570 impossibile
1136 1531 1190 1560 est
1211 1531 1247 1560 ut
1271 1528 1314 1561 sit
1331 1528 1458 1570 ubique
1482 1532 1518 1561 et
1539 1539 1686 1571 semper.
1721 1528 1832 1561 Nulla

345 1591 443 1621 tenus
468 1589 555 1621 enim
581 1592 699 1631 potest
724 1589 861 1631 intelligi
891 1600 970 1623 esse
998 1590 1125 1632 ubique
1154 1593 1188 1622 et
1214 1601 1361 1632 semper,
1390 1591 1452 1623 nisi
1477 1593 1535 1623 aut
1559 1594 1634 1624 tota
1658 1594 1716 1623 aut
1741 1602 1832 1633 pars.

344 1649 451 1687 Quod
476 1651 503 1683 si
528 1661 745 1693 nequaquam
770 1655 824 1684 est
848 1651 975 1694 ubique
1000 1656 1035 1685 et
1059 1663 1210 1694 semper:
1242 1656 1299 1685 aut
1324 1653 1386 1685 erit
1411 1652 1637 1686 determinate
1661 1653 1693 1686 in
1717 1652 1832 1695 aliquo

343 1712 421 1745 loco
455 1712 507 1745 vel
542 1717 709 1755 tempore,
744 1717 803 1746 aut
835 1715 867 1747 in
896 1713 997 1748 nullo.
1038 1714 1272 1747 Determinate
1304 1718 1418 1747 autem
1452 1726 1528 1748 eam
1560 1715 1591 1747 in
1620 1714 1735 1757 aliquo
1764 1726 1832 1748 non

343 1785 450 1816 posse
475 1785 554 1807 esse
583 1776 648 1808 iam
677 1775 869 1809 discussum
895 1780 959 1809 est.
998 1776 1031 1808 In
1063 1776 1153 1809 nullo
1184 1777 1285 1818 igitur
1314 1776 1393 1810 loco
1426 1776 1480 1809 vel
1514 1781 1682 1819 tempore,
1716 1777 1751 1810 id
1779 1780 1832 1810 est

343 1847 510 1879 nusquam
536 1841 570 1870 et
594 1849 779 1880 numquam
804 1841 868 1871 est.
904 1838 981 1871 Non
1007 1839 1094 1871 enim
1120 1842 1239 1881 potest
1268 1849 1347 1872 esse
1371 1840 1433 1872 nisi
1462 1843 1520 1872 aut
1544 1841 1576 1872 in
1601 1840 1692 1873 omni
1718 1843 1776 1872 aut
1800 1840 1832 1872 in

343 1898 467 1941 aliquo.
507 1899 578 1933 Sed
603 1911 717 1933 rursus
747 1911 823 1933 cum
853 1904 990 1934 constet
1019 1900 1325 1943 inexpugnabiliter
1353 1912 1422 1934 non
1451 1901 1561 1935 solum
1591 1903 1669 1944 quia
1694 1905 1747 1935 est
1772 1913 1833 1944 per

343 1972 381 1994 se
405 1965 440 1994 et
465 1963 536 1995 sine
561 1963 726 2005 principio
751 1966 786 1996 et
810 1964 883 1996 sine
904 1962 981 2002 fine,
1007 1962 1070 1995 sed
1095 1963 1173 2005 quia
1197 1962 1324 2005 aliquid
1348 1964 1421 1996 sine
1446 1975 1488 1996 ea
1511 1975 1575 1997 nec
1598 1975 1743 2006 usquam
1769 1975 1833 1997 nec

343 2035 504 2066 umquam
530 2028 598 2058 est:
623 2036 768 2058 necesse
793 2029 846 2058 est
871 2025 958 2058 illam
984 2036 1063 2058 esse
1087 2025 1213 2067 ubique
1239 2029 1273 2058 et
1297 2031 1445 2067 semper.
