2090 3101
298 414 399 449 locali
424 415 736 452 circumscriptione
762 417 820 447 aut
844 414 954 447 anima
976 414 1129 447 continet
1150 413 1287 456 aliquid,
1312 417 1370 447 aut
1393 413 1584 448 intellectus
1607 413 1660 448 vel
1685 414 1786 448 ratio¬

300 477 421 511 nalitas
446 478 671 510 continentur.
712 476 829 514 Quare
860 487 992 509 summa
1023 480 1143 509 natura
1173 476 1362 510 secundum
1390 476 1438 509 rei
1466 476 1644 509 veritatem
1675 476 1787 518 aptius

298 539 420 573 dicitur
443 550 522 573 esse
552 539 678 581 ubique
703 538 892 572 secundum
920 538 1009 572 hanc
1036 538 1331 581 significationem,
1359 542 1395 571 ut
1424 537 1628 580 intelligatur
1652 549 1730 571 esse
1755 538 1786 571 in

299 601 457 635 omnibus
493 612 572 644 quae
608 604 697 641 sunt,
737 611 839 643 quam
875 601 903 633 si
942 600 1136 643 intelligitur
1175 604 1305 634 tantum
1344 601 1377 633 in
1416 600 1574 633 omnibus
1612 600 1707 633 locis.
1747 600 1787 633 Et

300 664 472 706 quoniam,
506 664 593 696 sicut
626 674 730 705 supra
763 663 933 705 exposita
964 663 1114 696 rationes
1145 662 1284 703 docent,
1318 663 1414 696 aliter
1446 673 1524 696 esse
1557 673 1626 695 non
1657 665 1786 704 potest,

298 737 443 759 necesse
468 729 522 759 est
546 736 622 759 eam
647 726 696 759 sic
720 736 799 758 esse
823 725 855 758 in
877 724 1034 758 omnibus
1056 735 1135 767 quae
1157 728 1246 765 sunt,
1270 728 1307 758 ut
1328 736 1394 758 una
1415 724 1608 767 eademque
1632 724 1785 767 perfecte

299 791 374 821 tota
399 788 495 821 simul
520 788 564 821 sit
587 788 619 820 in
643 787 794 829 singulis.

855 919 1090 962 Capitulum
1114 919 1236 953 XXIV.

453 986 633 1025 Quomodo
659 986 781 1020 melius
805 986 952 1029 intelligi
973 988 1081 1029 possit
1105 999 1176 1019 esse
1199 999 1328 1029 semper
1351 999 1453 1029 quam
1479 988 1513 1019 in
1539 988 1633 1019 omni

964 1051 1120 1091 tempore.

400 1120 567 1174 Eandem
592 1149 732 1180 quoque
757 1148 924 1171 summam
949 1137 1176 1171 substantiam
1201 1140 1340 1171 constat
1368 1138 1440 1171 sine
1464 1138 1630 1180 principio
1662 1140 1696 1171 et
1720 1137 1786 1170 fine

298 1211 388 1240 esse,
417 1211 481 1234 nec
505 1200 633 1234 habere
664 1201 875 1243 praeteritum
908 1203 965 1233 aut
996 1200 1153 1240 futurum,
1185 1211 1249 1234 nec
1277 1200 1478 1242 temporale,
1509 1200 1577 1233 hoc
1605 1203 1658 1233 est
1687 1199 1786 1233 labile

298 1274 454 1305 praesens
486 1274 555 1305 quo
589 1274 653 1296 nos
684 1263 823 1302 utimur;
857 1263 1018 1305 quoniam
1050 1266 1137 1296 aetas
1171 1263 1242 1296 sive
1276 1263 1450 1296 aeternitas
1482 1263 1564 1302 eius,
1598 1273 1677 1305 quae
1710 1262 1787 1295 nihil

298 1325 389 1358 aliud
410 1329 463 1359 est
486 1336 589 1367 quam
611 1326 696 1368 ipsa,
720 1324 937 1359 immutabilis
959 1328 994 1358 et
1015 1325 1087 1358 sine
1108 1324 1263 1367 partibus
1285 1328 1349 1359 est.
1373 1324 1497 1358 Nonne
1514 1335 1599 1366 ergo
1617 1326 1786 1367 ,semper',

299 1387 395 1430 quod
430 1387 565 1421 videtur
599 1387 783 1429 designare
817 1391 926 1420 totum
962 1391 1110 1429 tempus,
1146 1387 1252 1420 multo
1286 1387 1397 1420 verius
1430 1387 1458 1420 si
1492 1386 1536 1420 de
1569 1386 1621 1420 illa
1654 1386 1785 1426 dicitur,

299 1449 493 1492 intelligitur
523 1449 714 1492 significare
746 1450 985 1489 aeternitatem,
1016 1460 1095 1491 quae
1124 1448 1188 1482 sibi
1218 1450 1283 1491 ipsi
1313 1460 1497 1491 numquam
1522 1452 1575 1482 est
1606 1448 1786 1488 dissimilis,

299 1523 402 1554 quam
436 1516 629 1555 temporum
653 1512 866 1552 varietatem,
897 1523 977 1554 quae
1007 1511 1071 1545 sibi
1102 1522 1240 1554 semper
1269 1512 1302 1545 in
1326 1511 1439 1554 aliquo
1471 1515 1525 1545 est
1553 1522 1621 1545 non
1646 1511 1786 1544 similis?

300 1574 418 1612 Quare
442 1575 469 1607 si
494 1574 616 1607 dicitur
639 1585 777 1617 semper
801 1585 894 1607 esse:
929 1574 1089 1616 quoniam
1119 1573 1210 1607 idem
1239 1577 1293 1607 est
1320 1573 1361 1606 illi
1391 1585 1470 1607 esse
1498 1577 1533 1607 et
1556 1574 1681 1614 vivere,
1710 1573 1786 1607 nihil

300 1637 418 1670 melius
439 1637 633 1679 intelligitur
654 1648 756 1679 quam
778 1640 907 1670 aeterne
929 1647 1008 1670 esse
1028 1636 1081 1670 vel
1102 1637 1227 1676 vivere,
1252 1636 1286 1670 id
1308 1640 1361 1669 est
1382 1635 1661 1669 interminabilem
1682 1637 1786 1669 vitam

299 1699 454 1742 perfecte
479 1700 575 1732 simul
600 1703 709 1733 totam
734 1699 901 1732 obtinere.
925 1698 1069 1733 Videtur
1093 1699 1181 1732 enim
1206 1700 1278 1732 eius
1300 1699 1474 1731 aeternitas
1496 1709 1574 1732 esse
1596 1699 1786 1731 intermina¬

300 1761 376 1795 bilis
399 1763 469 1795 vita
493 1762 590 1795 simul
618 1761 772 1805 perfecte
798 1765 872 1795 tota
897 1762 1057 1796 existens.
1091 1761 1179 1796 Cum
1208 1762 1296 1794 enim
1326 1772 1429 1803 supra
1458 1761 1523 1793 iam
1552 1761 1636 1794 satis
1661 1759 1787 1803 liqueat

300 1824 396 1866 quod
420 1824 543 1858 eadem
568 1824 760 1858 substantia
785 1835 853 1857 non
877 1824 921 1857 sit
945 1823 1034 1857 aliud
1059 1835 1161 1866 quam
1185 1824 1255 1857 vita
1279 1834 1342 1857 sua
1365 1827 1400 1857 et
1424 1824 1599 1856 aeternitas
1624 1834 1695 1862 sua,
1724 1833 1789 1856 nec

299 1887 343 1919 sit
368 1886 481 1929 aliquo
512 1886 618 1920 modo
649 1886 877 1926 terminabilis,
908 1896 973 1920 nec
1003 1886 1065 1919 nisi
1093 1885 1189 1919 simul
1219 1890 1253 1919 et
1282 1885 1436 1928 perfecte
1466 1889 1555 1919 tota:
1587 1885 1670 1928 quid
1699 1884 1788 1918 aliud

300 1952 353 1982 est
378 1960 458 1982 vera
484 1950 658 1982 aeternitas
682 1959 762 1987 quae
786 1948 828 1981 illi
852 1948 915 1981 soli
939 1948 1109 1988 convenit,
1134 1959 1236 1991 quam
1261 1947 1515 1982 interminabilis
1539 1948 1608 1981 vita
1632 1947 1728 1980 simul
1753 1951 1788 1981 et

299 2011 453 2053 perfecte
488 2015 562 2044 tota
596 2010 772 2044 existens?
816 2010 904 2044 Nam
938 2010 991 2043 vel
1024 2009 1091 2043 hoc
1126 2010 1202 2044 solo
1237 2021 1354 2043 veram
1387 2011 1615 2044 aeternitatem
1651 2009 1714 2043 soli
1747 2009 1788 2043 illi

299 2074 413 2106 inesse
438 2073 652 2113 substantiae,
677 2084 757 2115 quae
781 2072 856 2106 sola
879 2083 948 2106 non
972 2072 1063 2106 facta
1085 2072 1149 2106 sed
1173 2072 1292 2105 factrix
1315 2083 1394 2106 esse
1418 2073 1555 2106 inventa
1579 2076 1643 2111 est,
1668 2075 1788 2114 aperte

300 2136 498 2178 percipitur:
535 2136 697 2178 quoniam
728 2146 809 2169 vera
843 2136 1017 2169 aeternitas
1053 2135 1206 2177 principii
1240 2135 1385 2178 finisque
1422 2138 1513 2169 meta
1545 2145 1662 2168 carere
1693 2134 1787 2167 intel-

300 2198 426 2240 ligitur;
460 2198 557 2241 quod
590 2197 667 2231 nulli
699 2208 810 2231 rerum
844 2201 1034 2231 creatarum
1068 2198 1261 2237 convenire,
1296 2208 1339 2231 eo
1372 2197 1450 2239 ipso
1483 2196 1578 2239 quod
1612 2196 1657 2230 de
1688 2196 1788 2229 nihilo

300 2259 403 2293 factae
427 2264 515 2300 sunt,
541 2261 761 2294 convincitur.
