2090 3101
314 413 392 446 illud
424 414 496 446 sine
530 412 636 446 dubio
669 423 786 446 verum
819 417 883 452 est,
917 414 996 455 quia
1032 413 1077 446 de
1109 424 1241 447 summe
1274 414 1540 449 incommutabili
1573 418 1693 448 natura
1726 415 1803 448 nihil

315 479 433 517 potest
458 475 534 514 dici,
559 475 650 508 unde
675 474 846 508 mutabilis
870 476 982 517 possit
1006 476 1154 518 intelligi.

868 607 1103 651 Capitulum
1129 608 1250 642 XXVI.

391 669 571 708 Quomodo
596 670 658 703 illa
684 670 827 703 dicenda
852 672 898 703 sit
921 684 992 703 esse
1015 671 1216 708 substantia,
1241 677 1273 704 et
1296 671 1388 714 quod
1410 674 1455 704 sit
1478 677 1570 705 extra
1596 685 1728 705 omnem

622 727 861 765 substantiam,
887 733 919 761 et
941 728 1159 770 singulariter
1182 731 1227 761 sit
1250 729 1419 771 quidquid
1440 734 1499 762 est.

417 800 503 852 Sed
527 817 555 849 si
579 820 689 849 ratum
715 820 768 850 est
790 816 885 858 quod
908 816 952 850 de
977 816 1074 850 huius
1095 821 1227 850 naturae
1248 818 1464 860 simplicitate
1488 822 1709 861 perspectum
1733 822 1802 851 est:

313 879 493 921 quomodo
519 878 712 911 substantia
737 878 817 911 est?
841 879 929 912 Nam
954 890 1031 912 cum
1056 879 1166 912 omnis
1190 879 1383 913 substantia
1407 879 1624 913 admixtionis
1645 879 1803 913 differen¬

313 942 434 974 tiarum
458 940 511 974 vel
541 941 738 974 mutationis
768 940 993 973 accidentium
1023 942 1067 973 sit
1095 941 1338 983 susceptibilis:
1367 942 1465 975 huius
1493 942 1709 976 immutabilis
1737 943 1802 977 sin¬

314 1005 438 1036 ceritas
463 1002 674 1036 omnimodae
704 1002 901 1036 admixtioni
930 1004 1002 1036 sive
1030 1004 1209 1037 mutationi
1240 1008 1293 1037 est
1321 1004 1575 1038 inaccessibilis»
1612 1003 1802 1042 Quomodo

314 1077 399 1108 ergo
424 1065 634 1099 obtinebitur
663 1076 739 1098 eam
769 1076 847 1099 esse
877 1065 1064 1107 quamlibet
1092 1065 1331 1106 substantiam,
1360 1067 1422 1099 nisi
1451 1066 1583 1100 dicatur
1611 1066 1803 1100 substantia

313 1140 377 1171 pro
402 1129 563 1168 essentia,
593 1132 628 1161 et
657 1128 705 1161 sic
734 1129 777 1160 sit
806 1132 901 1161 extra
930 1129 1017 1161 sicut
1046 1132 1099 1161 est
1128 1139 1232 1170 supra
1261 1139 1397 1162 omnem
1422 1128 1676 1162 substantiam?
1715 1128 1802 1162 Nam

313 1194 478 1233 quantum
507 1190 586 1223 illud
611 1201 700 1230 esse,
726 1190 822 1232 quod
846 1201 908 1233 per
932 1202 970 1224 se
994 1194 1047 1224 est
1076 1191 1243 1233 quidquid
1265 1195 1329 1231 est,
1354 1195 1388 1224 et
1411 1191 1455 1224 de
1477 1191 1578 1224 nihilo
1599 1190 1679 1225 facit
1701 1199 1802 1225 omne

314 1253 404 1286 aliud
428 1263 516 1292 esse,
542 1252 713 1285 diversum
739 1256 793 1285 est
817 1252 862 1286 ab
887 1264 931 1286 eo
956 1264 1045 1293 esse,
1070 1253 1166 1295 quod
1187 1265 1249 1296 per
1270 1253 1359 1287 aliud
1383 1253 1420 1287 fit
1445 1253 1489 1287 de
1514 1253 1614 1287 nihilo
1636 1253 1803 1295 quidquid

314 1319 382 1348 est:
412 1318 543 1348 tantum
573 1316 712 1347 omnino
742 1314 848 1348 distat
876 1326 1009 1349 summa
1038 1315 1230 1349 substantia
1259 1316 1303 1349 ab
1334 1317 1373 1349 iis
1404 1327 1483 1358 quae
1507 1327 1577 1349 non
1605 1319 1683 1349 sunt
1711 1316 1802 1349 idem

314 1378 410 1420 quod
434 1378 519 1420 ipsa.
545 1377 704 1419 Cumque
728 1378 803 1419 ipsa
828 1377 901 1410 sola
924 1378 1073 1411 omnium
1094 1381 1289 1411 naturarum
1311 1378 1438 1411 habeat
1462 1389 1482 1410 a
1506 1389 1545 1411 se
1570 1378 1641 1411 sine
1666 1377 1802 1411 alterius

314 1444 446 1473 naturae
476 1439 596 1472 auxilio
628 1450 707 1472 esse
738 1439 904 1481 quidquid
936 1443 1004 1473 est:
1036 1440 1216 1482 quomodo
1248 1451 1315 1473 non
1345 1443 1399 1474 est
1427 1440 1641 1481 singulariter
1670 1439 1802 1481 absque

314 1513 388 1535 suae
417 1505 585 1535 creaturae
615 1502 791 1535 consortio
821 1502 988 1544 quidquid
1016 1503 1092 1544 ipsa
1121 1502 1200 1536 est?
1241 1502 1341 1537 Unde
1366 1503 1393 1535 si
1417 1502 1558 1545 quando
1582 1502 1623 1535 illi
1648 1506 1701 1536 est
1726 1513 1802 1535 cum

314 1564 386 1597 aliis
407 1565 552 1596 nominis
574 1563 712 1597 alicuius
734 1565 939 1602 communio,
961 1564 1062 1597 valde
1084 1565 1203 1606 procul
1224 1564 1330 1598 dubio
1351 1564 1571 1607 intelligenda
1592 1568 1645 1598 est
1667 1564 1803 1598 diversa

314 1626 527 1668 significatio.
