2090 3101
275 423 407 458 ratione
432 421 526 457 solus
548 421 601 460 sit,
626 420 690 455 alia
711 431 795 453 vero
817 430 1046 463 quaecumque
1062 418 1220 452 videntur
1241 428 1330 457 esse,
1355 417 1432 450 huic
1452 416 1577 450 collata
1598 427 1666 449 non
1688 417 1765 449 sint.

276 485 311 519 Si
336 485 423 521 enim
448 483 628 526 diligenter
652 482 857 521 intendatur,
886 481 937 515 ille
962 480 1056 514 solus
1080 479 1251 513 videbitur
1275 479 1470 521 simpliciter
1494 482 1529 512 et
1552 478 1706 521 perfecte
1731 482 1765 511 et

276 547 435 581 absolute
460 557 549 585 esse,
580 546 644 578 alia
668 556 752 578 vero
776 544 890 578 omnia
915 544 985 577 fere
1010 554 1079 576 non
1103 553 1182 576 esse
1212 545 1247 575 et
1271 542 1325 574 vix
1348 552 1439 575 esse.
1475 540 1647 578 Quoniam
1672 552 1765 573 nam¬

276 620 343 651 que
368 608 458 642 idem
483 608 620 651 spiritus
649 610 793 649 propter
819 605 1131 640 incommutabilem
1162 605 1388 638 aeternitatem
1419 615 1515 637 suam
1545 603 1634 636 nullo
1659 603 1765 636 modo

276 670 465 704 secundum
490 670 636 712 aliquem
657 672 788 702 motum
810 668 876 701 dici
900 671 1020 710 potest
1041 668 1121 710 quia
1141 666 1201 700 fuit
1222 666 1275 700 vel
1297 666 1370 706 erit,
1395 666 1459 699 sed
1481 665 1676 708 simpliciter
1696 669 1765 704 est;

277 743 341 766 nec
374 731 579 765 mutabiliter
614 734 667 764 est
701 730 827 772 aliquid
860 730 956 772 quod
990 729 1174 772 aliquando
1208 733 1267 762 aut
1300 740 1368 762 non
1401 728 1462 761 fuit
1494 732 1553 762 aut
1586 740 1655 761 non
1689 729 1765 768 erit;

277 805 389 837 neque
421 804 489 827 non
521 797 575 826 est
606 793 703 835 quod
733 792 919 834 aliquando
949 792 1009 825 fuit
1041 796 1099 825 aut
1131 792 1204 831 erit,
1236 791 1300 824 sed
1333 791 1499 833 quidquid
1524 795 1577 824 est
1602 790 1708 824 semel
1733 794 1768 824 et

277 856 373 890 simul
405 860 440 889 et
470 855 761 889 interminabiliter
791 858 859 894 est;
895 855 1056 897 quoniam
1088 855 1225 896 inquam
1257 853 1449 887 huiusmodi
1483 857 1537 887 est
1570 854 1642 886 eius
1674 864 1767 887 esse:

277 920 348 952 iure
372 920 446 961 ipse
471 918 667 961 simpliciter
691 921 726 950 et
751 917 910 950 absolute
935 920 968 950 et
994 916 1147 959 perfecte
1172 916 1294 949 dicitur
1318 927 1407 949 esse.

368 981 541 1018 Quoniam
565 991 649 1013 vero
673 980 738 1013 alia
762 980 875 1013 omnia
901 979 1106 1012 mutabiliter
1137 978 1325 1012 secundum
1350 978 1477 1021 aliquid
1502 978 1686 1020 aliquando
1711 981 1768 1011 aut

278 1043 412 1076 fuerunt
437 1046 494 1075 aut
526 1046 624 1076 erunt
652 1041 749 1084 quod
777 1052 846 1074 non
875 1045 964 1081 sunt,
995 1044 1054 1074 aut
1086 1045 1164 1074 sunt
1195 1040 1291 1083 quod
1323 1040 1507 1083 aliquando
1538 1051 1607 1073 non
1636 1039 1769 1073 fuerunt

278 1105 331 1138 vel
365 1116 433 1138 non
464 1108 577 1144 erunt;
611 1108 646 1138 et
677 1104 838 1145 quoniam
871 1103 938 1136 hoc
971 1104 1049 1145 quia
1081 1103 1215 1136 fuerunt
1246 1104 1312 1136 iam
1346 1114 1414 1136 non
1446 1106 1510 1142 est,
1544 1102 1623 1135 illud
1653 1106 1768 1135 autem

279 1167 407 1200 scilicet
431 1167 511 1208 quia
535 1169 633 1199 erunt
657 1166 809 1199 nondum
834 1169 898 1205 est,
924 1169 958 1199 et
983 1165 1050 1199 hoc
1072 1165 1168 1207 quod
1192 1166 1224 1198 in
1248 1165 1337 1198 labili
1362 1164 1635 1207 brevissimoque
1660 1168 1695 1198 et
1715 1165 1769 1197 vix

279 1230 447 1263 existente
471 1229 635 1270 praesenti
660 1232 738 1261 sunt
762 1228 816 1261 vix
840 1231 908 1267 est;
938 1228 1100 1270 quoniam
1130 1238 1215 1270 ergo
1244 1231 1314 1261 tam
1344 1227 1549 1261 mutabiliter
1573 1231 1666 1261 sunt:
1700 1239 1769 1261 non

279 1292 448 1324 immerito
472 1294 641 1332 negantur
665 1290 861 1333 simpliciter
890 1294 924 1323 et
953 1289 1107 1332 perfecte
1138 1293 1173 1323 et
1202 1289 1362 1323 absolute
1392 1301 1481 1329 esse,
1513 1293 1548 1323 et
1571 1293 1769 1323 asseruntur

279 1353 351 1386 fere
375 1364 444 1386 non
468 1363 547 1386 esse
571 1357 607 1385 et
630 1353 684 1385 vix
705 1363 795 1385 esse.
820 1352 965 1392 Deinde,
990 1363 1067 1385 cum
1089 1352 1202 1385 omnia
1220 1363 1447 1395 quaecumque
1465 1352 1555 1385 aliud
1572 1356 1650 1386 sunt
1667 1364 1769 1395 quam

280 1416 366 1458 ipse,
391 1415 435 1448 de
460 1426 528 1448 non
553 1426 632 1448 esse
656 1415 809 1448 venerint
838 1414 883 1447 ad
908 1425 986 1448 esse
1011 1425 1079 1447 non
1104 1425 1166 1456 per
1190 1425 1228 1448 se
1252 1414 1315 1447 sed
1345 1425 1407 1457 per
1431 1414 1534 1454 aliud;
1565 1418 1599 1448 et
1624 1426 1699 1448 cum
1725 1415 1770 1448 de

281 1489 360 1512 esse
391 1477 535 1511 redeant
567 1477 611 1510 ad
645 1488 713 1510 non
747 1488 825 1510 esse
857 1481 1021 1519 quantum
1053 1476 1098 1510 ad
1131 1488 1180 1517 se,
1214 1477 1275 1510 nisi
1311 1478 1542 1511 sustineantur
1572 1489 1634 1520 per
1666 1477 1769 1511 aliud:

281 1540 462 1583 quomodo
486 1539 546 1573 illis
576 1540 736 1573 convenit
760 1540 956 1582 simpliciter
985 1543 1043 1572 aut
1067 1539 1220 1581 perfecte
1246 1540 1317 1573 sive
1347 1539 1506 1573 absolute
1535 1551 1614 1573 esse
1643 1544 1678 1573 et
1702 1551 1770 1573 non

282 1604 392 1645 magis
416 1603 469 1635 vix
494 1613 573 1636 esse
597 1606 655 1635 aut
680 1601 750 1635 fere
775 1613 844 1635 non
869 1601 974 1635 esse?
999 1601 1156 1643 Cumque
1181 1613 1260 1635 esse
1285 1602 1390 1635 solius
1414 1602 1568 1636 eiusdem
1593 1602 1771 1636 ineffabilis

281 1666 419 1707 spiritus
443 1664 533 1698 nullo
558 1664 665 1698 modo
690 1664 827 1706 intelligi
852 1665 964 1707 possit
989 1668 1046 1697 aut
1071 1676 1112 1697 ex
1137 1675 1205 1697 non
1230 1676 1309 1698 esse
1333 1666 1517 1708 inceptum,
1542 1669 1600 1698 aut
1626 1665 1770 1707 aliquem

281 1728 353 1770 pati
377 1738 484 1769 posse
513 1738 554 1760 ex
583 1738 626 1760 eo
656 1727 751 1769 quod
783 1730 836 1760 est
865 1728 897 1759 in
927 1738 995 1759 non
1024 1738 1103 1760 esse
1132 1726 1321 1767 defectum;
1354 1731 1389 1761 et
1418 1727 1586 1770 quidquid
1614 1728 1689 1770 ipse
1718 1731 1772 1761 est

282 1801 350 1822 non
375 1790 417 1823 sit
441 1801 504 1831 per
525 1789 615 1823 aliud
632 1800 735 1831 quam
756 1800 818 1831 per
839 1800 888 1828 se,
914 1789 946 1822 id
970 1793 1023 1822 est
1044 1800 1106 1832 per
1127 1790 1204 1829 hoc,
1230 1789 1326 1832 quod
1348 1791 1422 1832 ipse
1444 1794 1512 1823 est:
1538 1801 1651 1823 nonne
1676 1790 1772 1823 huius

282 1863 361 1885 esse
386 1853 506 1885 merito
531 1851 641 1885 solum
670 1852 864 1893 intelligitur
892 1852 1035 1894 simplex
1058 1851 1318 1894 perfectumque
1348 1855 1383 1885 et
1407 1851 1628 1885 absolutum?
1665 1851 1771 1890 Quod

282 1926 365 1948 vero
390 1915 438 1947 sic
462 1914 658 1957 simpliciter
682 1918 717 1947 et
741 1913 940 1947 omnimoda
965 1915 1097 1947 ratione
1122 1913 1232 1947 solum
1261 1918 1315 1947 est
1340 1914 1540 1957 perfectum,
1570 1914 1713 1957 simplex
1737 1918 1772 1947 et

283 1976 493 2010 absolutum:
526 1977 561 2009 id
594 1977 746 2009 nimirum
780 1976 932 2018 quodam
968 1976 1074 2009 modo
1108 1978 1178 2009 iure
1209 1976 1275 2010 dici
1307 1980 1426 2019 potest
1458 1977 1567 2010 solum
1602 1988 1690 2010 esse.
1732 1976 1772 2010 Et

282 2043 434 2078 econtra,
468 2038 635 2081 quidquid
666 2050 728 2081 per
759 2039 970 2081 superiorem
1002 2040 1168 2072 rationem
1202 2049 1267 2072 nec
1297 2039 1493 2082 simpliciter
1523 2050 1587 2072 nec
1618 2039 1771 2082 perfecte

282 2112 347 2134 nec
371 2101 529 2134 absolute
558 2112 637 2134 esse
666 2100 729 2134 sed
758 2101 812 2134 vix
841 2112 919 2134 esse
947 2105 1006 2134 aut
1030 2100 1101 2134 fere
1130 2112 1198 2134 non
1223 2112 1302 2134 esse
1328 2102 1565 2144 cognoscitur:
1597 2102 1631 2134 id
1656 2102 1772 2144 utique

283 2163 396 2205 aliquo
421 2163 528 2197 modo
553 2167 647 2197 recte
671 2174 740 2197 non
764 2175 843 2197 esse
868 2164 999 2197 dicitur.
1030 2163 1225 2197 Secundum
1251 2164 1338 2197 hanc
1362 2165 1463 2206 igitur
1487 2165 1653 2197 rationem
1678 2164 1772 2197 solus

283 2225 334 2259 ille
359 2230 495 2259 creator
519 2227 657 2268 spiritus
681 2230 745 2265 est,
770 2229 805 2259 et
830 2227 943 2259 omnia
965 2230 1081 2259 creata
1103 2237 1171 2260 non
1193 2230 1286 2266 sunt;
1311 2237 1376 2259 nec
1402 2230 1515 2259 tamen
1540 2227 1679 2259 omnino
1704 2237 1772 2259 non

283 2292 371 2327 sunt,
401 2289 479 2330 quia
508 2300 569 2331 per
593 2288 692 2328 illum,
722 2289 779 2330 qui
807 2288 901 2321 solus
930 2288 1089 2321 absolute
1114 2292 1178 2328 est,
1208 2288 1253 2322 de
1282 2288 1382 2322 nihilo
1412 2288 1539 2331 aliquid
1567 2288 1658 2322 facta
1683 2293 1771 2321 sunt.
