2090 3101
264 410 557 455 quemadmodum
583 414 637 444 est
667 410 759 443 idem
784 409 880 452 quod
905 412 958 442 est
983 420 1044 442 sua
1069 409 1252 451 sapientia:
1284 418 1429 441 necesse
1458 411 1512 441 est
1541 411 1576 440 ut
1606 406 1756 440 similiter

264 485 333 507 non
358 474 401 506 sit
426 473 515 506 aliud
540 484 642 515 quam
664 472 761 515 quod
783 475 836 505 est
857 483 919 504 sua
940 471 1079 504 locutio.
1105 470 1176 504 Sed
1197 471 1358 512 quoniam
1380 471 1447 503 iam
1464 469 1679 502 manifestum
1702 472 1755 502 est

265 546 433 569 summum
458 536 610 577 spiritum
635 546 737 567 unum
762 537 893 567 tantum
916 544 994 567 esse
1019 537 1053 566 et
1071 532 1269 567 omnimode
1286 531 1509 565 individuum:
1532 541 1676 564 necesse
1701 534 1755 564 est
1782 539 1795 558 3

265 601 301 631 ut
326 599 374 631 sic
398 597 440 630 illi
464 597 540 630 haec
564 608 627 630 sua
650 596 778 630 locutio
803 596 846 629 sit
870 595 1184 634 consubstantialis,
1215 598 1252 627 ut
1282 605 1351 627 non
1380 594 1447 627 sint
1471 593 1552 633 duo,
1582 593 1646 626 sed
1670 604 1756 626 unus

266 661 415 703 spiritus.

0 0 0 0 *
0 0 0 0 *
0 0 0 0 *
0 0 0 0 2
830 754 1065 798 Capitulum
1090 754 1195 787 XXX.

311 818 412 857 Quod
433 818 551 852 eadem
577 818 702 851 locutio
727 831 795 851 non
820 822 948 850 constet
969 816 1124 860 pluribus
1147 816 1265 853 verbis,
1291 815 1353 848 sed
1374 817 1419 848 sit
1444 828 1548 848 unum
1573 815 1721 847 verbum.

361 887 447 943 Cur
479 908 580 949 igitur
612 906 766 940 dubitem
800 906 896 948 quod
932 916 1037 948 supra
1072 904 1212 938 dubium
1246 904 1452 943 dimiseram,
1486 903 1616 937 scilicet
1648 907 1760 936 utrum

266 970 343 1003 haec
370 970 498 1003 locutio
530 970 562 1002 in
592 968 745 1011 pluribus
773 968 888 1001 verbis
919 978 962 1000 an
993 968 1026 1000 in
1056 978 1125 1000 uno
1156 966 1265 1000 verbo
1297 965 1492 999 consistat?
1532 966 1619 999 Nam
1652 966 1679 998 si
1710 966 1760 998 sic

267 1036 321 1066 est
350 1043 493 1065 summae
521 1035 654 1064 naturae
683 1029 996 1069 consubstantialis,
1027 1034 1064 1063 ut
1093 1040 1162 1063 non
1190 1030 1257 1062 sint
1286 1028 1368 1068 duo,
1398 1027 1462 1061 sed
1490 1039 1576 1061 unus
1606 1028 1759 1071 spiritus:

266 1095 384 1137 utique
408 1095 495 1127 sicut
518 1093 572 1127 illa
596 1104 728 1126 summe
750 1093 893 1135 simplex
910 1096 974 1132 est,
999 1092 1046 1125 ita
1067 1096 1102 1125 et
1122 1092 1199 1125 ista.
1224 1091 1303 1125 Non
1324 1091 1425 1133 igitur
1447 1094 1585 1124 constat
1608 1090 1760 1133 pluribus

266 1156 391 1196 verbis,
416 1156 480 1189 sed
504 1159 558 1189 est
582 1167 684 1188 unum
709 1155 851 1188 verbum
875 1166 939 1197 per
962 1154 1059 1197 quod
1082 1153 1175 1187 facta
1199 1157 1278 1187 sunt
1302 1154 1429 1187 omnia.

825 1265 1060 1309 Capitulum
1085 1264 1206 1298 XXXI.

308 1329 411 1370 Quod
434 1332 544 1372 ipsum
568 1328 705 1362 verbum
730 1341 798 1361 non
822 1330 868 1361 sit
890 1328 1084 1361 similitudo
1104 1328 1289 1371 factorum,
1314 1327 1376 1360 sed
1397 1329 1524 1360 veritas
1548 1329 1722 1364 essentiae,

302 1387 398 1430 facta
429 1399 507 1420 vero
538 1389 608 1420 sint
637 1386 755 1429 aliqua
783 1388 939 1419 veritatis
971 1388 1136 1423 imitatio;
1166 1391 1198 1419 et
1227 1398 1313 1429 quae
1344 1390 1487 1418 naturae
1515 1386 1626 1428 magis
1655 1386 1725 1417 sint

731 1457 833 1487 quam
858 1444 950 1477 aliae
974 1449 1006 1476 et
1027 1446 1301 1486 praestantiores.

368 1517 453 1570 Sed
482 1544 565 1567 ecce
593 1533 729 1567 videtur
759 1533 837 1566 mihi
866 1532 1011 1566 suboriri
1040 1543 1104 1566 nec
1132 1532 1238 1565 facilis
1269 1543 1333 1567 nec
1361 1531 1529 1565 ullatenus
1560 1531 1625 1565 sub
1654 1531 1760 1564 ambi

266 1597 399 1638 guitate
430 1596 653 1639 relinquenda
681 1596 841 1639 quaestio.
875 1595 1007 1629 Etenim
1039 1596 1153 1629 omnia
1186 1594 1379 1628 huiusmodi
1410 1594 1517 1628 verba
1549 1593 1673 1636 quibus
1706 1605 1761 1627 res

267 1658 438 1701 quaslibet
463 1662 578 1692 mente
603 1658 757 1698 dicimus,
787 1658 821 1691 id
850 1661 904 1691 est
929 1659 1138 1700 cogitamus:
1168 1657 1402 1691 similitudines
1432 1660 1466 1690 et
1490 1657 1657 1699 imagines
1682 1660 1762 1690 sunt

266 1732 376 1755 rerum
402 1732 545 1763 quarum
569 1720 676 1754 verba
701 1724 794 1760 sunt;
824 1724 859 1754 et
883 1721 994 1754 omnis
1019 1719 1202 1753 similitudo
1226 1719 1280 1753 vel
1308 1720 1425 1761 imago
1450 1722 1549 1752 tanto
1573 1720 1684 1761 magis
1707 1719 1762 1752 vel

266 1784 375 1816 minus
400 1787 453 1817 est
480 1794 569 1823 vera,
596 1786 727 1825 quanto
752 1784 862 1825 magis
885 1783 939 1816 vel
964 1783 1073 1815 minus
1098 1783 1247 1815 imitatur
1271 1793 1342 1815 rem
1367 1782 1462 1815 cuius
1487 1784 1541 1814 est
1565 1781 1760 1815 similitudo.

267 1845 361 1884 Quid
384 1846 486 1887 igitur
509 1845 696 1879 tenendum
726 1848 780 1878 est
804 1845 849 1878 de
872 1844 993 1885 verbo,
1023 1855 1093 1887 quo
1118 1844 1276 1877 dicuntur
1300 1848 1335 1878 et
1359 1855 1422 1887 per
1446 1843 1543 1887 quod
1567 1843 1660 1877 facta
1684 1847 1763 1877 sunt

266 1907 406 1941 omnia?
432 1907 500 1941 Erit
525 1911 583 1940 aut
607 1918 676 1940 non
700 1908 762 1940 erit
787 1906 972 1940 similitudo
997 1918 1127 1946 eorum,
1153 1917 1232 1948 quae
1256 1918 1318 1948 per
1342 1907 1453 1948 ipsum
1478 1905 1570 1939 facta
1596 1905 1701 1939 sunt?
1728 1905 1762 1939 Si

266 1970 354 2003 enim
376 1970 487 2012 ipsum
509 1973 563 2003 est
584 1980 665 2002 vera
687 1968 896 2002 mutabilium
915 1969 1109 2008 similitudo,
1131 1980 1201 2002 non
1224 1973 1277 2002 est
1299 1968 1596 2002 consubstantiale
1618 1979 1762 2007 sqmmae

265 2031 611 2071 incommutabilitati;
637 2031 734 2073 quod
755 2030 875 2064 falsum
898 2035 962 2064 est.
987 2031 1023 2065 Si
1048 2035 1162 2065 autem
1188 2042 1257 2065 non
1279 2033 1419 2064 omnino
1443 2043 1526 2065 vera
1550 2031 1615 2065 sed
1638 2031 1762 2073 qualis-

266 2105 413 2137 cumque
435 2094 618 2127 similitudo
641 2093 850 2127 mutabilium
872 2097 936 2133 est,
959 2104 1028 2126 non
1049 2097 1104 2126 est
1119 2093 1262 2127 verbum
1286 2104 1430 2126 summae
1446 2094 1601 2127 veritatis
1623 2094 1762 2126 omnino

265 2168 397 2197 verum;
428 2156 524 2199 quod
548 2156 735 2189 absurdum
760 2159 825 2189 est.
856 2155 905 2189 At
928 2156 956 2188 si
981 2155 1103 2188 nullam
1129 2155 1338 2189 mutabilium
1363 2155 1469 2188 habet
1493 2155 1758 2188 similitudinem:

267 2219 446 2261 quomodo
473 2219 517 2252 ad
542 2218 734 2260 exemplum
758 2217 842 2251 illius
866 2218 958 2251 facta
983 2217 1091 2251 sunt?
