2090 3101
328 427 397 449 non
421 427 500 449 esse
524 416 694 458 gradatim
719 415 943 458 perducitur?
969 416 1059 454 Quas
1077 420 1191 450 autem
1208 416 1401 459 singulatim
1424 416 1608 459 absumpta
1630 417 1816 459 quamlibet

327 479 513 512 essentiam
538 478 584 511 ad
612 479 721 511 minus
750 481 784 511 et
814 479 922 511 minus
947 489 1026 512 esse
1055 478 1241 518 deducunt,
1273 478 1395 512 eadem
1425 479 1606 512 ordinatim
1638 483 1816 522 assumpta

327 539 415 573 illam
439 540 486 573 ad
510 541 620 582 magis
641 544 677 573 et
698 541 808 582 magis
830 551 909 574 esse
930 540 1133 583 perducunt.
1159 541 1258 574 Patet
1279 541 1380 583 igitur
1396 542 1475 583 quia
1492 542 1602 583 magis
1624 545 1678 575 est
1698 543 1816 575 vivens

327 602 520 636 substantia
544 614 647 645 quam
672 613 741 635 non
764 603 893 643 vivens,
918 606 953 636 et
977 603 1145 637 sensibilis
1169 615 1272 645 quam
1294 614 1363 637 non
1384 603 1562 644 sensibilis,
1588 608 1622 637 et
1643 604 1816 637 rationalis

327 675 431 707 quam
456 675 525 698 non
549 664 733 698 rationalis.
758 664 837 698 Non
862 668 915 698 est
939 666 1056 708 itaque
1080 665 1220 698 dubium
1242 665 1338 708 quod
1362 667 1472 699 omnis
1496 667 1646 699 essentia
1671 677 1715 700 eo
1739 667 1816 709 ipso

328 727 439 769 magis
468 730 522 760 est
547 730 582 760 et
609 727 831 769 praestantior
862 731 926 768 est,
956 738 1027 770 quo
1056 727 1193 761 similior
1223 731 1277 761 est
1305 728 1347 761 illi
1376 729 1547 768 essentiae,
1577 739 1656 770 quae
1685 739 1817 762 summe

328 793 383 822 est
406 792 441 822 et
466 800 597 822 summe
622 793 778 832 praestat.
818 789 910 823 Satis
940 790 1057 832 itaque
1088 789 1303 823 manifestum
1335 793 1389 823 est
1419 791 1452 823 in
1480 790 1599 830 verbo,
1630 801 1693 833 per
1720 790 1817 832 quod

327 851 420 884 facta
444 854 523 884 sunt
546 852 671 891 omnia,
696 862 764 885 non
789 862 868 885 esse
892 852 1044 894 ipsorum
1061 851 1323 891 similitudinem,
1347 852 1411 885 sed
1427 863 1543 885 veram
1560 852 1817 895 simplicemque

328 914 529 953 essentiam;
554 914 586 946 in
610 913 709 946 factis
732 924 817 946 vero
841 924 911 946 non
934 925 1014 947 esse
1038 913 1225 956 simplicem
1250 913 1515 956 absolutamque
1531 915 1728 954 essentiam,
1753 914 1817 948 sed

327 986 422 1009 verae
445 975 529 1009 illius
553 976 715 1009 essentiae
743 976 797 1008 vix
821 975 967 1018 aliquam
992 976 1226 1008 imitationem.
1261 975 1362 1009 Unde
1386 986 1530 1009 necesse
1555 979 1609 1009 est
1633 987 1702 1009 non
1726 975 1817 1009 idem

327 1037 470 1071 verbum
501 1037 691 1071 secundum
722 1048 833 1071 rerum
866 1041 1057 1071 creatarum
1091 1036 1342 1071 similitudinem
1373 1038 1484 1080 magis
1515 1037 1567 1071 vel
1598 1038 1707 1071 minus
1738 1049 1817 1071 esse

327 1111 456 1139 verum,
478 1099 542 1133 sed
563 1110 700 1133 omnem
722 1103 874 1133 creatam
896 1103 1052 1132 naturam
1074 1110 1118 1132 eo
1140 1099 1248 1132 altiori
1265 1099 1376 1141 gradu
1393 1100 1555 1133 essentiae
1572 1099 1817 1143 dignitatisque

328 1163 529 1202 consistere,
554 1173 625 1204 quo
650 1162 760 1204 magis
784 1161 826 1195 illi
850 1162 1083 1204 propinquare
1107 1162 1250 1195 videtur.

874 1294 1111 1337 Capitulum
1135 1294 1272 1328 XXXII.

542 1356 646 1397 Quod
667 1370 822 1390 summus
845 1359 986 1399 spiritus
1009 1359 1156 1400 seipsum
1182 1356 1276 1390 dicat
1300 1362 1473 1390 coaeterno
1498 1357 1607 1390 verbo.

429 1438 515 1491 Sed
537 1466 613 1488 cum
635 1455 682 1488 ita
698 1455 756 1488 sit:
781 1454 961 1497 quomodo
983 1454 1063 1487 illud
1079 1454 1175 1497 quod
1197 1454 1339 1497 simplex
1363 1458 1417 1488 est
1437 1455 1574 1494 veritas,
1598 1458 1717 1497 potest
1739 1466 1817 1488 esse

327 1517 470 1551 verbum
495 1528 613 1550 eorum
638 1527 784 1559 quorum
813 1527 882 1550 non
911 1520 965 1550 est
994 1517 1188 1557 similitudo,
1217 1528 1293 1550 cum
1318 1528 1421 1550 omne
1444 1516 1586 1550 verbum
1612 1528 1682 1559 quo
1706 1517 1818 1560 aliqua

327 1591 383 1613 res
408 1580 457 1612 sic
481 1583 596 1612 mente
625 1578 756 1618 dicitur,
788 1578 973 1612 similitudo
1002 1580 1045 1612 sit
1073 1580 1120 1612 rei
1150 1579 1330 1612 eiusdem?
1370 1579 1411 1612 Et
1439 1580 1467 1612 si
1496 1590 1564 1612 non
1594 1582 1647 1612 est
1675 1579 1818 1613 verbum

328 1653 447 1675 eorum
472 1652 551 1683 quae
576 1641 667 1674 facta
699 1645 778 1674 sunt
806 1652 868 1683 per
896 1642 1023 1684 ipsum:
1054 1641 1234 1683 quomodo
1264 1641 1439 1675 constabit
1470 1641 1549 1684 quia
1578 1642 1621 1674 sit
1650 1641 1818 1675 verbum?

328 1704 464 1745 Nempe
500 1714 602 1737 omne
640 1703 783 1737 verbum
823 1703 961 1737 alicuius
1000 1704 1047 1737 rei
1082 1703 1224 1737 verbum
1260 1707 1325 1737 est.
1368 1703 1535 1745 Denique,
1571 1704 1599 1737 si
1634 1714 1818 1746 numquam

328 1769 485 1799 creatura
510 1769 615 1805 esset,
639 1765 763 1798 nullum
789 1767 861 1799 eius
885 1770 980 1799 esset
1003 1766 1157 1799 verbum.
1188 1765 1282 1804 Quid
1307 1765 1433 1808 igitur?
1463 1766 1519 1799 An
1544 1765 1818 1799 concludendum

329 1832 383 1861 est
414 1828 504 1870 quia,
535 1828 563 1860 si
595 1827 685 1861 nullo
717 1828 824 1861 modo
855 1832 951 1862 esset
981 1831 1148 1868 creatura,
1182 1839 1400 1870 nequaquam
1431 1831 1527 1861 esset
1556 1827 1698 1861 verbum
1728 1827 1818 1867 illud,

329 1890 425 1932 quod
450 1893 503 1923 est
528 1901 661 1923 summa
690 1894 725 1923 et
754 1890 872 1923 nullius
901 1890 1059 1932 indigens
1087 1890 1264 1924 essentia?
1300 1889 1372 1923 Aut
1401 1890 1550 1923 fortasse
1581 1891 1657 1933 ipsa
1687 1901 1820 1923 summa

329 1952 480 1985 essentia
504 1963 583 1995 quae
607 1952 749 1985 verbum
775 1956 839 1993 est,
869 1953 1019 1986 essentia
1044 1952 1182 1995 quidem
1207 1956 1301 1985 esset
1326 1956 1467 1992 aeterna,
1496 1951 1560 1985 sed
1583 1951 1726 1985 verbum
1750 1962 1819 1985 non

329 2018 435 2055 esset,
460 2015 488 2048 si
512 2014 589 2047 nihil
614 2025 775 2057 umquam
799 2026 862 2057 per
886 2015 973 2052 illam
998 2014 1121 2048 fieret?
1155 2014 1233 2047 Eius
1263 2015 1351 2047 enim
1380 2014 1476 2056 quod
1505 2025 1570 2048 nec
1593 2013 1654 2047 fuit
1678 2025 1742 2047 nec
1766 2017 1820 2047 est

329 2088 393 2110 nec
417 2077 563 2110 futurum
589 2080 652 2116 est,
678 2077 801 2110 nullum
825 2077 968 2110 verbum
993 2088 1072 2110 esse
1096 2080 1226 2119 potest.

418 2139 545 2173 Verum
575 2139 763 2173 secundum
796 2139 884 2173 hanc
914 2140 1093 2179 rationem,
1125 2139 1152 2172 si
1183 2150 1368 2181 numquam
1399 2138 1463 2172 ulla
1494 2142 1622 2181 praeter
1650 2148 1818 2171 summum

330 2202 484 2244 spiritum
509 2205 604 2235 esset
632 2203 793 2241 essentia,
823 2201 946 2234 nullum
971 2202 1110 2235 omnino
1140 2204 1234 2234 esset
1258 2202 1290 2234 in
1314 2200 1369 2234 illo
1393 2200 1545 2234 verbum.
1580 2199 1615 2233 Si
1639 2199 1762 2233 nullum
1787 2200 1819 2233 in

331 2263 386 2297 illo
417 2263 558 2297 verbum
590 2267 694 2304 esset,
727 2263 803 2297 nihil
835 2263 929 2306 apud
960 2274 998 2297 se
1029 2263 1170 2297 diceret.
1207 2263 1242 2297 Si
1271 2263 1347 2296 nihil
1376 2262 1470 2305 apud
1499 2273 1537 2296 se
1565 2262 1710 2296 diceret:
1742 2273 1819 2295 cum
