2090 3101
290 281 379 314 idem
404 282 447 314 sit
471 280 512 314 illi
536 281 584 314 sic
608 280 722 314 dicere
746 281 872 323 aliquid
896 281 991 323 quod
1016 286 1068 314 est
1092 282 1288 324 intelligere,
1314 292 1381 315 non
1405 282 1530 325 aliquid
1555 284 1765 326 intelligeret.

290 342 324 375 Si
348 342 424 375 nihil
448 342 663 384 intelligeret:
692 353 777 384 ergo
802 353 932 375 summa
957 343 1133 384 sapientia,
1163 354 1242 385 quae
1266 354 1334 376 non
1358 347 1412 377 est
1435 345 1524 378 aliud
1549 356 1651 387 quam
1675 346 1765 379 idem

290 404 437 445 spiritus,
466 403 542 436 nihil
570 403 785 446 intelligeret;
814 404 910 446 quod
939 403 1218 438 absurdissimum
1247 409 1311 438 est.
1345 405 1438 443 Quid
1467 406 1578 448 ergo?
1615 407 1649 440 Si
1678 408 1765 440 enim

290 466 365 498 nihil
398 465 612 507 intelligeret:
648 465 826 508 quomodo
858 469 951 499 esset
984 477 1115 499 summa
1146 466 1339 509 sapientia?
1378 467 1448 499 Aut
1480 469 1507 501 si
1539 469 1627 501 nullo
1659 469 1766 502 modo

288 527 414 569 aliquid
443 530 537 560 esset
567 531 693 569 praeter
723 528 825 560 illam:
859 527 942 569 quid
969 527 1021 560 illa
1052 528 1281 570 intelligeret?
1319 528 1391 562 Sed
1421 530 1585 572 numquid
1615 531 1764 573 seipsam

288 600 355 621 non
379 588 605 630 intelligeret?

375 650 423 683 At
447 650 624 692 quomodo
649 651 701 684 vel
730 652 873 693 cogitari
897 654 1015 693 potest
1043 652 1139 694 quod
1167 663 1299 685 summa
1327 653 1494 694 sapientia
1519 664 1557 686 se
1581 654 1764 696 aliquando

288 723 354 744 non
379 713 552 754 intelligat,
582 723 656 745 cum
682 713 854 745 rationalis
883 723 978 745 mens
1002 714 1113 755 possit
1137 725 1205 746 non
1229 714 1338 747 solum
1363 715 1485 748 suimet
1509 715 1572 748 sed
1601 719 1635 748 et
1659 716 1765 758 ipsius

287 785 429 807 summae
464 775 641 816 sapientiae
677 776 852 814 reminisci,
888 778 923 807 et
958 774 1045 807 illam
1079 779 1113 808 et
1149 786 1187 809 se
1222 775 1433 818 intelligere?
1473 776 1508 810 Si
1544 778 1632 810 enim
1668 788 1764 810 mens

287 836 432 868 humana
456 836 577 869 nullam
602 837 673 869 eius
698 840 754 869 aut
779 848 874 869 suam
899 836 1027 869 habere
1051 838 1248 870 memoriam
1273 841 1331 870 aut
1354 837 1606 880 intelligentiam
1631 843 1763 881 posset,

286 909 501 939 nequaquam
527 909 564 930 se
585 897 630 930 ab
651 898 898 931 irrationalibus
916 900 1078 932 creaturis
1102 903 1137 932 et
1160 899 1247 932 illam
1273 900 1316 933 ab
1341 901 1431 933 omni
1456 904 1622 940 creatura,
1646 912 1763 934 secum

286 959 359 993 sola
395 960 496 992 tacite
532 959 752 1002 disputando,
792 961 878 993 sicut
913 971 1001 993 nunc
1037 971 1132 994 mens
1166 972 1242 994 mea
1280 961 1370 1001 facit,
1410 962 1630 996 discerneret.
1671 962 1762 1005 Ergo

285 1032 435 1055 summus
460 1021 511 1054 ille
535 1023 671 1063 spiritus
695 1023 781 1055 sicut
810 1026 863 1055 est
888 1026 1047 1062 aeternus,
1076 1024 1122 1056 ita
1147 1027 1275 1056 aeterne
1304 1024 1353 1056 sui
1379 1034 1508 1058 memor
1532 1028 1585 1057 est
1610 1029 1644 1057 et
1668 1024 1761 1057 intel-

285 1083 354 1125 ligit
376 1094 414 1116 se
435 1083 480 1116 ad
502 1083 749 1117 similitudinem
767 1085 889 1117 mentis
905 1084 1093 1125 rationalis;
1115 1086 1217 1118 immo
1235 1097 1303 1118 non
1321 1085 1365 1118 ad
1386 1085 1481 1119 ullius
1502 1086 1761 1126 similitudinem,

285 1145 348 1178 sed
371 1145 423 1178 ille
448 1145 674 1188 principaliter
698 1150 732 1179 et
756 1157 852 1179 mens
877 1146 1048 1180 rationalis
1073 1147 1118 1180 ad
1140 1148 1211 1180 eius
1232 1147 1491 1182 similitudinem.
1516 1148 1563 1181 At
1584 1149 1611 1181 si
1633 1152 1762 1181 aeterne

284 1218 322 1240 se
345 1207 507 1249 intelligit,
537 1211 665 1241 aeterne
689 1219 727 1241 se
752 1208 843 1241 dicit.
877 1208 911 1241 Si
937 1212 1065 1242 aeterne
1096 1220 1134 1242 se
1164 1209 1255 1249 dicit,
1289 1213 1418 1242 aeterne
1447 1214 1501 1243 est
1524 1210 1664 1243 verbum
1690 1211 1762 1243 eius

284 1268 376 1311 apud
400 1270 520 1312 ipsum.
546 1268 624 1303 Sive
648 1271 748 1312 igitur
768 1270 820 1303 ille
842 1271 1012 1312 cogitetur
1033 1271 1120 1304 nulla
1142 1272 1206 1304 alia
1222 1272 1389 1305 existente
1410 1273 1570 1312 essentia,
1595 1273 1666 1305 sive
1691 1272 1762 1305 aliis

283 1331 520 1364 existentibus:
544 1342 688 1365 necesse
711 1336 766 1365 est
788 1332 929 1365 verbum
953 1332 1037 1365 illius
1060 1337 1271 1366 coaeternum
1295 1333 1336 1366 illi
1360 1344 1439 1366 esse
1463 1345 1539 1367 cum
1563 1334 1628 1368 illo.

817 1455 1049 1498 Capitulum
1074 1456 1225 1489 XXXIII.

638 1515 741 1555 Quod
764 1531 829 1550 uno
853 1518 951 1550 verbo
976 1518 1068 1551 dicat
1092 1532 1126 1551 se
1150 1524 1181 1551 et
1204 1519 1296 1561 quod
1314 1518 1406 1561 fecit.

382 1587 465 1640 Sed
490 1615 572 1638 ecce
597 1607 762 1647 quaerenti
786 1606 863 1638 mihi
888 1605 932 1639 de
952 1606 1060 1639 verbo
1082 1618 1151 1648 quo
1177 1610 1311 1640 creator
1333 1606 1414 1640 dicit
1435 1608 1547 1640 omnia
1569 1619 1647 1649 quae
1669 1607 1760 1647 fecit,

282 1665 404 1698 obtulit
428 1677 466 1699 se
489 1666 630 1699 verbum
655 1678 724 1709 quo
750 1668 899 1710 seipsum
925 1667 1016 1707 dicit,
1040 1669 1097 1710 qui
1121 1669 1234 1701 omnia
1258 1668 1347 1701 fecit.
1374 1668 1427 1701 An
1452 1680 1536 1711 ergo
1561 1669 1626 1702 alio
1650 1669 1758 1702 verbo

281 1727 362 1760 dicit
385 1738 424 1761 se
447 1728 567 1769 ipsum,
599 1732 634 1761 et
665 1729 730 1762 alio
762 1740 803 1762 ea
833 1740 913 1771 quae
942 1729 1038 1769 facit;
1068 1734 1128 1763 aut
1155 1731 1271 1772 potius
1299 1730 1424 1763 eodem
1454 1732 1532 1773 ipso
1555 1731 1664 1764 verbo
1688 1742 1758 1773 quo

281 1789 360 1822 dicit
385 1801 422 1823 se
446 1791 567 1832 ipsum,
596 1789 676 1824 dicit
701 1802 926 1833 quaecumque
950 1790 1056 1825 facit?
1089 1792 1176 1825 Nam
1200 1792 1267 1825 hoc
1296 1803 1435 1834 quoque
1459 1793 1599 1826 verbum
1625 1804 1694 1835 quo
1719 1803 1757 1826 se

280 1851 389 1893 ipsum
421 1851 511 1891 dicit,
543 1862 687 1886 necesse
720 1856 772 1886 est
803 1852 949 1895 idipsum
983 1864 1061 1887 esse
1095 1853 1189 1896 quod
1220 1855 1294 1896 ipse
1325 1858 1388 1893 est,
1423 1855 1509 1888 sicut
1542 1858 1680 1888 constat
1713 1855 1758 1887 de
