2090 3101
290 396 342 429 cui
359 399 461 438 prout
478 396 589 438 magis
605 399 791 437 utcumque
807 395 860 428 illa
876 394 994 428 similia
1011 398 1100 435 sunt,
1124 395 1171 427 ita
1191 394 1303 428 verius
1325 397 1359 427 et
1381 393 1601 437 praestantius
1618 393 1776 427 existunt.

291 458 370 491 Hoc
393 458 509 500 itaque
531 457 638 491 modo
659 468 728 490 non
749 456 1021 490 irrationabiliter
1043 457 1149 490 asseri
1170 460 1300 499 potest,
1325 457 1403 498 quia
1425 467 1501 489 cum
1523 456 1674 498 seipsum
1696 455 1777 488 dicit

289 530 442 553 summus
462 519 515 553 ille
536 520 684 562 spiritus,
706 519 788 552 dicit
809 520 911 552 etiam
937 518 1104 561 quidquid
1124 518 1252 552 factum
1276 522 1330 552 est
1351 529 1419 551 uno
1441 518 1636 560 eodemque
1656 517 1775 551 verbo.

835 651 1070 695 Capitulum
1096 651 1233 685 XXXV.

327 713 436 755 Quod,
461 714 632 758 quidquid
649 714 782 757 factum
807 719 857 747 esi
857 716 865 752 ,
891 716 927 747 in
949 716 1021 747 eius
1044 714 1144 747 verbo
1168 718 1200 747 et
1223 715 1365 747 scientia
1389 716 1435 746 sit
1458 715 1530 746 vita
1555 718 1587 746 et
1611 715 1747 745 veritas.

380 786 525 839 Verum
550 814 626 837 cum
651 806 789 837 constet
813 804 892 845 quia
915 802 1057 836 verbum
1082 803 1154 835 eius
1179 801 1473 835 consubstantiale
1496 801 1538 834 illi
1562 805 1617 834 est
1640 805 1675 834 et
1699 812 1775 843 per-

289 865 380 899 fecte
404 865 521 905 simile,
546 866 744 899 necessario
768 865 1000 907 consequitur,
1028 867 1065 897 ut
1089 864 1202 897 omnia
1227 874 1306 906 quae
1335 867 1413 897 sunt
1441 864 1474 896 in
1497 863 1563 903 illo,
1594 863 1718 897 eadem
1743 867 1778 896 et

290 927 416 960 eodem
448 927 555 960 modo
587 928 653 960 sint
683 928 715 960 in
745 927 854 960 verbo
886 927 968 960 eius.
1009 926 1186 968 Quidquid
1217 926 1318 968 igitur
1345 925 1473 958 factum
1502 929 1556 959 est
1584 926 1656 958 sive
1684 926 1777 958 vivat

289 990 361 1022 sive
392 1000 462 1022 non
491 990 594 1029 vivat,
628 992 686 1022 aut
720 988 1049 1031 quomodocumque
1082 989 1125 1022 sit
1157 988 1190 1021 in
1223 999 1276 1021 se:
1310 988 1342 1021 in
1366 987 1421 1021 illo
1452 991 1506 1021 est
1536 988 1612 1030 ipsa
1642 988 1711 1020 vita
1742 990 1777 1020 et

288 1051 426 1084 veritas.
466 1051 639 1089 Quoniam
670 1054 786 1084 autem
817 1050 909 1084 idem
940 1054 995 1084 est
1025 1061 1159 1083 summo
1191 1050 1320 1093 spiritui
1350 1051 1437 1083 scire
1466 1049 1562 1092 quod
1590 1049 1778 1092 intelligere

289 1114 361 1146 sive
385 1113 510 1153 dicere,
541 1124 687 1147 necesse
718 1117 773 1147 est
803 1117 840 1146 ut
871 1113 997 1146 eodem
1029 1113 1136 1146 modo
1167 1114 1254 1146 sciat
1284 1113 1398 1146 omnia
1427 1124 1506 1155 quae
1535 1113 1609 1153 scit,
1641 1123 1711 1155 quo
1736 1123 1777 1145 ea

289 1175 371 1208 dicit
394 1179 453 1208 aut
476 1175 640 1218 intelligit.
670 1176 974 1214 Quemadmodum
998 1176 1099 1218 igitur
1123 1179 1201 1209 sunt
1224 1176 1257 1208 in
1280 1175 1389 1209 verbo
1413 1176 1485 1208 eius
1509 1175 1623 1208 omnia
1646 1175 1715 1208 vita
1740 1178 1774 1208 et

288 1238 425 1277 veritas,
450 1238 496 1271 ita
520 1242 599 1271 sunt
623 1238 655 1271 in
679 1239 821 1272 scientia
846 1239 929 1271 eius.

829 1361 1065 1405 Capitulum
1089 1361 1244 1395 XXXVI.

420 1423 534 1462 Quam
559 1424 891 1467 incomprehensibili
914 1424 1015 1458 modo
1040 1424 1133 1458 dicat
1155 1424 1211 1457 vel
1232 1426 1319 1457 sciat
1342 1437 1394 1457 res
1417 1437 1438 1457 a
1462 1437 1497 1457 se
1517 1423 1641 1466 factas.

375 1496 476 1555 Qua
499 1523 541 1546 ex
564 1524 601 1546 re
625 1512 899 1547 manifestissime
924 1513 1170 1556 comprehendi
1194 1517 1323 1556 potest,
1355 1513 1535 1556 quomodo
1564 1513 1657 1546 dicat
1686 1513 1777 1546 idem

289 1575 427 1617 spiritus
450 1575 504 1608 vel
529 1575 708 1617 quomodo
737 1576 824 1609 sciat
852 1587 894 1609 ea
922 1586 1001 1618 quae
1029 1575 1122 1609 facta
1150 1579 1239 1616 sunt,
1271 1576 1315 1609 ab
1347 1576 1494 1608 humana
1518 1576 1660 1609 scientia
1684 1586 1777 1608 com

288 1636 454 1679 prehendi
485 1648 554 1670 non
585 1648 703 1680 posse.
743 1638 831 1671 Nam
863 1637 939 1671 nulli
970 1637 1110 1671 dubium
1140 1641 1274 1671 creatas
1303 1638 1515 1671 substantias
1544 1637 1650 1671 multo
1681 1637 1777 1670 aliter

288 1709 368 1732 esse
403 1699 435 1732 in
478 1700 601 1742 seipsis
637 1711 740 1742 quam
776 1700 808 1733 in
844 1703 963 1733 nostra
1000 1700 1152 1733 scientia.
1197 1700 1230 1733 In
1268 1701 1391 1743 seipsis
1427 1711 1574 1742 namque
1608 1703 1686 1733 sunt
1715 1711 1777 1742 per
