2090 3101
324 359 433 400 ipsam
458 368 553 390 suam
578 358 777 396 essentiam;
809 357 841 390 in
869 360 987 390 nostra
1015 368 1098 390 vero
1127 358 1267 390 scientia
1297 368 1365 390 non
1390 361 1467 391 sunt
1492 369 1607 391 earum
1632 360 1804 398 essentiae,

324 419 388 452 sed
412 430 527 452 earum
552 419 795 452 similitudines.
828 418 947 451 Restat
969 419 1069 460 igitur
1092 422 1129 452 ut
1156 423 1252 452 tanto
1273 421 1385 453 verius
1406 421 1472 453 sint
1497 421 1528 453 in
1554 421 1677 463 seipsis
1702 432 1804 463 quam

324 482 356 513 in
381 484 497 514 nostra
527 481 678 520 scientia,
709 483 839 522 quanto
867 481 979 513 verius
1010 481 1130 514 alicubi
1161 485 1239 514 sunt
1269 493 1332 523 per
1361 493 1457 514 suam
1487 483 1671 515 essentiam
1701 494 1804 524 quam

324 553 385 585 per
418 554 513 575 suam
547 542 805 575 similitudinem.
846 541 932 575 Cum
966 553 1051 584 ergo
1085 546 1119 575 et
1152 543 1219 576 hoc
1254 547 1401 583 constet,
1433 545 1512 585 quia
1545 545 1656 577 omnis
1688 548 1805 578 creata

324 605 516 638 substantia
540 608 637 637 tanto
660 605 772 637 verius
796 607 850 637 est
873 604 906 636 in
926 604 1045 643 verbo,
1070 604 1104 637 id
1128 607 1181 637 est
1205 605 1237 637 in
1262 605 1480 646 intelligentia
1502 607 1677 645 creatoris,
1702 618 1804 648 quam

324 668 355 700 in
384 668 510 709 seipsa,
539 670 669 709 quanto
698 667 809 700 verius
838 667 951 700 existit
983 667 1127 699 creatrix
1154 677 1256 708 quam
1286 670 1402 700 creata
1431 668 1596 700 essentia:
1626 668 1805 710 quomodo

323 728 595 771 comprehendat
628 729 775 762 humana
803 739 899 761 mens
932 728 1121 761 cuiusmodi
1151 729 1194 761 sit
1224 728 1303 761 illud
1335 729 1460 769 dicere,
1494 733 1529 762 et
1565 729 1617 762 illa
1653 730 1805 769 scientia,

323 802 402 833 quae
426 792 475 823 sic
499 790 601 833 longe
626 791 781 833 superior
804 794 839 823 et
862 791 974 823 verior
998 794 1052 823 est
1075 791 1199 823 creatis
1228 790 1438 831 substantiis,
1469 791 1497 824 si
1522 794 1640 824 nostra
1664 792 1806 824 scientia

323 857 393 886 tam
426 853 529 895 longe
557 856 737 895 superatur
765 852 809 886 ab
837 852 908 892 illis,
938 856 1101 894 quantum
1128 863 1243 885 earum
1272 852 1454 885 similitudo
1483 852 1589 886 distat
1618 853 1664 886 ab
1689 864 1804 886 earum

323 914 499 948 essentia?

852 1002 1085 1045 Capitulum
1110 1002 1278 1035 XXXVII.

448 1060 557 1099 Quod,
583 1060 750 1103 quidquid
773 1062 843 1102 ipse
866 1065 915 1093 est
939 1060 987 1092 ad
1008 1065 1206 1097 creaturam,
1231 1060 1294 1093 hoc
1317 1062 1362 1093 sit
1385 1065 1417 1093 et
1440 1060 1576 1093 verbum
1601 1063 1688 1098 eius;

738 1130 797 1150 nec
813 1122 925 1150 tamen
950 1117 1049 1150 ambo
1073 1118 1178 1150 simul
1199 1117 1387 1160 pluraliter.

413 1189 557 1241 Verum
582 1217 657 1239 cum
683 1206 861 1239 manifeste
885 1206 1036 1239 rationes
1064 1207 1259 1248 superiores
1284 1206 1434 1239 doceant
1459 1217 1626 1240 summum
1651 1207 1804 1248 spiritum

324 1279 386 1310 per
415 1268 557 1301 verbum
588 1279 685 1301 suum
718 1268 842 1302 fecisse
877 1269 1005 1302 omnia:
1039 1268 1201 1311 numquid
1235 1279 1303 1301 non
1334 1272 1369 1301 et
1402 1269 1512 1311 ipsum
1548 1268 1689 1302 verbum
1725 1268 1805 1302 fecit

323 1330 445 1363 eadem
470 1330 609 1364 omnia?
649 1330 821 1368 Quoniam
852 1331 940 1363 enim
971 1330 1012 1363 illi
1044 1334 1097 1363 est
1121 1330 1425 1370 consubstantiale,
1457 1331 1550 1363 cuius
1575 1334 1629 1364 est
1652 1331 1804 1370 verbum,

322 1403 465 1425 necesse
495 1396 548 1425 est
579 1396 615 1425 ut
639 1393 681 1425 sit
712 1404 844 1425 summa
875 1394 1035 1426 essentia.
1075 1392 1215 1426 Summa
1246 1396 1359 1426 autem
1391 1393 1541 1425 essentia
1572 1404 1641 1426 non
1665 1396 1718 1426 est
1743 1393 1805 1426 nisi

323 1466 398 1494 una,
424 1465 502 1496 quae
527 1454 600 1487 sola
624 1455 768 1487 creatrix
799 1458 833 1488 et
864 1454 973 1487 solum
1004 1455 1203 1497 principium
1233 1458 1287 1488 est
1315 1455 1463 1488 omnium
1493 1466 1572 1497 quae
1600 1454 1692 1488 facta
1716 1459 1804 1489 sunt.

323 1517 399 1559 Ipsa
423 1527 569 1558 namque
594 1516 667 1549 sola
692 1516 771 1549 fecit
795 1528 863 1550 non
888 1528 950 1559 per
973 1517 1063 1550 aliud
1087 1528 1189 1559 quam
1214 1528 1277 1559 per
1300 1528 1338 1550 se
1363 1518 1477 1550 omnia
1493 1528 1534 1550 ex
1551 1517 1662 1550 nihilo.
1688 1517 1805 1555 Quare

323 1589 550 1621 quaecumque
574 1590 725 1612 summus
750 1580 887 1621 spiritus
910 1579 1000 1619 facit,
1026 1579 1148 1612 eadem
1173 1583 1208 1612 et
1229 1579 1370 1613 verbum
1392 1580 1464 1613 eius
1488 1579 1568 1612 facit
1590 1584 1625 1613 et
1647 1580 1805 1613 similiter.

324 1641 501 1683 Quidquid
529 1642 629 1682 igitur
657 1652 808 1674 summus
839 1642 976 1683 spiritus
1006 1645 1059 1674 est
1090 1641 1135 1675 ad
1166 1646 1366 1681 creaturam,
1399 1642 1465 1675 hoc
1496 1646 1531 1675 et
1560 1642 1702 1675 verbum
1734 1642 1806 1675 eius

323 1706 377 1736 est
401 1706 435 1736 et
464 1703 628 1742 similiter;
662 1714 726 1736 nec
756 1706 871 1736 tamen
900 1703 1004 1736 ambo
1035 1704 1131 1736 simul
1162 1703 1342 1746 pluraliter,
1377 1704 1456 1745 quia
1487 1715 1555 1737 non
1586 1708 1664 1737 sunt
1693 1704 1806 1746 plures

324 1765 506 1798 creatrices
536 1776 679 1797 summae
709 1765 880 1798 essentiae.
920 1764 1014 1798 Sicut
1045 1766 1145 1807 igitur
1175 1765 1227 1799 ille
1258 1769 1312 1799 est
1343 1769 1479 1799 creator
1511 1777 1621 1799 rerum
1653 1769 1688 1799 et
1718 1767 1806 1808 prin-

324 1828 457 1869 cipium,
486 1827 535 1860 sic
566 1830 601 1860 et
630 1826 771 1860 verbum
801 1828 886 1866 eius;
921 1838 984 1860 nec
1018 1831 1131 1861 tamen
1165 1832 1243 1861 sunt
1276 1828 1357 1867 duo,
1391 1828 1455 1861 sed
1488 1839 1573 1861 unus
1604 1832 1740 1861 creator
1773 1832 1807 1861 et

324 1900 424 1921 unum
449 1890 658 1931 principium.
