2090 3101
305 457 575 492 dissimilitudine
597 457 830 491 omnimodam
848 456 1096 490 similitudinem
1119 457 1271 500 parentis
1292 456 1461 490 exhibeat.
1487 456 1521 489 Si
1544 466 1628 497 ergo
1649 455 1791 489 verbum

305 521 426 554 summi
450 521 588 562 spiritus
619 520 668 553 sic
696 523 750 553 est
779 520 917 553 omnino
947 530 988 552 ex
1012 520 1118 562 ipsius
1142 519 1215 552 sola
1241 519 1401 559 essentia,
1435 522 1470 552 et
1501 519 1550 551 sic
1580 518 1793 560 singulariter

307 586 361 617 est
385 582 426 616 illi
451 582 567 623 simile,
592 585 629 615 ut
653 582 741 615 nulla
764 581 881 624 proles
905 582 954 615 sic
978 582 1021 615 sit
1045 582 1183 615 omnino
1208 593 1250 615 ex
1274 581 1348 614 sola
1372 581 1524 623 parentis
1549 581 1709 620 essentia,
1735 584 1793 613 aut

306 646 355 678 sic
379 645 493 678 similis
517 645 665 688 parenti:
696 644 856 687 profecto
887 644 982 677 nullis
1013 643 1116 677 rebus
1145 648 1215 676 tam
1246 644 1489 677 convenienter
1519 642 1653 676 videtur
1684 643 1793 685 aptari

306 707 473 741 habitudo
491 708 642 750 parentis
664 710 699 740 et
715 706 831 749 prolis,
854 717 956 748 quam
978 717 1112 739 summo
1134 706 1263 748 spiritui
1285 709 1319 738 et
1336 705 1444 738 verbo
1462 706 1543 738 eius.
1569 705 1794 747 Quapropter

306 770 390 803 illius
414 773 468 803 est
492 770 667 812 proprium
691 769 903 802 verissimum
932 779 1011 802 esse
1034 772 1224 811 parentem,
1253 768 1349 800 istius
1373 778 1455 801 vero
1480 768 1689 800 verissimam
1715 778 1793 800 esse

307 832 449 874 prolem.

879 927 1114 970 Capitulum
1139 927 1223 961 XLI.

631 990 733 1030 Quod
756 990 815 1023 ille
837 992 1012 1023 verissime
1034 992 1163 1033 gignat,
1190 989 1281 1023 illud
1301 992 1469 1033 gignatur.

394 1062 464 1114 At
494 1079 561 1112 hoc
592 1083 753 1112 constare
786 1090 856 1112 non
886 1079 1025 1121 poterit,
1056 1079 1118 1112 nisi
1150 1080 1278 1121 pariter
1308 1078 1361 1112 ille
1393 1079 1569 1112 verissime
1599 1079 1730 1120 gignat,
1762 1082 1797 1111 et

307 1142 399 1175 istud
428 1142 603 1175 verissime
627 1142 798 1184 gignatur.
838 1140 932 1175 Sicut
960 1141 1061 1183 igitur
1089 1140 1168 1174 illud
1199 1144 1252 1174 est
1283 1142 1512 1184 perspicuum,
1543 1141 1590 1174 ita
1620 1141 1687 1174 hoc
1719 1151 1796 1174 esse

308 1204 533 1237 certissimum
558 1214 702 1237 necesse
727 1207 791 1237 est.
831 1203 949 1241 Quare
978 1204 1099 1236 summi
1128 1204 1265 1246 spiritus
1294 1207 1347 1237 est
1375 1204 1551 1237 verissime
1579 1204 1732 1245 gignere,
1762 1206 1797 1236 et

308 1266 403 1300 verbi
428 1267 499 1299 eius
523 1267 699 1299 verissime
722 1267 827 1308 gigni.

874 1362 1108 1406 Capitulum
1133 1363 1232 1396 XLII.

357 1426 460 1466 Quod
482 1426 622 1459 alterius
645 1429 821 1459 verissime
845 1428 890 1459 sit
914 1439 984 1459 esse
1006 1428 1189 1469 genitorem
1215 1431 1246 1458 et
1267 1431 1408 1468 patrem,
1435 1426 1576 1458 alterius
1598 1428 1748 1469 genitum

964 1494 996 1521 et
1016 1488 1146 1531 filium.

401 1561 549 1612 Vellem
574 1578 639 1610 iam
665 1577 802 1620 quidem
825 1581 860 1610 et
880 1577 969 1611 forte
991 1588 1133 1620 possem
1154 1577 1243 1610 illum
1265 1588 1344 1610 esse
1363 1578 1539 1610 verissime
1563 1580 1707 1619 patrem,
1732 1577 1800 1610 hoc

310 1651 394 1673 vero
419 1651 497 1673 esse
521 1640 697 1673 verissime
721 1639 822 1672 filium
847 1639 1068 1679 concludere;
1098 1640 1161 1673 sed
1185 1651 1249 1673 nec
1273 1640 1340 1673 hoc
1365 1639 1607 1681 negligendum
1632 1640 1799 1679 existimo,

311 1714 354 1735 an
379 1703 485 1745 patris
510 1706 545 1735 et
569 1702 633 1742 filii,
664 1714 707 1735 an
732 1703 848 1735 matris
872 1706 907 1735 et
931 1702 1008 1735 filiae
1037 1703 1147 1744 magis
1171 1702 1231 1735 illis
1255 1706 1338 1745 apta
1367 1703 1410 1735 sit
1438 1702 1635 1745 appellatio,
1667 1713 1743 1735 cum
1768 1702 1799 1734 in

311 1765 361 1798 eis
385 1765 472 1799 nulla
497 1765 540 1797 sit
565 1776 666 1798 sexus
691 1764 864 1797 discretio.
900 1765 988 1798 Nam
1012 1765 1040 1798 si
1064 1765 1192 1798 idcirco
1218 1766 1461 1798 convenienter
1489 1769 1543 1798 est
1566 1764 1619 1798 ille
1643 1768 1742 1807 pater
1766 1768 1801 1797 et

312 1827 427 1869 proles
460 1828 531 1860 eius
563 1827 658 1867 filius,
691 1828 769 1869 quia
801 1831 945 1869 uterque
977 1831 1031 1861 est
1062 1828 1213 1870 spiritus:
1248 1838 1306 1860 cur
1337 1838 1405 1860 non
1437 1828 1509 1870 pari
1540 1828 1672 1860 ratione
1706 1827 1800 1860 alteri

313 1891 472 1923 convenit
497 1901 576 1923 esse
601 1893 754 1929 matrem,
789 1890 883 1923 alteri
907 1889 1018 1929 filiam,
1048 1891 1127 1932 quia
1151 1893 1295 1932 uterque
1320 1893 1374 1922 est
1397 1890 1523 1923 veritas
1548 1892 1582 1923 et
1607 1888 1801 1932 sapientia?

314 1952 369 1985 An
395 1953 473 1994 quia
502 1953 534 1985 in
558 1953 597 1985 iis
626 1952 754 1985 naturis
784 1963 862 1994 quae
892 1963 993 1985 sexus
1022 1952 1150 1985 habent
1179 1952 1416 1992 differentiam,
1446 1952 1592 1985 melioris
1621 1963 1723 1985 sexus
1748 1956 1802 1985 est

312 2018 445 2056 patrem
471 2025 549 2047 esse
574 2015 626 2047 vel
650 2014 762 2054 filium,
793 2015 931 2047 minoris
954 2025 1038 2048 vero
1063 2018 1206 2048 matrem
1235 2014 1288 2047 vel
1313 2014 1439 2047 filiam?
1479 2014 1538 2047 Est
1568 2014 1634 2047 hoc
1663 2014 1802 2056 quidem

313 2076 509 2110 naturaliter
538 2077 570 2109 in
598 2076 765 2118 pluribus;
800 2077 831 2110 in
857 2076 1062 2119 quibusdam
1095 2088 1178 2109 vero
1204 2088 1223 2110 e
1248 2077 1431 2116 contrario,
1464 2080 1501 2109 ut
1532 2077 1564 2109 in
1596 2076 1800 2119 quibusdam

313 2140 424 2172 avium
448 2138 643 2181 generibus,
672 2139 704 2171 in
729 2139 852 2181 quibus
876 2138 1055 2172 femininus
1084 2150 1185 2172 sexus
1210 2150 1348 2181 semper
1376 2140 1484 2172 maior
1513 2143 1547 2172 et
1571 2139 1714 2172 validior
1738 2142 1801 2177 est,

313 2201 518 2234 masculinus
542 2212 626 2234 vero
652 2202 760 2234 minor
784 2205 819 2235 et
843 2201 1013 2234 infirmior.
