2090 3101
818 286 1051 330 Capitulum
1075 287 1202 323 XLVIL

388 347 489 387 Quod
507 349 608 391 filius
632 351 677 381 sit
700 349 924 391 inlelligentia
951 350 1197 392 intellig^ntiae
1220 356 1251 383 et
1274 353 1401 383 veritas
1424 353 1579 384 veritatis
1603 357 1634 384 et

793 411 953 444 similiter
977 411 1017 443 de
1040 411 1219 444 similibus.

355 481 423 532 At
447 499 474 530 si
498 499 572 539 ipsa
597 498 788 532 substantia
819 499 926 541 patris
956 503 1009 531 est
1038 499 1256 541 intelligentia
1285 503 1319 532 et
1348 500 1488 533 scientia
1518 505 1553 533 et
1581 502 1748 543 sapientia

269 563 303 592 et
324 560 459 599 veritas,
484 563 737 602 consequenter
758 560 925 602 colligitur
948 561 1027 603 quia
1048 562 1134 594 sicut
1158 560 1243 593 filius
1267 565 1320 593 est
1343 561 1563 603 intelligentia
1585 566 1620 595 et
1641 563 1748 595 scien¬

269 622 314 654 tia
339 625 374 654 et
397 622 563 663 sapientia
592 625 627 654 et
650 623 775 654 veritas
804 625 958 664 paternae
987 622 1200 662 substantiae,
1231 623 1278 655 ita
1308 627 1361 655 est
1390 623 1608 665 intelligentia
1632 624 1747 656 intelli-

268 684 405 725 gentiae,
430 684 571 716 scientia
594 684 756 723 scientiae,
781 684 949 725 sapientia
973 685 1161 727 sapientiae,
1186 685 1311 717 veritas
1335 686 1499 718 veritatis.

804 815 1038 858 Capitulum
1062 815 1206 849 XLVI1L

370 876 472 917 Quod
494 879 528 909 in
552 879 714 910 memoria
741 877 952 920 intelligatur
972 883 1069 920 pater
1071 904 1077 915 9
1102 880 1191 911 sicut
1216 881 1250 911 in
1276 878 1502 921 intelligentia
1525 879 1645 921 filius;

366 944 397 971 et
427 939 595 981 quomodo
622 939 725 981 filius
763 941 808 971 sit
843 939 1069 982 intelligentia
1106 940 1162 972 vel
1193 942 1361 981 sapientia
1398 943 1580 973 memoriae
1613 947 1644 974 et

721 1003 885 1034 memoria
907 1003 1017 1044 patris
1040 1007 1072 1034 et
1096 1004 1286 1034 memoriae.

355 1072 425 1124 De
455 1090 618 1122 memoria
648 1100 731 1123 vero
762 1089 845 1131 quid
875 1089 1089 1123 sentiendum
1119 1090 1198 1123 est?
1237 1090 1292 1123 An
1323 1091 1546 1124 aestimandus
1577 1095 1630 1124 est
1661 1091 1745 1124 filius

265 1151 483 1193 intelligentia
507 1152 702 1190 memoriae,
727 1152 798 1184 sive
823 1152 985 1185 memoria
1009 1153 1126 1194 patris,
1151 1156 1210 1185 aut
1233 1153 1398 1186 memoria
1422 1153 1623 1187 memoriae?
1647 1153 1746 1196 Equi¬

265 1212 343 1245 dem
380 1224 455 1246 cum
491 1224 623 1246 summa
663 1214 831 1255 sapientia
870 1214 921 1246 sui
960 1225 1092 1246 memor
1127 1225 1205 1247 esse
1240 1215 1357 1256 negari
1397 1226 1465 1248 non
1504 1216 1629 1257 possit;
1669 1216 1745 1248 nihil

265 1275 517 1317 competentius
550 1286 652 1317 quam
688 1276 720 1307 in
756 1275 918 1308 memoria
958 1279 1058 1317 pater
1092 1276 1179 1308 sicut
1212 1276 1243 1308 in
1278 1276 1386 1309 verbo
1422 1276 1506 1309 filius
1541 1277 1744 1319 intelligitur,

264 1338 424 1378 quoniam
449 1336 493 1370 de
518 1337 680 1370 memoria
704 1338 797 1370 nasci
821 1337 962 1370 verbum
986 1337 1129 1371 videtur.
1155 1338 1262 1375 Quod
1286 1338 1406 1371 clarius
1430 1339 1462 1371 in
1487 1343 1605 1372 nostra
1629 1343 1743 1373 mente

264 1399 457 1441 percipitur.
497 1399 669 1436 Quoniam
693 1410 840 1441 namque
864 1410 960 1432 mens
985 1399 1130 1432 humana
1159 1410 1227 1432 non
1256 1411 1394 1442 semper
1423 1411 1461 1433 se
1486 1402 1627 1442 cogitat,
1657 1402 1743 1434 sicut

263 1461 313 1493 sui
337 1471 474 1503 semper
497 1461 661 1493 meminit;
689 1460 793 1503 liquet
822 1472 898 1494 cum
928 1472 965 1494 se
994 1462 1125 1503 cogitat
1154 1462 1231 1503 quia
1259 1462 1401 1495 verbum
1431 1463 1501 1495 eius
1526 1464 1674 1496 nascitur
1698 1463 1743 1496 de

263 1524 436 1556 memoria.
461 1522 561 1556 Unde
585 1526 731 1565 apparet
755 1524 843 1564 quia,
868 1523 895 1555 si
920 1534 1057 1565 semper
1080 1535 1118 1556 se
1143 1525 1322 1565 cogitaret,
1347 1535 1484 1566 semper
1505 1525 1645 1557 verbum
1671 1526 1743 1558 eius

262 1584 307 1617 de
332 1585 494 1617 memoria
518 1588 725 1618 nasceretur.
765 1584 848 1617 Rem
877 1584 1001 1617 etenim
1031 1585 1185 1626 cogitare
1214 1586 1307 1618 cuius
1339 1587 1535 1618 memoriam
1565 1586 1741 1626 habemus,

262 1646 329 1679 hoc
353 1650 406 1679 est
430 1650 544 1679 mente
575 1657 651 1679 eam
680 1646 809 1685 dicere;
840 1645 981 1679 verbum
1013 1657 1096 1679 vero
1127 1647 1174 1679 rei
1205 1651 1259 1679 est
1290 1648 1365 1689 ipsa
1396 1649 1562 1689 cogitatio
1595 1648 1639 1681 ad
1670 1650 1742 1681 eius

262 1707 509 1740 similitudinem
534 1718 575 1740 ex
599 1708 762 1740 memoria
786 1707 942 1741 formata.
974 1708 1062 1740 Hinc
1085 1709 1201 1750 itaque
1224 1709 1352 1751 liquido
1377 1709 1599 1742 animadverti
1623 1714 1741 1752 potest

261 1769 306 1802 de
337 1781 468 1802 summa
499 1770 676 1812 sapientia,
708 1781 787 1812 quae
817 1770 867 1802 sic
897 1781 1034 1812 semper
1064 1781 1102 1803 se
1134 1770 1214 1803 dicit
1245 1772 1331 1804 sicut
1362 1782 1499 1813 semper
1530 1772 1580 1804 sui
1611 1783 1742 1805 memor

262 1835 325 1871 est,
350 1832 429 1873 quia
453 1831 498 1864 de
522 1835 651 1865 aeterna
673 1832 835 1864 memoria
857 1832 929 1865 eius
950 1835 1160 1865 coaeternum
1176 1832 1318 1865 verbum
1340 1834 1498 1867 nascitur.
1524 1833 1617 1867 Sicut
1641 1835 1741 1876 igitur

260 1893 401 1926 verbum
427 1904 578 1935 congrue
602 1893 795 1935 intelligitur
818 1893 943 1935 proles,
973 1894 1019 1926 ita
1048 1895 1211 1927 memoria
1239 1896 1391 1936 parentis
1415 1906 1540 1929 nomen
1565 1897 1741 1939 aptissime
