2090 3101
346 399 498 441 suscipit.
539 398 573 432 Si
605 409 689 440 ergo
721 398 847 441 proles,
879 409 959 440 quse
990 399 1129 432 omnino
1160 398 1205 431 de
1236 398 1312 431 solo
1344 409 1478 431 summo
1510 398 1629 440 spiritu
1659 402 1740 431 nata
1771 401 1835 438 est,

345 461 461 504 proles
486 464 540 494 est
564 461 739 494 memoriae
764 460 851 493 eius:
883 460 960 493 nihil
985 460 1253 503 consequentius
1277 471 1380 502 quam
1405 461 1484 502 quia
1507 461 1672 494 memoria
1696 472 1757 494 sua
1782 464 1835 494 est

345 523 437 557 idem
461 524 547 566 ipse.
572 522 713 565 Quippe
733 534 802 556 non
823 523 855 556 in
878 534 921 556 eo
943 522 1039 565 quod
1060 523 1111 556 sui
1133 534 1265 556 memor
1288 526 1352 563 est,
1378 523 1427 556 sic
1451 525 1505 556 est
1529 523 1561 555 in
1585 533 1647 555 sua
1671 523 1836 556 memoria

345 585 437 619 velut
462 585 525 618 alia
549 596 605 618 res
628 586 661 618 in
686 584 760 625 alia,
789 585 1083 627 quemadmodum
1113 596 1154 618 ea
1183 596 1262 627 quW
1291 586 1340 618 sic
1368 588 1447 618 sunt
1475 585 1507 617 in
1531 584 1689 618 humanae
1713 585 1836 618 mentis

346 649 521 687 memoria,
552 651 589 680 ut
617 658 686 681 non
720 648 786 680 sint
817 648 893 690 ipsa
925 651 1044 680 nostra
1073 648 1252 687 memoria;
1285 647 1349 681 sed
1380 648 1429 680 sic
1460 650 1515 680 est
1545 657 1677 680 memor
1706 647 1768 687 sui,
1799 650 1836 679 ut

345 711 420 752 ipse
445 711 609 743 memoria
634 721 695 743 sua
720 710 773 743 sit.

435 772 668 815 Consequitur
695 772 812 814 itaque
840 775 887 812 ut,
916 772 1096 815 quomodo
1125 771 1211 805 filius
1240 775 1294 805 est
1318 771 1539 813 intelligentia
1568 771 1640 804 sive
1669 771 1837 814 sapientia

345 835 463 877 patris,
494 835 542 868 ita
566 836 609 868 sit
633 838 668 868 et
692 837 848 876 paternae
872 835 1058 867 memoriae.
1097 833 1146 867 At
1170 833 1337 876 quidquid
1365 833 1451 866 filius
1475 834 1566 875 sapit
1590 837 1649 866 aut
1672 832 1836 875 intelligit,

346 897 418 930 eius
454 896 604 930 similiter
639 900 673 930 et
707 897 868 930 meminit.
912 896 972 929 Est
1003 897 1104 938 igitur
1138 895 1224 929 filius
1260 896 1425 928 memoria
1461 896 1569 938 patris
1603 898 1637 928 et
1673 896 1837 928 memoria

346 959 531 998 memoriae,
556 958 591 992 id
615 962 669 992 est
693 959 858 991 memoria
881 969 1014 991 memor
1034 958 1141 1000 patris
1165 958 1223 1000 qui
1244 961 1298 990 est
1319 958 1494 997 memoria,
1518 958 1606 990 sicut
1627 961 1681 990 est
1702 958 1836 1000 sapien

345 1022 392 1054 tia
412 1021 519 1064 patris
541 1024 576 1054 et
597 1021 766 1063 sapientia
787 1021 977 1063 sapientiae,
999 1020 1034 1053 id
1055 1023 1110 1053 est
1126 1020 1294 1062 sapientia
1311 1020 1450 1062 sapiens
1467 1023 1601 1062 patrem
1623 1020 1837 1062 sapientiam.

1823 1089 1841 1110 -12
345 1083 385 1116 Et
409 1083 494 1116 filius
525 1083 664 1125 quidem
698 1084 862 1116 memoria
891 1086 972 1116 nata
1004 1082 1049 1116 de
1080 1083 1255 1122 memoria,
1287 1083 1374 1115 sicut
1405 1083 1574 1125 sapientia
1603 1086 1684 1115 nata
1713 1082 1758 1115 de
1782 1093 1821 1115 sa

345 1146 486 1188 pientia;
511 1149 610 1188 pater
633 1156 716 1178 vero
742 1145 787 1178 de
811 1145 901 1178 nullo
926 1148 1008 1178 nata
1032 1145 1197 1178 memoria
1221 1144 1275 1178 vel
1299 1145 1479 1187 sapientia.

904 1269 1140 1312 Capitulum
1164 1269 1275 1302 XLIX
1275 1296 1281 1302 .

782 1331 886 1372 Quod
906 1345 1060 1364 summus
1083 1334 1225 1374 spiritus
1248 1344 1283 1364 se
1307 1336 1406 1364 amet.

448 1404 533 1457 Sed
564 1432 657 1461 ecce,
691 1421 772 1454 dum
803 1420 900 1454 huius
933 1421 1040 1463 patris
1071 1420 1195 1463 filiique
1226 1420 1459 1463 proprietates
1491 1421 1838 1463 communionemque

345 1483 593 1517 delectabiliter
608 1484 752 1524 intueor,
774 1483 851 1516 nihil
868 1483 1104 1516 delectabilius
1125 1484 1157 1516 in
1173 1483 1234 1516 illis
1252 1482 1555 1525 contemplandum
1577 1483 1712 1516 invenio
1734 1494 1837 1525 quam

345 1547 449 1579 mutui
475 1547 600 1579 amoris
629 1546 802 1580 affectum.
842 1545 957 1584 Quam
987 1546 1075 1579 enim
1105 1545 1256 1579 absurde
1285 1549 1431 1587 negetur
1460 1556 1611 1578 summus
1636 1546 1774 1587 spiritus
1799 1556 1837 1578 se

344 1620 471 1648 amare,
495 1610 582 1642 sicut
607 1609 658 1641 sui
682 1619 814 1642 memor
843 1612 897 1642 est
926 1612 961 1641 et
990 1619 1028 1642 se
1057 1608 1221 1650 intelligit,
1251 1619 1328 1641 cum
1358 1612 1393 1641 et
1417 1619 1514 1641 mens
1542 1608 1716 1641 rationalis
1741 1619 1779 1641 se
1803 1611 1839 1641 et

343 1671 432 1704 illum
456 1682 573 1704 amare
596 1682 704 1714 posse
729 1672 961 1711 convincatur,
991 1682 1033 1704 ex
1057 1682 1100 1704 eo
1125 1672 1204 1713 quia
1234 1671 1285 1704 sui
1309 1674 1344 1704 et
1368 1670 1452 1704 illius
1481 1682 1613 1704 memor
1637 1681 1716 1704 esse
1740 1674 1775 1704 et
1800 1681 1838 1703 se

344 1737 379 1767 et
403 1734 491 1767 illum
515 1734 703 1776 intelligere
727 1733 873 1776 potest?
902 1733 1029 1767 Otiosa
1053 1745 1203 1776 namque
1228 1737 1263 1766 et
1286 1733 1423 1776 penitus
1447 1733 1570 1766 inutilis
1595 1736 1649 1766 est
1673 1733 1838 1766 memoria

344 1800 379 1829 et
403 1796 623 1838 intelligentia
653 1795 831 1830 cuiuslibet
860 1797 918 1836 rei,
950 1797 1012 1829 nisi
1040 1799 1144 1838 prout
1175 1797 1262 1829 ratio
1294 1796 1399 1838 exigit
1429 1807 1484 1829 res
1515 1796 1590 1838 ipsa
1620 1799 1752 1829 ametur
1781 1799 1839 1828 aut

343 1858 558 1901 reprobetur.
598 1858 703 1891 Amat
728 1870 813 1901 ergo
838 1859 990 1901 seipsum
1019 1870 1172 1892 summus
1201 1859 1349 1901 spiritus,
1379 1859 1467 1891 sicut
1491 1858 1542 1891 sui
1566 1858 1716 1891 meminit
1741 1862 1775 1891 et
1800 1868 1838 1891 se

345 1920 510 1962 intelligit.
