2090 3101
294 463 400 486 causa
424 463 497 485 sua.
536 451 732 486 Secundum
757 451 845 484 hanc
873 452 974 493 igitur
1004 452 1171 485 rationem
1200 463 1298 485 amor
1322 463 1342 485 a
1366 462 1500 484 summo
1525 452 1643 494 spiritu
1668 452 1783 484 exiens

295 525 363 547 non
393 515 531 547 omnino
562 514 670 547 asseri
701 517 821 556 potest
851 514 1032 555 ingenitus.
1072 514 1120 547 Ita
1149 525 1233 548 vero
1261 515 1401 557 proprie
1429 514 1516 547 sicut
1547 513 1689 547 verbum
1718 513 1784 547 dici

294 577 431 618 genitus
455 587 524 609 non
547 579 678 618 potest,
710 576 788 618 quia
819 575 961 609 verbum
991 577 1203 609 verissimam
1235 587 1314 610 esse
1344 576 1477 619 prolem
1508 579 1543 609 et
1571 576 1782 609 verissimum

294 638 407 678 filium,
443 649 596 671 amorem
629 649 712 671 vero
746 638 936 671 nullatenus
969 638 1070 672 filium
1103 642 1160 671 aut
1193 639 1325 681 prolem
1359 649 1439 672 esse
1471 637 1687 671 manifestum
1719 641 1783 671 est.

296 701 417 733 Potest
440 701 557 742 itaque
581 700 685 733 immo
714 700 822 733 debet
851 700 917 734 dici
944 700 1039 734 solus
1067 700 1120 734 ille
1149 702 1244 734 cuius
1268 700 1410 734 verbum
1435 704 1489 734 est
1517 701 1654 743 genitor
1678 704 1712 733 et
1736 701 1784 733 in¬

295 763 442 804 genitus,
467 762 544 805 quia
570 761 664 795 solus
688 765 742 795 est
766 765 866 805 pater
889 766 925 796 et
948 773 1085 805 parens,
1110 766 1146 796 et
1169 762 1259 796 nullo
1284 762 1392 798 modo
1417 762 1461 795 ab
1487 762 1552 795 alio
1577 766 1641 796 est.
1667 762 1784 796 Solum

297 828 411 858 autem
435 824 577 858 verbum
606 825 770 867 genitum,
800 825 879 867 quia
903 824 1013 858 solum
1042 824 1127 858 filius
1152 828 1187 858 et
1210 825 1327 868 proles
1351 828 1416 858 est.
1456 824 1557 858 Solus
1580 835 1664 858 vero
1688 836 1786 858 amor

296 887 472 929 utriusque
502 897 567 920 nec
596 887 733 929 genitus
763 897 828 920 nec
858 887 1039 928 ingenitus,
1073 887 1151 929 quia
1183 897 1247 920 nec
1277 886 1363 920 filius
1394 889 1448 920 est
1478 897 1543 919 nec
1574 886 1689 928 proles
1721 889 1785 926 est,

296 960 360 982 nec
384 950 523 982 omnino
547 960 616 982 non
641 952 694 982 est
719 948 763 982 ab
788 948 864 983 alio.

863 1072 1101 1116 Capitulum
1125 1072 1220 1106 LVIL

387 1133 492 1173 Quod
514 1148 610 1168 amor
634 1135 723 1168 idem
747 1137 799 1168 sic
826 1137 872 1168 sit
897 1137 1067 1168 increatus
1090 1141 1121 1168 et
1145 1141 1274 1168 creator
1302 1137 1389 1168 sicut
1410 1140 1507 1178 pater
1531 1140 1563 1167 et
1582 1135 1687 1178 filius
1689 1162 1696 1173 ,

385 1202 417 1230 et
450 1202 563 1230 tamen
597 1199 667 1240 ipse
700 1210 776 1230 cum
810 1197 883 1229 illis
916 1210 983 1230 non
1017 1201 1083 1230 tres
1085 1210 1092 1234 ,
1131 1196 1192 1230 sed
1225 1210 1312 1230 unus
1346 1199 1514 1230 increatus
1547 1202 1578 1230 et
1612 1210 1698 1230 unus

486 1264 632 1297 creator;
655 1264 687 1292 et
709 1259 802 1302 quod
825 1259 915 1292 idem
937 1261 1048 1302 possit
1072 1259 1143 1292 dici
1166 1262 1308 1302 spiritus
1329 1262 1440 1303 patris
1463 1265 1495 1292 et
1514 1260 1590 1303 filii
1592 1286 1598 1293 .

383 1330 576 1390 Quoniam
601 1352 715 1381 autem
744 1348 835 1381 idem
866 1359 963 1381 amor
991 1348 1142 1390 singulus
1167 1352 1221 1382 est
1245 1360 1377 1381 summa
1402 1349 1553 1384 essentia
1577 1349 1665 1382 sicut
1688 1352 1788 1391 pater

296 1414 332 1443 et
355 1409 452 1450 filius,
481 1414 517 1443 et
546 1414 661 1444 tamen
689 1410 787 1444 simul
815 1414 914 1453 pater
943 1414 977 1444 et
1001 1410 1087 1443 filius
1112 1414 1147 1444 et
1170 1411 1346 1453 utriusque
1371 1422 1468 1444 amor
1491 1422 1560 1444 non
1584 1411 1699 1453 plures
1723 1410 1787 1444 sed

297 1483 364 1505 una
388 1483 520 1505 summa
544 1473 706 1513 essentia,
737 1484 817 1515 quae
846 1472 920 1506 sola
949 1484 969 1506 a
999 1472 1088 1506 nullo
1117 1472 1209 1506 facta
1238 1484 1307 1506 non
1335 1484 1398 1516 per
1421 1473 1512 1507 aliud
1536 1485 1639 1516 quam
1663 1484 1726 1516 per
1749 1484 1788 1506 se

298 1535 412 1568 omnia
444 1534 539 1568 fecit:
575 1546 721 1569 necesse
754 1539 808 1568 est
841 1539 887 1575 ut,
922 1534 1215 1577 quemadmodum
1249 1535 1401 1578 singulus
1433 1539 1534 1578 pater
1567 1540 1601 1569 et
1637 1535 1788 1578 singulus

297 1597 383 1630 filius
408 1601 463 1631 est
486 1598 657 1631 increatus
681 1601 717 1631 et
733 1601 879 1637 creator,
903 1598 950 1630 ita
972 1601 1007 1630 et
1030 1609 1128 1631 amor
1149 1597 1300 1639 singulus
1322 1598 1366 1631 sit
1387 1599 1558 1631 increatus
1582 1601 1617 1631 et
1642 1601 1787 1638 creator,

299 1663 335 1692 et
359 1663 473 1693 tamen
498 1670 619 1693 omnes
644 1663 714 1693 tres
738 1659 835 1693 simul
857 1671 925 1693 non
947 1659 1061 1702 plures
1086 1660 1150 1693 sed
1171 1671 1257 1693 unus
1280 1661 1451 1693 increatus
1476 1663 1510 1693 et
1534 1671 1621 1693 unus
1642 1664 1788 1694 creator.

299 1722 436 1755 Patrem
460 1723 577 1765 itaque
605 1722 713 1756 nullus
742 1722 823 1756 facit
851 1723 923 1756 sive
952 1726 1047 1756 creat
1076 1726 1134 1755 aut
1161 1723 1281 1764 gignit.
1321 1722 1435 1756 Filium
1459 1734 1543 1756 vero
1571 1726 1671 1765 pater
1695 1722 1789 1756 solus

299 1795 367 1817 non
401 1784 491 1824 facit,
527 1784 592 1818 sed
623 1785 743 1827 gignit.
789 1785 890 1818 Pater
923 1788 1038 1818 autem
1071 1785 1198 1827 pariter
1234 1789 1269 1818 et
1300 1785 1387 1818 filius
1417 1796 1486 1818 non
1519 1784 1646 1818 faciunt
1676 1796 1789 1827 neque

298 1846 453 1888 gignunt,
476 1847 540 1880 sed
557 1847 710 1889 quodam
728 1847 834 1880 modo
851 1848 880 1880 si
901 1847 950 1880 sic
971 1847 1037 1880 dici
1058 1850 1177 1890 potest
1199 1848 1329 1890 spirant
1350 1858 1448 1880 suum
1470 1858 1634 1881 amorem.
1659 1847 1789 1885 Quam¬

299 1909 348 1941 vis
374 1910 462 1942 enim
487 1921 556 1942 non
580 1913 702 1943 nostro
731 1909 838 1943 modo
867 1910 975 1952 spiret
1003 1920 1135 1943 summe
1166 1909 1453 1943 incommutabilis
1482 1910 1642 1949 essentia,
1675 1913 1789 1942 tamen

299 1972 410 2013 ipsum
442 1983 539 2005 suum
571 1983 724 2005 amorem
755 1983 775 2005 a
806 1983 845 2005 se
873 1971 1087 2005 ineffabiliter
1117 1972 1366 2014 procedentem
1398 1983 1467 2005 non
1498 1971 1713 2005 discedendo
1745 1971 1789 2005 ab

299 2033 352 2066 illa
377 2034 441 2067 sed
465 2034 646 2068 existendo
671 2046 713 2068 ex
735 2034 799 2074 illa,
827 2034 944 2067 forsan
969 2045 1038 2067 non
1066 2034 1132 2067 alio
1157 2034 1264 2068 modo
1293 2034 1427 2068 videtur
1450 2045 1558 2077 posse
1587 2034 1653 2068 dici
1677 2035 1790 2076 aptius

300 2107 342 2129 ex
366 2107 405 2129 se
429 2097 586 2130 emittere
610 2108 712 2139 quam
737 2096 912 2139 spirando.
