2090 3101
294 401 444 443 seipsum
470 403 504 433 et
529 410 649 433 omnes
670 400 812 432 invicem
835 409 873 431 se
894 398 1020 438 dicant,
1045 398 1256 440 impossibile
1277 402 1392 431 tamen
1414 401 1468 430 est
1489 408 1568 430 esse
1592 397 1624 429 in
1648 408 1781 429 summa

295 463 445 496 essentia
468 461 610 495 verbum
636 461 724 494 aliud
750 464 876 504 praeter
905 460 984 493 illud
1008 460 1052 493 de
1077 471 1147 502 quo
1171 461 1237 493 iam
1262 462 1410 499 constat,
1440 459 1536 501 quod
1560 460 1609 492 sic
1633 460 1782 492 nascitur

295 536 337 558 ex
361 535 403 558 eo
429 525 522 557 cuius
547 527 608 559 est.
624 523 777 563 verbum,
808 526 845 555 ut
873 526 909 556 et
932 534 1013 556 vera
1043 523 1114 556 eius
1146 522 1211 555 dici
1239 522 1351 565 possit
1380 522 1495 563 imago
1525 525 1560 554 et
1587 532 1668 554 vere
1696 521 1781 554 filius

294 587 367 620 eius
391 587 444 619 sit.

384 648 417 681 In
442 659 511 690 quo
537 648 654 681 mirum
679 646 843 690 quiddam
873 650 907 680 et
932 646 1165 689 inexplicabile
1189 647 1303 680 video.
1343 645 1431 679 Ecce
1460 646 1548 678 enim
1577 656 1653 679 cum
1678 646 1781 678 mani¬

294 711 419 744 festum
442 711 484 743 sit
505 720 793 752 unumquemque,
816 708 943 742 scilicet
965 712 1098 750 patrem
1121 712 1156 741 et
1176 708 1277 741 filium
1295 711 1331 741 et
1347 708 1453 750 patris
1475 707 1599 750 filiique
1617 708 1781 750 spiritum,

296 773 423 815 pariter
447 783 485 806 se
510 776 545 805 et
568 772 692 805 ambos
717 772 802 805 alios
827 771 952 810 dicere,
984 774 1019 803 et
1048 782 1148 803 unum
1179 771 1288 804 solum
1312 769 1357 803 ibi
1387 781 1465 803 esse
1493 769 1650 803 verbum:
1681 769 1782 802 nulla¬

297 838 396 868 tenus
421 838 536 867 tamen
560 835 670 876 ipsum
695 833 837 867 verbum
862 832 996 866 videtur
1019 844 1126 875 posse
1155 833 1222 866 dici
1245 832 1387 866 verbum
1412 832 1561 865 omnium
1586 832 1694 871 trium,
1720 831 1784 865 sed

296 900 427 929 tantum
456 897 552 929 unius
582 907 710 930 eorum.
751 895 900 930 Constat
932 895 1020 928 enim
1051 896 1161 937 ipsum
1193 906 1272 928 esse
1300 895 1482 935 imaginem
1515 898 1549 927 et
1579 894 1680 927 filium
1712 895 1784 927 eius

296 959 390 992 cuius
421 962 476 991 est
505 957 662 997 verbum;
695 961 730 991 et
761 960 860 999 patet
891 957 969 999 quia
1000 967 1065 990 nec
1096 957 1211 998 imago
1242 967 1306 990 nec
1336 955 1422 989 filius
1453 957 1576 989 suimet
1607 959 1664 989 aut
1696 967 1715 988 a
1746 967 1784 989 se

296 1020 519 1063 procedentis
543 1020 681 1062 spiritus
711 1030 864 1061 congrue
889 1019 955 1052 dici
979 1022 1109 1061 potest.
1145 1019 1232 1052 Nam
1258 1029 1321 1052 nec
1346 1029 1387 1051 ex
1411 1019 1528 1061 seipso
1553 1029 1616 1051 nec
1641 1029 1682 1051 ex
1705 1029 1784 1061 pro¬

296 1084 444 1117 cedente
478 1095 498 1116 a
531 1094 569 1116 se
602 1084 762 1122 nascitur,
800 1092 865 1115 nec
906 1082 1058 1124 seipsum
1095 1084 1152 1114 aut
1192 1080 1441 1123 procedentem
1477 1092 1497 1113 a
1533 1091 1571 1114 se
1604 1080 1784 1113 existendo

295 1146 454 1179 imitatur.
494 1145 653 1188 Seipsum
682 1145 811 1187 quippe
840 1155 910 1177 non
939 1144 1087 1176 imitatur
1115 1154 1179 1176 nec
1209 1155 1229 1176 a
1253 1154 1291 1177 se
1320 1142 1422 1176 trahit
1446 1142 1613 1176 existendi
1637 1142 1784 1175 similitu¬

296 1207 421 1247 dinem,
452 1208 530 1249 quia
554 1208 697 1240 imitatio
727 1211 762 1240 et
790 1206 975 1240 similitudo
1006 1217 1075 1239 non
1107 1209 1161 1239 est
1191 1206 1223 1238 in
1252 1216 1320 1239 uno
1349 1205 1436 1245 solo,
1468 1204 1532 1238 sed
1563 1205 1595 1237 in
1623 1204 1784 1247 pluribus.

297 1269 387 1303 Illum
411 1281 495 1303 vero
526 1280 596 1302 non
625 1270 775 1302 imitatur
804 1279 870 1302 nec
900 1268 946 1302 ad
977 1269 1050 1302 eius
1081 1267 1331 1301 similitudinem
1360 1267 1484 1307 existit,
1515 1268 1594 1309 quia
1624 1267 1689 1300 iste
1717 1277 1786 1299 non

297 1331 403 1365 habet
428 1331 472 1365 ab
496 1331 551 1364 illo
577 1342 665 1371 esse,
695 1331 759 1364 sed
788 1330 840 1364 ille
863 1330 907 1364 ab
931 1331 1009 1363 isto.
1035 1330 1156 1363 Restat
1180 1331 1280 1372 igitur
1304 1329 1371 1363 hoc
1399 1329 1509 1362 solum
1538 1328 1679 1362 verbum
1704 1329 1787 1362 illius

297 1394 402 1427 solius
427 1405 506 1427 esse
531 1393 575 1427 de
600 1405 669 1436 quo
691 1392 869 1427 nascendo
890 1392 997 1426 habet
1021 1403 1110 1432 esse,
1135 1396 1170 1425 et
1194 1392 1239 1425 ad
1261 1392 1355 1425 cuius
1380 1391 1613 1424 omnimodam
1638 1391 1786 1424 similitu¬

299 1456 412 1490 dinem
437 1456 560 1489 existit.
594 1456 690 1490 Unus
714 1466 799 1497 ergo
824 1459 933 1497 pater,
965 1465 1035 1488 non
1058 1455 1172 1497 plures
1197 1458 1325 1497 patres,
1350 1465 1436 1486 unus
1459 1453 1555 1494 filius,
1580 1465 1648 1487 non
1672 1453 1787 1496 plures

298 1518 363 1558 filii,
388 1530 473 1551 unus
495 1518 691 1561 procedens
708 1518 856 1561 spiritus,
881 1528 950 1551 non
966 1517 1081 1559 plures
1098 1517 1331 1560 procedentes
1348 1517 1485 1558 spiritus
1503 1520 1582 1549 sunt
1602 1517 1633 1549 in
1656 1527 1788 1549 summa

299 1582 460 1614 essentia.
490 1581 558 1619 Qui
583 1592 659 1614 cum
684 1582 730 1613 ita
754 1584 825 1613 tres
849 1580 917 1612 sint
940 1583 977 1612 ut
1001 1590 1185 1621 numquam
1210 1583 1309 1621 pater
1333 1579 1376 1611 sit
1399 1578 1485 1611 filius
1510 1581 1567 1611 aut
1592 1578 1787 1621 procedens

299 1644 447 1686 spiritus,
471 1654 536 1677 nec
559 1643 644 1676 filius
669 1641 853 1685 aliquando
878 1642 922 1675 sit
945 1645 1045 1684 pater
1069 1645 1128 1674 aut
1152 1642 1289 1684 spiritus
1311 1640 1517 1683 procedens,
1542 1651 1606 1674 nec
1626 1652 1787 1683 umquam

299 1706 436 1749 spiritus
460 1706 568 1748 patris
599 1709 633 1739 et
662 1705 717 1738 filii
746 1706 789 1738 sit
818 1707 918 1747 pater
948 1707 1005 1737 aut
1029 1703 1129 1743 filius;
1162 1707 1197 1737 et
1221 1703 1372 1746 singulus
1402 1703 1547 1745 quisque
1572 1703 1620 1736 sic
1645 1703 1687 1736 sit
1712 1713 1788 1745 per¬

298 1768 420 1808 fectus,
445 1772 482 1801 ut
506 1767 596 1801 nullo
620 1767 788 1810 indigeat:
822 1766 857 1799 id
885 1770 1001 1800 tamen
1026 1766 1121 1808 quod
1150 1770 1229 1799 sunt
1259 1767 1308 1799 sic
1340 1769 1393 1798 est
1421 1776 1534 1805 unum,
1568 1769 1604 1798 ut
1633 1765 1719 1798 sicut
1744 1764 1789 1798 de

301 1830 440 1873 singulis
464 1830 636 1873 pluraliter
660 1830 725 1863 dici
749 1840 818 1863 non
842 1832 972 1871 potest,
996 1830 1043 1862 ita
1067 1840 1131 1862 nec
1155 1828 1200 1862 de
1225 1828 1332 1861 tribus
1357 1827 1464 1861 simul.
1498 1827 1538 1860 Et
1563 1838 1639 1860 cum
1664 1828 1790 1870 pariter

301 1894 534 1935 unusquisque
565 1893 716 1935 seipsum
750 1896 785 1926 et
817 1902 938 1924 omnes
971 1892 1114 1924 invicem
1146 1902 1184 1924 se
1216 1891 1348 1924 dicant:
1384 1901 1453 1923 non
1484 1893 1600 1923 tamen
1635 1893 1712 1923 sunt
1745 1889 1790 1922 ibi

301 1955 397 1998 plura
420 1956 526 1988 verba
551 1955 615 1988 sed
639 1966 755 1994 unum;
790 1958 825 1988 et
853 1955 964 1996 ipsum
994 1964 1062 1986 non
1087 1953 1295 1995 singulorum
1325 1956 1383 1985 aut
1412 1953 1561 1985 omnium
1590 1952 1697 1992 simul,
1727 1951 1791 1985 sed

301 2018 398 2050 unius
423 2021 564 2051 tantum.

863 2139 1098 2182 Capitulum
1124 2139 1240 2172 LXIV.

506 2207 610 2246 Quod
632 2208 703 2246 hoc,
730 2208 807 2240 licet
832 2207 1068 2249 inexplicabile
1092 2209 1146 2244 sit,
1173 2212 1285 2239 tamen
1310 2205 1511 2238 credendum
1536 2207 1589 2237 sit.

396 2289 559 2341 Videtur
587 2306 665 2339 mihi
692 2305 791 2338 huius
820 2308 890 2337 tam
919 2304 1071 2337 sublimis
1101 2305 1148 2337 rei
1179 2308 1350 2337 secretum
1381 2302 1626 2337 transcendere
1654 2313 1791 2336 omnem

304 2368 494 2401 intellectus
526 2369 633 2401 aciem
662 2368 808 2407 humani,
840 2370 874 2400 et
906 2367 1033 2400 idcirco
1065 2370 1226 2400 conatum
1258 2365 1448 2409 explicandi
1479 2365 1622 2407 qualiter
1652 2365 1719 2398 hoc
1749 2365 1792 2397 sit
