2090 3101
310 394 269 51 prudentia
517 394 145 51 sit
600 394 145 51 eas
683 394 249 51 probare;
869 394 166 51 duae
973 394 166 51 vero
1076 394 166 51 quae
1180 394 269 51 subiciunt
1387 394 228 51 animal,
1553 394 145 51 sic
1615 394 207 51 videntur

311 456 269 50 probatae,
518 456 124 50 ut
580 456 289 50 impudentia
807 456 145 50 sit
890 456 145 50 eas
973 456 227 50 negare.
1138 456 145 50 Sed
1221 456 186 50 video
1345 456 186 50 horum
1469 456 207 50 duorum
1593 456 227 50 syllogis-

310 518 212 49 morum
452 518 330 49 conexionem
711 518 165 49 per
806 518 212 49 omnia
947 518 259 49 similem
1136 518 212 49 illis
1277 518 236 49 duobus
1443 518 189 49 quos
1561 518 212 49 paulo
1678 518 142 49 ante

313 580 244 51 protuli.
496 580 285 51 Quapropter
720 580 122 51 ad
781 580 183 51 nihil
903 580 183 51 aliud
1025 580 244 51 suspicor
1208 580 122 51 te
1269 580 142 51 hos
1351 580 285 51 attulisse,
1575 580 163 51 nisi
1677 580 122 51 ut
1717 580 102 51 cum

311 642 194 49 horum
441 642 345 49 conclusionem
721 642 216 49 aperte
872 642 216 49 falsam
1023 642 280 49 cernerem,
1238 642 172 49 idem
1346 642 129 49 de
1411 642 280 49 similibus
1626 642 172 49 quos
1712 642 108 49 ego

311 710 235 35 feceram
460 710 278 35 decernerem.

405 773 117 34 M.
463 773 136 34 Sic
521 773 117 34 est.

403 828 127 48 D.
466 828 233 48 Ostende
636 828 170 48 ergo
742 828 127 48 in
806 828 148 48 quo
890 828 127 48 et
954 828 148 48 hic
1039 828 127 48 et
1102 828 148 48 ibi
1187 828 191 48 tanta
1314 828 148 48 sit
1399 828 276 48 deceptio,
1611 828 127 48 ut
1675 828 148 48 cum
1738 828 85 48 et

312 890 194 51 verae
442 890 367 51 propositiones
744 890 129 51 et
808 890 259 51 secundum
1003 890 237 51 naturam
1175 890 367 51 syllogismorum
1477 890 237 51 conexae
1628 890 194 51 videan-

314 955 160 45 tur,
414 955 180 45 nulla
534 955 180 45 tamen
654 955 180 45 eorum
774 955 320 45 conclusiones
1035 955 220 45 veritas
1175 955 200 45 tueatur.

987 1062 144 43 [IV.]

405 1140 119 48 M.
465 1140 119 48 In
524 1140 158 48 tuis
623 1140 297 48 syllogismis
860 1140 138 48 hoc
939 1140 218 48 faciam;
1098 1140 158 48 meos
1196 1140 119 48 si
1256 1140 138 48 vis
1335 1140 138 48 per
1414 1140 119 48 te
1454 1140 237 48 discutito.

406 1206 115 36 D.
463 1206 153 36 Fiat
559 1206 134 36 tuo
616 1206 191 36 iudicio.

405 1267 122 45 M.
466 1267 203 45 Repete
608 1267 122 45 et
669 1267 224 45 contexe
832 1267 305 45 syllogismos
1076 1267 163 45 quos
1158 1267 203 45 fecisti.

405 1329 125 45 D.
468 1329 188 45 Omnis
593 1329 167 45 homo
697 1329 209 45 potest
843 1329 271 45 intelligi
1052 1329 167 45 sine
1135 1329 271 45 grammatica.

405 1390 126 47 M,
468 1390 168 47 Quid
573 1390 189 47 dicis
699 1390 231 47 hominem
867 1390 189 47 posse
993 1390 273 47 intelligi
1202 1390 168 47 sine
1286 1390 273 47 grammatica?

404 1458 142 33 D.
452 1458 236 33 Hominem.

408 1515 119 47 M.
468 1515 139 47 Dic
547 1515 159 47 ergo
646 1515 119 47 in
705 1515 159 47 ipsa
805 1515 317 47 propositione
1062 1515 159 47 quod
1141 1515 258 47 intelligis.

407 1578 128 46 D.
471 1578 192 46 Omnis
599 1578 171 46 homo
705 1578 213 46 potest
855 1578 277 46 intelligi
1068 1578 171 46 homo
1174 1578 171 46 sine
1260 1578 277 46 grammatica.

405 1643 135 40 M.
473 1643 270 40 Concedo;
653 1643 203 40 assume.

408 1702 121 46 D.
468 1702 202 46 Nullus
610 1702 304 46 grammaticus
853 1702 202 46 potest
995 1702 263 46 intelligi
1197 1702 162 46 sine
1278 1702 263 46 grammatica.

408 1764 126 47 M.
471 1764 169 47 Quid
576 1764 147 47 non
661 1764 211 47 potest
808 1764 316 47 grammaticus
1061 1764 274 47 intelligi
1272 1764 169 47 sine
1356 1764 274 47 grammatica?

407 1830 132 34 D.
451 1830 307 34 Grammaticus.

408 1892 118 43 M.
467 1892 197 43 Profer
605 1892 157 43 ergo
703 1892 157 43 quod
782 1892 256 43 intelligis.

408 1951 125 46 D.
471 1951 209 46 Nullus
617 1951 313 46 grammaticus
867 1951 209 46 potest
1013 1951 271 46 intelligi
1222 1951 313 46 grammaticus
1472 1951 167 46 sine
1556 1951 271 46 grammatica.

410 2013 117 47 M.
468 2013 175 47 Iunge
585 2013 136 47 has
662 2013 156 47 duas
760 2013 331 47 propositiones
1032 2013 136 47 ita
1110 2013 253 47 integras,
1304 2013 175 47 sicut
1421 2013 136 47 eas
1498 2013 156 47 modo
1576 2013 253 47 protulisti.

410 2075 129 47 D.
474 2075 193 47 Omnis
603 2075 172 47 homo
710 2075 215 47 potest
861 2075 279 47 intelligi
1076 2075 172 47 homo
1183 2075 172 47 sine
1291 2075 322 47 grammatica.
1549 2075 215 47 Nullus
1678 2075 150 47 gram-

322 2138 222 46 maticus
483 2138 202 46 potest
625 2138 263 46 intelligi
827 2138 303 46 grammaticus
1069 2138 162 46 sine
1150 2138 263 46 grammatica.

408 2199 140 47 M.
478 2199 187 47 Vide
594 2199 187 47 ergo
711 2199 210 47 utrum
851 2199 256 47 habeant
1037 2199 280 47 communem
1247 2199 303 47 terminum,
1480 2199 187 47 sine
1597 2199 163 47 quo
1667 2199 163 47 nihil

309 2265 192 34 efficiunt.

409 2324 135 44 D.
477 2324 203 44 Video
612 2324 158 44 eas
703 2324 158 44 non
793 2324 225 44 habere
951 2324 271 44 communem
1154 2324 293 44 terminum,
1379 2324 135 44 et
1447 2324 248 44 idcirco
1627 2324 203 44 nihil
1740 2324 90 44 ex

323 2391 135 42 eis
380 2391 212 42 consequi.
