2090 3101
299 430 244 49 aliquid.
482 430 244 49 Quidquid
665 430 142 49 est
746 430 224 49 igitur,
909 430 142 49 non
990 430 163 49 nisi
1092 430 142 49 per
1173 430 224 49 aliquid
1336 430 163 49 est.
1438 430 163 49 Quod
1540 430 142 49 cum
1621 430 142 49 ita
1682 430 122 49 sit,

298 492 144 47 aut
381 492 144 47 est
463 492 165 47 unum
567 492 144 47 aut
649 492 165 47 sunt
752 492 206 47 plura,
897 492 144 47 per
979 492 165 47 quas
1083 492 165 47 sunt
1186 492 206 47 cuncta
1330 492 165 47 quae
1434 492 186 47 sunt.
1557 492 144 47 Sed
1640 492 124 47 si
1681 492 124 47 sunt

296 554 228 50 plura,
456 554 159 50 aut
547 554 182 50 ipsa
661 554 319 50 referuntur
911 554 137 50 ad
980 554 182 50 unum
1093 554 251 50 aliquid
1276 554 159 50 per
1367 554 182 50 quod
1481 554 205 50 sunt,
1617 554 159 50 aut
1686 554 159 50 eadem

299 616 183 50 plura
421 616 224 50 singula
584 616 163 50 sunt
686 616 143 50 per
767 616 143 50 se,
849 616 143 50 aut
931 616 163 50 ipsa
1032 616 143 50 per
1114 616 122 50 se
1175 616 224 50 invicem
1338 616 183 50 sunt.
1460 616 122 50 At
1522 616 122 50 si
1583 616 183 50 plura
1685 616 122 50 ipsa

299 679 167 47 sunt
404 679 147 47 per
487 679 188 47 unum,
613 679 147 47 iam
697 679 147 47 non
780 679 167 47 sunt
885 679 188 47 omnia
1011 679 147 47 per
1094 679 209 47 plura,
1241 679 147 47 sed
1325 679 209 47 potius
1471 679 147 47 per
1555 679 188 47 illud
1659 679 147 47 unum,

299 741 149 48 per
384 741 170 48 quod
490 741 170 48 haec
596 741 191 48 plura
723 741 191 48 sunt.
851 741 127 48 Si
914 741 170 48 vero
1020 741 170 48 ipsa
1126 741 191 48 plura
1254 741 233 48 singula
1424 741 170 48 sunt
1530 741 149 48 per
1615 741 149 48 se,
1678 741 170 48 utique

301 803 137 46 est
380 803 137 46 una
458 803 195 46 aliqua
595 803 137 46 vis
673 803 137 46 vel
751 803 195 46 natura
888 803 254 46 existendi
1083 803 137 46 per
1161 803 137 46 se,
1239 803 156 46 quam
1337 803 215 46 habent,
1493 803 117 46 ut
1552 803 137 46 per
1630 803 117 46 se
1669 803 137 46 sint.

298 864 158 45 Non
389 864 158 45 est
479 864 203 45 autem
614 864 225 45 dubium
771 864 180 45 quod
884 864 158 45 per
974 864 135 45 id
1041 864 203 45 ipsum
1177 864 180 45 unum
1289 864 203 45 sint,
1424 864 158 45 per
1514 864 180 45 quod
1604 864 203 45 habent,

298 926 129 47 ut
363 926 172 47 sint
471 926 151 47 per
557 926 151 47 se.
643 926 215 47 Verius
794 926 172 47 ergo
901 926 151 47 per
988 926 194 47 ipsum
1117 926 172 47 unum
1224 926 215 47 cuncta
1375 926 194 47 sunt,
1504 926 172 47 quam
1612 926 151 47 per
1677 926 172 47 plura,

299 988 172 47 quae
407 988 172 47 sine
515 988 129 47 eo
580 988 151 47 uno
666 988 172 47 esse
774 988 151 47 non
860 988 259 47 possunt.
1054 988 129 47 Ut
1118 988 172 47 vero
1226 988 194 47 plura
1355 988 151 47 per
1442 988 129 47 se
1506 988 237 47 invicem
1657 988 151 47 sint,

301 1050 168 46 nulla
413 1050 205 46 patitur
562 1050 186 46 ratio,
692 1050 205 46 quoniam
841 1050 335 46 irrationabilis
1120 1050 242 46 cogitatio
1306 1050 149 46 est,
1400 1050 112 46 ut
1455 1050 186 46 aliqua
1586 1050 130 46 res
1660 1050 130 46 sit
1716 1050 93 46 per

299 1112 209 44 illud,
446 1112 147 44 cui
529 1112 147 44 dat
613 1112 189 44 esse.
739 1112 147 44 Nam
823 1112 147 44 nec
906 1112 168 44 ipsa
1011 1112 251 44 relativa
1200 1112 147 44 sic
1283 1112 168 44 sunt
1388 1112 147 44 per
1472 1112 251 44 invicem.
1660 1112 147 44 Cum
1723 1112 126 44 enim

300 1174 227 44 dominus
466 1174 124 44 et
528 1174 207 44 servus
672 1174 289 44 referantur
899 1174 124 44 ad
961 1174 248 44 invicem,
1147 1174 124 44 et
1209 1174 165 44 ipsi
1312 1174 227 44 homines
1478 1174 145 44 qui
1540 1174 268 44 referuntur,

300 1237 210 44 omnino
447 1237 147 44 non
531 1237 168 44 sunt
635 1237 147 44 per
719 1237 251 44 invicem,
908 1237 126 44 et
971 1237 189 44 ipsas
1096 1237 293 44 relationes
1327 1237 210 44 quibus
1474 1237 314 44 referuntur,
1704 1237 105 44 non

298 1299 232 44 omnino
460 1299 185 44 sunt
576 1299 162 44 per
668 1299 278 44 invicem,
877 1299 185 44 quia
992 1299 232 44 eaedem
1154 1299 185 44 sunt
1270 1299 162 44 per
1363 1299 301 44 subiecta.
1594 1299 162 44 Cum
1664 1299 185 44 itaque

299 1362 234 43 veritas
469 1362 255 43 omnimodo
661 1362 255 43 excludat
852 1362 192 43 plura
980 1362 170 43 esse
1086 1362 149 43 per
1171 1362 170 43 quae
1278 1362 213 43 cuncta
1427 1362 192 43 sint,
1555 1362 234 43 necesse
1704 1362 106 43 est

300 1425 165 43 unum
404 1425 186 43 illud
527 1425 186 43 esse,
651 1425 145 43 per
734 1425 165 43 quod
837 1425 165 43 sunt
940 1425 206 43 cuncta
1085 1425 165 43 quae
1167 1425 145 43 sunt.

389 1486 251 43 Quoniam
572 1486 183 43 ergo
686 1486 229 43 cuncta
846 1486 183 43 quae
961 1486 206 43 sunt,
1098 1486 183 43 sunt
1212 1486 160 43 per
1303 1486 206 43 ipsum
1441 1486 206 43 unum,
1555 1486 297 43 procuidubio

301 1549 131 43 et
367 1549 197 43 ipsum
498 1549 175 43 unum
607 1549 153 43 est
695 1549 153 43 per
783 1549 263 43 seipsum.
979 1549 306 43 Quaecumque
1220 1549 219 43 igitur
1373 1549 175 43 alia
1483 1549 197 43 sunt,
1614 1549 175 43 sunt
1702 1549 109 43 per

302 1611 210 43 aliud,
449 1611 126 43 et
512 1611 189 43 ipsum
637 1611 189 43 solum
763 1611 147 43 per
847 1611 251 43 seipsum.
1036 1611 126 43 At
1098 1611 251 43 quidquid
1287 1611 147 43 est
1371 1611 147 43 per
1455 1611 210 43 aliud,
1601 1611 189 43 minus
1706 1611 105 43 est

301 1673 177 43 quam
411 1673 199 43 illud
544 1673 155 43 per
633 1673 177 43 quod
743 1673 221 43 cuncta
898 1673 177 43 sunt
1009 1673 199 43 alia,
1141 1673 133 43 et
1208 1673 177 43 quod
1318 1673 199 43 solum
1451 1673 155 43 est
1539 1673 155 43 per
1628 1673 155 43 se.
1694 1673 155 43 Quare

302 1735 189 43 illud
428 1735 168 43 quod
533 1735 147 43 est
617 1735 147 43 per
700 1735 147 43 se,
784 1735 210 43 maxime
931 1735 210 43 omnium
1078 1735 168 43 est.
1183 1735 147 43 Est
1267 1735 210 43 igitur
1414 1735 168 43 unum
1518 1735 252 43 aliquid,
1686 1735 126 43 quod

299 1798 213 40 solum
441 1798 236 40 maxime
606 1798 142 40 et
677 1798 213 40 summe
819 1798 236 40 omnium
984 1798 189 40 est.
1102 1798 189 40 Quod
1221 1798 213 40 autem
1362 1798 236 40 maxime
1528 1798 236 40 omnium
1669 1798 142 40 est,

299 1860 141 43 et
370 1860 165 43 per
464 1860 188 43 quod
582 1860 165 43 est
676 1860 282 43 quidquid
888 1860 165 43 est
982 1860 212 43 bonum
1123 1860 165 43 vel
1217 1860 259 43 magnum,
1406 1860 141 43 et
1476 1860 235 43 omnino
1618 1860 235 43 quidquid

300 1922 260 43 aliquid
489 1922 165 43 est
584 1922 142 43 id
655 1922 260 43 necesse
844 1922 165 43 est
938 1922 189 43 esse
1056 1922 213 43 summe
1198 1922 213 43 bonum
1340 1922 142 43 et
1410 1922 213 43 summe
1552 1922 260 43 magnum,
1718 1922 94 43 et

302 1984 219 43 summum
455 1984 219 43 omnium
608 1984 175 43 quae
718 1984 197 43 sunt.
849 1984 197 43 Quare
980 1984 153 43 est
1068 1984 263 43 aliquid,
1265 1984 197 43 quod,
1396 1984 175 43 sive
1506 1984 263 43 essentia
1681 1984 131 43 sive

299 2046 334 44 substantia
562 2046 191 44 sive
681 2046 239 44 natura
849 2046 287 44 dicatur,
1064 2046 263 44 optimum
1255 2046 143 44 et
1326 2046 263 44 maximum
1518 2046 167 44 est
1613 2046 143 44 et
1661 2046 191 44 summum

302 2109 215 42 omnium
453 2109 172 42 quae
539 2109 151 42 sunt.

886 2206 315 43 Capitulum
1104 2206 121 43 IV.

915 2269 131 33 De
981 2269 196 33 eadem
1089 2269 109 33 re.

388 2356 251 43 Amplius.
576 2356 125 43 Si
639 2356 167 43 quis
743 2356 251 43 intendat
931 2356 188 43 rerum
1056 2356 251 43 naturas,
1244 2356 188 43 velit
1370 2356 188 43 nolit
1495 2356 209 43 sentit
1641 2356 146 43 non
1704 2356 104 43 eas

302 2419 197 44 omnes
433 2419 284 44 contineri
652 2419 153 44 una
739 2419 306 44 dignitatis
980 2419 284 44 paritate,
1199 2419 153 44 sed
1286 2419 241 44 quasdam
1461 2419 197 44 earum
1570 2419 241 44 distingui
