2090 3101
297 403 122 43 ut
358 403 285 43 intelligam
582 403 224 43 quomodo
744 403 305 43 grammaticus
989 403 142 43 non
1070 403 142 43 sit
1152 403 366 43 significativum
1457 403 163 43 eius
1559 403 163 43 quod
1640 403 163 43 aliquo

297 464 167 44 modo
402 464 314 44 significat,
652 464 146 44 aut
736 464 230 44 quomodo
903 464 146 44 sit
987 464 334 44 appellativum
1259 464 167 44 eius
1363 464 188 44 cuius
1468 464 334 44 significativum

298 532 137 29 non
356 532 117 29 est.

386 589 120 43 M.
446 589 120 43 Si
506 589 140 43 est
586 589 120 43 in
645 589 160 43 domo
745 589 200 43 aliqua
885 589 180 43 albus
1005 589 180 43 equus
1124 589 120 43 te
1184 589 259 43 nesciente
1384 589 259 43 inclusus,
1583 589 120 43 et
1623 589 180 43 aliquis

296 651 170 43 tibi
402 651 212 43 dicit:
551 651 127 43 in
614 651 149 43 hac
699 651 170 43 domo
806 651 149 43 est
891 651 191 43 album
1018 651 170 43 sive
1124 651 212 43 albus:
1273 651 127 43 an
1337 651 170 43 scis
1443 651 149 43 per
1528 651 149 43 hoc
1613 651 149 43 ibi
1677 651 127 43 esse

266 714 203 43 equum?

384 775 131 42 D.
450 775 175 42 Non.
559 775 175 42 Sive
668 775 175 42 enim
777 775 196 42 dicat
908 775 196 42 album
1039 775 306 42 albedinem,
1279 775 175 42 sive
1388 775 131 42 in
1454 775 153 42 quo
1541 775 153 42 est
1607 775 196 42 albedo:

297 837 213 45 nullius
451 837 193 45 certae
587 837 135 45 rei
664 837 174 45 mente
780 837 232 45 concipio
955 837 252 45 essentiam
1148 837 155 45 nisi
1245 837 174 45 huius
1342 837 193 45 coloris.

385 900 125 44 M.
448 900 230 44 Etiamsi
615 900 230 44 aliquid
782 900 188 44 aliud
907 900 292 44 intelligis
1137 900 167 44 quam
1241 900 230 44 colorem
1408 900 209 44 istum:
1554 900 188 44 illud
1659 900 146 44 tamen

297 963 209 44 certum
444 963 168 44 est,
548 963 168 44 quia
653 963 168 44 eius
758 963 126 44 in
821 963 147 44 quo
904 963 147 44 est
988 963 168 44 ipse
1093 963 188 44 color
1219 963 272 44 essentiam
1428 963 147 44 per
1512 963 147 44 hoc
1596 963 188 44 nomen
1700 963 105 44 non

285 1026 199 42 intelligis.

385 1088 125 43 D.
448 1088 230 43 Certum.
615 1088 146 43 Nam
698 1088 167 43 etsi
803 1088 251 43 occurrat
991 1088 188 43 animo
1116 1088 209 43 corpus
1262 1088 146 43 aut
1346 1088 334 43 superficies,
1617 1088 167 43 quod
1701 1088 104 43 non

297 1150 126 43 ob
360 1150 188 43 aliud
486 1150 147 43 fit
569 1150 168 43 nisi
674 1150 168 43 quia
779 1150 251 43 expertus
967 1150 147 43 sum
1051 1150 126 43 in
1114 1150 147 43 his
1198 1150 209 43 solere
1344 1150 168 43 esse
1449 1150 293 43 albedinem:
1658 1150 147 43 ipsum

296 1213 186 43 tamen
420 1213 186 43 nomen
544 1213 207 43 ,albi'
689 1213 186 43 nihil
813 1213 186 43 horam
937 1213 310 43 significat,
1185 1213 186 43 sicut
1309 1213 248 43 probatum
1495 1213 145 43 est
1578 1213 124 43 de
1619 1213 186 43 gramma-

296 1275 181 44 tico.
416 1275 140 44 Sed
497 1275 181 44 adhuc
617 1275 221 44 expecto
777 1275 120 44 ut
837 1275 241 44 ostendas
1018 1275 160 44 quia
1098 1275 261 44 significat.

384 1342 133 43 M.
450 1342 178 43 Quid
561 1342 133 43 si
628 1342 200 43 vides
761 1342 244 43 stantes
939 1342 200 43 iuxta
1072 1342 133 43 se
1138 1342 244 43 invicem
1316 1342 200 43 album
1449 1342 200 43 equum
1582 1342 133 43 et
1626 1342 178 43 nigrum

297 1404 204 44 bovem,
439 1404 122 44 et
501 1404 184 44 dicit
623 1404 163 44 tibi
725 1404 224 44 aliquis
888 1404 122 44 de
949 1404 184 44 equo:
1072 1404 224 44 percute
1235 1404 204 44 illum,
1378 1404 143 44 non
1459 1404 265 44 monstrans
1643 1404 163 44 aliquo

296 1466 193 45 signo
424 1466 129 45 de
489 1466 150 45 quo
575 1466 215 45 dicat:
725 1466 129 45 an
789 1466 172 45 scis
897 1466 172 45 quod
1004 1466 129 45 de
1068 1466 172 45 equo
1154 1466 172 45 dicat?

384 1531 134 33 D.
428 1531 134 33 Non.

385 1591 127 43 M.
448 1591 127 43 Si
512 1591 170 43 vero
618 1591 276 43 nescienti
830 1591 170 43 tibi
936 1591 127 43 et
1000 1591 360 43 interroganti:
1296 1591 191 43 quem?
1423 1591 297 43 respondet:
1635 1591 170 43 album:

298 1654 264 44 intelligis
505 1654 113 44 de
562 1654 132 44 quo
618 1654 151 44 dicit?

386 1717 125 43 D.
449 1717 188 43 Equum
574 1717 272 43 intelligo
783 1717 146 43 per
867 1717 188 43 nomen
972 1717 146 43 albi.

387 1778 120 44 M.
447 1778 179 44 Nomen
566 1778 199 44 igitur
706 1778 159 44 albi
806 1778 279 44 significat
1025 1778 159 44 tibi
1105 1778 159 44 equum.

388 1842 113 42 D.
445 1842 263 42 Significat
632 1842 169 42 utique.

384 1908 136 44 M.
452 1908 205 44 Nonne
589 1908 205 44 vides
725 1908 182 44 quia
839 1908 182 44 alio
953 1908 182 44 modo
1066 1908 182 44 quam
1180 1908 205 44 nomen
1294 1908 159 44 equi?

382 1970 140 45 D.
452 1970 234 45 Video.
615 1970 210 45 Nempe
756 1970 210 45 nomen
896 1970 187 45 equi
1013 1970 210 45 etiam
1153 1970 304 45 priusquam
1386 1970 210 45 sciam
1527 1970 210 45 ipsum
1643 1970 164 45 equum

298 2032 191 45 album
425 2032 191 45 esse,
553 2032 297 45 significat
786 2032 170 45 mihi
893 2032 170 45 equi
999 2032 319 45 substantiam
1254 2032 149 45 per
1339 2032 149 45 se,
1424 2032 127 45 et
1487 2032 149 45 non
1572 2032 149 45 per
1636 2032 170 45 aliud.

296 2094 192 45 Nomen
423 2094 170 45 vero
530 2094 170 45 albi
636 2094 170 45 equi
743 2094 319 45 substantiam
998 2094 298 45 significat
1232 2094 149 45 non
1317 2094 149 45 per
1403 2094 149 45 se,
1488 2094 149 45 sed
1573 2094 149 45 per
1637 2094 170 45 aliud,

296 2157 128 45 id
360 2157 149 45 est
445 2157 149 45 per
530 2157 149 45 hoc
615 2157 170 45 quia
721 2157 170 45 scio
828 2157 192 45 equum
956 2157 170 45 esse
1062 2157 213 45 album.
1211 2157 149 45 Cum
1296 2157 170 45 enim
1403 2157 192 45 nihil
1530 2157 192 45 aliud
1637 2157 170 45 signi-

295 2219 194 44 ficet
425 2219 151 44 hoc
511 2219 216 44 nomen,
663 2219 173 44 quod
770 2219 151 44 est
857 2219 259 44 ,albus',
1051 2219 173 44 quam
1159 2219 173 44 haec
1267 2219 238 44 oratio,
1440 2219 173 44 quae
1548 2219 151 44 est
1613 2219 194 44 ,habens

299 2280 298 46 albedinem':
537 2280 179 46 sicut
656 2280 159 46 haec
755 2280 198 46 oratio
894 2280 139 46 per
974 2280 119 46 se
1033 2280 278 46 constituit
1251 2280 159 46 mihi
1351 2280 298 46 intellectum
1569 2280 238 46 albedinis,

297 2343 131 46 et
363 2343 153 46 non
450 2343 175 46 eius
560 2343 153 46 rei
647 2343 175 46 quae
757 2343 197 46 habet
888 2343 307 46 albedinem;
1129 2343 153 46 ita
1217 2343 131 46 et
1282 2343 219 46 nomen.
1436 2343 153 46 Sed
1523 2343 241 46 quoniam
1677 2343 131 46 scio
