2090 3101
331 340 164 44 enim
434 340 164 44 quod
537 340 185 44 albus
660 340 164 44 sive
763 340 185 44 album
886 340 288 44 significet
1113 340 226 44 aliquid
1277 340 206 44 habens
1421 340 288 44 albedinem.
1647 340 144 44 Sed
1709 340 123 44 ali-

331 402 169 44 quid
436 402 211 44 habens
584 402 274 44 albedinem
795 402 148 44 non
880 402 148 44 est
964 402 190 44 aliud
1091 402 169 44 quam
1196 402 232 44 aliquid
1344 402 169 44 album.

287 465 119 42 3
335 465 143 42 D.
406 465 167 42 Non
502 465 238 42 potest
668 465 214 42 aliud
787 465 167 42 esse.

420 525 121 44 M.
480 525 181 44 Albus
601 525 201 44 igitur
741 525 161 44 sive
842 525 181 44 album
962 525 201 44 semper
1103 525 281 44 significat
1324 525 221 44 aliquid
1464 525 161 44 album.

424 589 104 34 D.
476 589 121 34 Ita
527 589 104 34 sit.

290 649 109 44 6
334 649 130 44 M.
399 649 152 44 Ubi
486 649 174 44 ergo
595 649 239 44 ponitur
769 649 196 44 albus
899 649 152 44 vel
986 649 217 44 album,
1138 649 196 44 recte
1269 649 217 44 semper
1421 649 283 44 accipitur
1638 649 152 44 pro
1704 649 130 44 albo

334 704 214 44 aliquid
470 704 155 44 album.

421 767 123 46 D.
461 767 287 46 Consequitur.

289 826 109 44 9
333 826 131 44 M.
398 826 174 44 Ergo
507 826 153 44 ubi
594 826 240 44 dicitur
769 826 240 44 aliquid
943 826 218 44 album,
1095 826 196 44 recte
1226 826 218 44 quoque
1379 826 240 44 dicitur
1553 826 174 44 bis:
1640 826 196 44 aliquid

333 889 206 45 aliquid
483 889 187 45 album;
614 889 112 45 et
671 889 131 45 ubi
746 889 150 45 bis,
839 889 131 45 ibi
914 889 112 45 et
971 889 150 45 ter,
1064 889 112 45 et
1121 889 131 45 hoc
1177 889 206 45 infinite.

420 952 131 43 D.
486 952 306 43 Consequens
726 952 131 43 et
792 952 262 43 absurdum
988 952 153 43 est
1054 952 131 43 hoc.

292 1012 140 45 12
362 1012 140 45 M.
432 1012 164 45 Sit
526 1012 234 45 quoque
690 1012 211 45 albus
830 1012 140 45 id
900 1012 211 45 ipsum
1041 1012 187 45 quod
1158 1012 164 45 est
1252 1012 164 45 qui
1345 1012 304 45 albedinem
1579 1012 234 45 habet.
1720 1012 117 45 Sed

334 1076 221 43 ,habet*
495 1076 141 43 non
575 1076 141 43 est
656 1076 181 43 aliud
776 1076 161 43 quam
877 1076 221 43 ,habens
1017 1076 141 43 est*.

421 1140 124 42 D.
483 1140 145 42 Nec
566 1140 207 42 potest
691 1140 145 42 esse.

293 1199 135 44 is
360 1199 135 44 M.
427 1199 202 44 Albus
562 1199 180 44 ergo
675 1199 157 44 non
765 1199 157 44 est
854 1199 202 44 aliud
989 1199 180 44 quam
1102 1199 157 44 qui
1192 1199 292 44 albedinem
1416 1199 225 44 habens
1551 1199 135 44 est.

422 1263 124 34 D.
484 1263 144 34 Non
546 1263 165 34 aliud.

422 1322 127 43 M.
485 1322 148 43 Cum
570 1322 190 43 autem
697 1322 233 43 dicitur
866 1322 296 43 .albedinem
1099 1322 254 43 habens*,
1289 1322 148 43 non
1374 1322 190 43 aliud
1501 1322 296 43 significat
1712 1322 127 43 haec

295 1378 122 43 is
356 1378 203 43 oratio
498 1378 163 43 quam
579 1378 163 43 album.

426 1441 110 33 D.
481 1441 129 33 Ita
536 1441 110 33 est.

425 1501 122 44 M.
486 1501 163 44 Idem
587 1501 203 44 igitur
730 1501 142 44 est
811 1501 183 44 albus
933 1501 163 44 quod
1035 1501 142 44 qui
1116 1501 183 44 albus
1218 1501 122 44 est.

292 1565 139 42 2i
361 1565 139 42 D.
431 1565 162 42 Sic
500 1565 254 42 sequitur.

423 1625 135 44 M.
490 1625 293 44 Ubicumque
715 1625 225 44 itaque
873 1625 248 44 ponitur
1053 1625 225 44 albus,
1210 1625 203 44 recte
1345 1625 158 44 pro
1435 1625 135 44 eo
1503 1625 315 44 accipitur:
1728 1625 113 44 qui

339 1680 167 34 albus
431 1680 111 34 est.

292 1742 151 42 24
367 1742 151 42 D.
443 1742 176 42 Non
543 1742 251 42 possum
694 1742 226 42 negare.

427 1801 123 48 M.
488 1801 123 48 Si
550 1801 164 48 ergo
652 1801 185 48 albus
775 1801 144 48 est
857 1801 144 48 qui
939 1801 185 48 albus
1062 1801 164 48 est,
1165 1801 144 48 est
1247 1801 185 48 etiam
1370 1801 144 48 qui
1452 1801 144 48 qui
1534 1801 185 48 albus
1657 1801 144 48 est
1718 1801 123 48 est.

339 1863 117 46 Et
398 1863 117 46 si
457 1863 137 46 hoc
535 1863 156 46 est,
632 1863 137 46 est
710 1863 176 46 etiam
827 1863 137 46 qui
905 1863 137 46 qui
983 1863 137 46 qui
1061 1863 176 46 albus
1179 1863 137 46 est
1257 1863 137 46 est
1335 1863 156 46 est,
1432 1863 117 46 et
1491 1863 137 46 sic
1569 1863 117 46 in
1608 1863 234 46 infinitum.

293 1926 148 45 27
367 1926 148 45 D.
441 1926 172 45 Nec
539 1926 172 45 hoc
638 1926 221 45 minus
785 1926 344 45 consequens
1056 1926 172 45 nec
1154 1926 221 45 minus
1302 1926 295 45 absurdum
1523 1926 197 45 est,
1646 1926 197 45 quam
1745 1926 98 45 ut

341 1990 164 44 saepe
450 1990 127 44 sit
523 1990 200 44 aliquid
650 1990 182 44 aliquid.

428 2050 121 45 M.
488 2050 121 45 Si
549 2050 162 45 quis
650 2050 182 45 autem
772 2050 182 45 dicit
893 2050 162 45 quia
994 2050 182 45 albus
1116 2050 142 45 aut
1197 2050 223 45 aliquid
1358 2050 283 45 significat
1581 2050 202 45 habens
1702 2050 142 45 albe

300 2112 110 45 30
355 2112 165 45 dinem
465 2112 129 45 aut
539 2112 184 45 nihil:
667 2112 110 45 si
722 2112 129 45 sic
796 2112 313 45 intelligitur,
1053 2112 110 45 ac
1109 2112 110 45 si
1164 2112 257 45 diceretur:
1366 2112 165 45 albus
1476 2112 129 45 aut
1550 2112 257 45 significat
1734 2112 110 45 ali-

341 2175 158 46 quid
440 2175 198 46 habens
579 2175 138 46 aut
658 2175 277 46 significat
875 2175 138 46 non
954 2175 218 46 aliquid
1112 2175 218 46 habens,
1271 2175 119 46 ut
1330 2175 297 46 non-aliquid
1567 2175 138 46 sit
1626 2175 218 46 infinitum

339 2237 206 45 nomen,
484 2237 144 45 non
566 2237 144 45 est
649 2237 227 45 integra
814 2237 144 45 nec
896 2237 165 45 vera
999 2237 248 45 divisio,
1185 2237 124 45 et
1247 2237 165 45 ideo
1350 2237 186 45 nihil
1474 2237 227 45 probat.
1639 2237 206 45 Veluti
1763 2237 83 45 si

300 2299 121 46 33
360 2299 161 46 quis
461 2299 241 46 diceret:
641 2299 201 46 Caecus
782 2299 141 46 aut
862 2299 181 46 videt
983 2299 221 46 aliquid
1144 2299 141 46 aut
1224 2299 181 46 videt
1345 2299 141 46 non
1425 2299 241 46 aliquid.
1606 2299 121 46 Si
1666 2299 161 46 vero
1747 2299 100 46 sic

340 2362 332 46 intelligitur,
614 2362 156 46 quia
712 2362 137 46 aut
790 2362 274 46 significat
1005 2362 215 46 aliquid
1162 2362 196 46 habens
1299 2362 137 46 aut
1377 2362 137 46 non
1455 2362 293 46 significat:
1670 2362 176 46 integra

343 2425 136 44 est
420 2425 214 44 divisio
576 2425 117 44 et
634 2425 175 44 vera,
751 2425 136 44 nec
829 2425 234 44 repugnat
1004 2425 136 44 iis
1082 2425 156 44 quae
1179 2425 175 44 dicta
1277 2425 136 44 sunt.
