2090 3101
279 313 316 53 sensibiliter
536 313 217 53 utendo;
694 313 138 53 aut
773 313 178 53 eadem
891 313 197 53 signa,
1029 313 158 53 quae
1128 313 178 53 foris
1246 313 276 53 sensibilia
1463 313 178 53 sunt,
1582 313 178 53 intra
1680 313 99 53 nos

281 375 351 54 insensibiliter
573 375 273 54 cogitando;
787 375 136 54 aut
865 375 136 54 nec
943 375 312 54 sensibiliter
1196 375 136 54 nec
1274 375 351 54 insensibiliter
1567 375 136 54 his
1625 375 156 54 signis

269 437 219 54 utendo,
428 437 139 54 sed
508 437 139 54 res
587 437 179 54 ipsas
706 437 139 54 vel
786 437 239 54 corporum
965 437 318 54 imaginatione
1223 437 139 54 vel
1303 437 239 54 rationis
1482 437 278 54 intellectu
1681 437 99 54 pro

280 499 190 54 rerum
407 499 233 54 ipsarum
576 499 317 54 diversitate
830 499 190 54 intus
956 499 127 54 in
1020 499 211 54 nostra
1168 499 190 54 mente
1295 499 254 54 dicendo.
1485 499 211 54 Aliter
1612 499 169 54 namque

280 560 169 53 dico
386 560 254 53 hominem,
576 560 148 53 cum
660 560 148 53 eum
745 560 148 53 hoc
829 560 232 53 nomine,
998 560 169 53 quod
1104 560 148 53 est
1188 560 254 53 ,horno*,
1379 560 296 53 significo;
1590 560 190 53 aliter,

266 622 163 55 cum
359 622 187 55 idem
476 622 210 55 nomen
616 622 233 55 tacens
779 622 257 55 cogito;
966 622 257 55 aliter,
1152 622 163 55 cum
1245 622 163 55 eum
1339 622 210 55 ipsum
1479 622 257 55 hominem
1642 622 140 55 mens

280 685 144 55 aut
363 685 144 55 per
445 685 247 55 corporis
630 685 247 55 imaginem
815 685 144 55 aut
897 685 144 55 per
979 685 247 55 rationem
1164 685 267 55 intuetur.
1370 685 144 55 Per
1452 685 247 55 corporis
1617 685 164 55 quidem

282 746 260 56 imaginem,
482 746 120 56 ut
542 746 140 56 cum
622 746 160 56 eius
722 746 280 56 sensibilem
942 746 220 56 figuram
1102 746 300 56 imaginatur;
1342 746 140 56 per
1422 746 240 56 rationem
1602 746 180 56 vero,
1702 746 80 56 ut

270 808 136 54 cum
347 808 155 54 eius
444 808 291 54 universalem
677 808 271 54 essentiam,
890 808 155 54 quae
987 808 136 54 est
1065 808 213 54 .animal
1220 808 252 54 rationale
1414 808 252 54 mortale*,
1588 808 194 54 cogitat.

372 870 137 56 Hae
451 870 157 56 vero
549 870 157 56 tres
647 870 235 56 loquendi
823 870 274 56 varietates
1038 870 235 56 singulae
1214 870 196 56 verbis
1351 870 137 56 sui
1430 870 215 56 generis
1567 870 215 56 constant.

283 932 146 55 Sed
366 932 208 55 illius
512 932 167 55 quam
616 932 229 55 tertiam
783 932 125 55 et
845 932 229 55 ultimam
1012 932 187 55 posui
1137 932 291 55 locutionis
1366 932 208 55 verba,
1511 932 146 55 cum
1595 932 125 55 de
1636 932 146 55 rebus

275 994 149 55 non
360 994 276 55 ignoratis
572 994 191 55 sunt,
700 994 276 55 naturalia
912 994 170 55 sunt
1018 994 127 55 et
1082 994 170 55 apud
1188 994 191 55 omnes
1316 994 212 55 gentes
1464 994 170 55 sunt
1571 994 212 55 eadem.
1698 994 85 55 Et

284 1056 223 55 quoniam
446 1056 162 55 alia
547 1056 182 55 omnia
669 1056 182 55 verba
790 1056 223 55 propter
952 1056 162 55 haec
1054 1056 162 55 sunt
1155 1056 243 55 inventa:
1337 1056 142 55 ubi
1418 1056 162 55 ista
1520 1056 182 55 sunt,
1621 1056 162 55 nullum

284 1116 190 54 aliud
411 1116 211 54 verbum
558 1116 148 54 est
643 1116 317 54 necessarium
896 1116 127 54 ad
960 1116 148 54 rem
1044 1116 359 54 cognoscendam;
1340 1116 127 54 et
1403 1116 148 54 ubi
1487 1116 169 54 ista
1593 1116 169 54 esse
1677 1116 106 54 non

275 1178 124 57 is
337 1178 248 57 possunt,
523 1178 207 57 nullum
668 1178 186 57 aliud
792 1178 145 57 est
875 1178 186 57 utile
999 1178 124 57 ad
1061 1178 145 57 rem
1144 1178 331 57 ostendendam.
1413 1178 227 57 Possunt
1578 1178 186 57 etiam
1682 1178 103 57 non

283 1241 226 55 absurde
448 1241 165 55 dici
551 1241 185 55 tanto
674 1241 247 55 veriora,
859 1241 206 55 quanto
1003 1241 185 55 magis
1127 1241 185 55 rebus
1250 1241 206 55 quarum
1394 1241 165 55 sunt
1497 1241 185 55 verba
1600 1241 185 55 similia

285 1303 162 56 sunt
386 1303 122 56 et
447 1303 142 56 eas
528 1303 284 56 expressius
751 1303 243 56 signant.
934 1303 243 56 Exceptis
1117 1303 203 56 namque
1259 1303 183 56 rebus
1380 1303 203 56 illis,
1522 1303 203 56 quibus
1644 1303 142 56 ipsis

276 1365 119 56 is
336 1365 199 56 utimur
475 1365 139 56 pro
554 1365 258 56 nominibus
753 1365 159 56 suis
852 1365 119 56 ad
911 1365 199 56 easdem
1050 1365 357 56 significandas,
1348 1365 119 56 ut
1408 1365 159 56 sunt
1507 1365 218 56 quaedam
1646 1365 139 56 voces

284 1427 180 55 velut
404 1427 140 55 ,a*
484 1427 240 55 vocalis,
664 1427 240 55 exceptis
844 1427 200 55 inquam
984 1427 140 55 his
1065 1427 200 55 nullum
1205 1427 180 55 aliud
1325 1427 200 55 verbum
1465 1427 140 55 sic
1545 1427 220 55 videtur
1685 1427 100 55 rei

286 1489 208 54 simile
432 1489 187 54 cuius
557 1489 146 54 est
640 1489 229 54 verbum,
807 1489 146 54 aut
890 1489 146 54 sic
973 1489 146 54 eam
1056 1489 271 54 exprimit,
1265 1489 229 54 quomodo
1431 1489 167 54 illa
1514 1489 271 54 similitudo,

275 1551 170 55 quae
381 1551 128 55 in
445 1551 170 55 acie
551 1551 213 55 mentis
700 1551 149 55 rem
785 1551 191 55 ipsam
913 1551 298 55 cogitantis
1147 1551 319 55 exprimitur.
1402 1551 191 55 Illud
1530 1551 213 55 igitur
1657 1551 128 55 iure

287 1613 261 54 dicendum
483 1613 152 54 est
570 1613 217 54 maxime
722 1613 261 54 proprium
918 1613 130 54 et
983 1613 304 54 principale
1222 1613 152 54 rei
1309 1613 239 54 verbum.
1483 1613 304 54 Quapropter
1700 1613 87 54 si

287 1675 193 54 nulla
415 1675 129 54 de
479 1675 257 54 qualibet
672 1675 129 54 re
736 1675 236 54 locutio
908 1675 214 54 tantum
1058 1675 300 54 propinquat
1293 1675 171 54 rei,
1400 1675 236 54 quantum
1572 1675 171 54 illa
1657 1675 129 54 quae

276 1736 262 54 huiusmodi
477 1736 201 54 verbis
618 1736 242 54 constat,
800 1736 141 54 nec
880 1736 222 54 aliquid
1042 1736 181 54 aliud
1162 1736 141 54 tam
1243 1736 201 54 simile
1384 1736 141 54 rei
1465 1736 141 54 vel
1545 1736 222 54 futurae
1686 1736 101 54 vel

288 1798 140 54 iam
368 1798 280 54 existentis
588 1798 120 54 in
648 1798 220 54 ratione
808 1798 240 54 alicuius
988 1798 200 54 potest
1127 1798 180 54 esse:
1247 1798 140 54 non
1327 1798 240 54 immerito
1507 1798 200 54 videri
1627 1798 160 54 potest

286 1860 179 54 apud
398 1860 224 54 summam
555 1860 359 54 substantiam,
846 1860 202 54 talem
980 1860 202 54 rerum
1115 1860 314 54 locutionem
1361 1860 134 54 et
1428 1860 224 54 fuisse
1563 1860 224 54 antequam

276 1923 205 54 essent
419 1923 123 54 ut
481 1923 144 54 per
563 1923 144 54 eam
645 1923 246 54 fierent,
829 1923 123 54 et
891 1923 164 54 esse
993 1923 144 54 cum
1075 1923 185 54 facta
1198 1923 164 54 sunt
1301 1923 123 54 ut
1362 1923 144 54 per
1444 1923 144 54 eam
1506 1923 226 54 sciantur.
