2090 3101
245 312 169 42 quia
350 312 169 42 omne
456 312 148 42 non
540 312 232 42 sapiens
709 312 211 42 melius
857 312 211 42 esset,
1004 312 127 42 si
1068 312 190 42 esset
1194 312 253 42 sapiens.
1384 312 274 42 Similiter
1574 312 169 42 omnino

244 373 227 43 melius
403 373 159 43 est
494 373 204 43 verum
630 373 182 43 quam
744 373 159 43 non
835 373 227 43 ipsum,
994 373 136 43 id
1062 373 159 43 est
1153 373 182 43 quam
1266 373 159 43 non
1357 373 227 43 verum;
1516 373 136 43 et
1561 373 182 43 iustum

241 435 174 42 quam
350 435 152 42 non
437 435 239 42 iustum;
611 435 131 42 et
677 435 196 42 vivit
807 435 174 42 quam
916 435 152 42 non
1003 435 218 42 vivit.
1155 435 218 42 Melius
1308 435 196 42 autem
1438 435 152 42 est
1525 435 131 42 in
1569 435 174 42 aliquo

243 497 152 42 non
330 497 196 42 ipsum
461 497 174 42 quam
570 497 218 42 ipsum,
722 497 131 42 ut
787 497 152 42 non
874 497 196 42 aurum
1005 497 174 42 quam
1113 497 218 42 aurum.
1266 497 152 42 Nam
1353 497 218 42 melius
1505 497 152 42 est
1570 497 174 42 homini

245 559 171 42 esse
352 559 150 42 non
437 559 193 42 aurum
566 559 171 42 quam
673 559 214 42 aurum,
823 559 235 42 quamvis
994 559 257 42 forsitan
1186 559 214 42 alicui
1336 559 214 42 melius
1486 559 193 42 esset
1593 559 150 42 aurum

241 620 177 43 esse
351 620 177 43 quam
462 620 155 43 non
550 620 221 43 aurum,
705 620 133 43 ut
771 620 243 43 plumbo.
948 620 155 43 Cum
1037 620 177 43 enim
1147 620 287 43 utrumque,
1368 620 265 43 scilicet
1567 620 177 43 homo
1656 620 88 43 et

242 682 273 43 plumbum,
447 682 159 43 sit
538 682 159 43 non
629 682 227 43 aurum:
788 682 205 43 tanto
924 682 227 43 melius
1084 682 250 43 aliquid
1265 682 159 43 est
1356 682 182 43 homo
1470 682 182 43 quam
1561 682 182 43 aurum,

245 744 205 43 quanto
389 744 287 43 inferioris
615 744 185 43 esset
738 744 246 43 naturae,
923 744 123 43 si
984 744 185 43 esset
1108 744 205 43 aurum;
1251 744 123 43 et
1313 744 226 43 plumbum
1477 744 185 43 tanto
1580 744 164 43 vilius

243 807 156 42 est,
341 807 195 42 quanto
478 807 273 42 pretiosius
692 807 195 42 esset,
829 807 117 42 si
887 807 176 42 aurum
985 807 156 42 esset.

332 868 187 42 Patet
457 868 187 42 autem
581 868 124 42 ex
643 868 124 42 eo
706 868 166 42 quod
809 868 187 42 summa
934 868 207 42 natura
1079 868 145 42 sic
1162 868 270 42 intelligi
1370 868 207 42 potest
1515 868 145 42 non
1577 868 166 42 summa,

242 930 141 41 ut
312 930 164 41 nec
406 930 235 41 summum
570 930 235 41 omnino
734 930 235 41 melius
898 930 164 41 sit
992 930 188 41 quam
1110 930 164 41 non
1203 930 258 41 summum,
1391 930 164 41 nec
1485 930 164 41 non
1555 930 188 41 summum

232 991 226 42 alicui
390 991 226 42 melius
548 991 180 42 quam
661 991 248 42 summum:
842 991 203 42 multa
977 991 271 42 relativa
1180 991 203 42 esse,
1315 991 180 42 quae
1428 991 293 42 nequaquam
1631 991 113 42 hac

244 1052 328 42 contineantur
511 1052 287 42 divisione.
737 1052 185 42 Utrum
860 1052 164 42 vero
963 1052 205 42 aliqua
1107 1052 349 42 contineantur,
1394 1052 267 42 inquirere
1579 1052 164 42 super-

245 1113 195 44 sedeo,
381 1113 136 44 cum
459 1113 117 44 ad
517 1113 273 44 propositum
731 1113 273 44 sufficiat,
946 1113 156 44 quod
1043 1113 117 44 de
1101 1113 175 44 illis
1218 1113 175 44 notum
1335 1113 156 44 est:
1432 1113 195 44 nullum
1549 1113 195 44 scilicet

234 1175 191 44 eorum
361 1175 276 44 designare
574 1175 276 44 simplicem
786 1175 213 44 summae
935 1175 234 44 naturae
1105 1175 340 44 substantiam.
1382 1175 149 44 Cum
1467 1175 213 44 igitur
1594 1175 149 44 quid-

244 1237 158 45 quid
343 1237 178 45 aliud
461 1237 158 45 est,
560 1237 118 45 si
619 1237 217 45 singula
777 1237 335 45 dispiciantur,
1053 1237 138 45 aut
1132 1237 138 45 sit
1211 1237 197 45 melius
1349 1237 158 45 quam
1448 1237 138 45 non
1527 1237 197 45 ipsum,
1645 1237 99 45 aut

243 1299 148 45 non
327 1299 190 45 ipsum
454 1299 127 45 in
518 1299 211 45 aliquo
666 1299 148 45 sit
750 1299 211 45 melius
898 1299 169 45 quam
1004 1299 211 45 ipsum:
1152 1299 190 45 sicut
1279 1299 190 45 nefas
1406 1299 148 45 est
1490 1299 211 45 putare
1617 1299 127 45 quod

235 1360 122 45 is
296 1360 286 45 substantia
520 1360 245 45 supremae
704 1360 224 45 naturae
867 1360 143 45 sit
949 1360 245 45 aliquid,
1132 1360 143 45 quo
1214 1360 204 45 melius
1356 1360 143 45 sit
1438 1360 286 45 aliquomodo
1642 1360 102 45 non

242 1423 206 45 ipsum,
386 1423 144 45 sic
469 1423 226 45 necesse
633 1423 144 45 est
715 1423 123 45 ut
777 1423 144 45 sit
859 1423 247 45 quidquid
1044 1423 206 45 omnino
1188 1423 206 45 melius
1332 1423 144 45 est
1414 1423 164 45 quam
1517 1423 144 45 non
1579 1423 164 45 ipsum.

244 1484 158 44 Illa
343 1484 158 44 enim
442 1484 158 44 sola
540 1484 138 44 est
619 1484 138 44 qua
698 1484 217 44 penitus
856 1484 178 44 nihil
974 1484 138 44 est
1053 1484 217 44 melius,
1211 1484 118 44 et
1270 1484 158 44 quae
1369 1484 197 44 melior
1507 1484 138 44 est
1566 1484 178 44 omnibus

233 1546 173 46 quae
341 1546 151 46 non
428 1546 173 46 sunt
535 1546 173 46 quod
643 1546 173 46 ipsa
751 1546 173 46 est.
859 1546 151 46 Non
945 1546 151 46 est
1031 1546 216 46 igitur
1182 1546 216 46 corpus
1333 1546 151 46 vel
1420 1546 237 46 aliquid
1570 1546 173 46 eorum,

243 1607 167 47 quae
347 1607 250 47 corporei
535 1607 208 47 sensus
680 1607 312 47 discernunt.
930 1607 208 47 Quippe
1076 1607 146 47 his
1159 1607 229 47 omnibus
1326 1607 208 47 melius
1471 1607 146 47 est
1534 1607 208 47 aliquid,

243 1669 169 47 quod
349 1669 148 47 non
433 1669 148 47 est
518 1669 169 47 quod
623 1669 169 47 ipsa
729 1669 190 47 sunt.
856 1669 169 47 Mens
961 1669 169 47 enim
1067 1669 317 47 rationalis,
1320 1669 169 47 quae
1426 1669 190 47 nullo
1532 1669 211 47 corporeo

236 1732 174 45 sensu
352 1732 155 45 quid
448 1732 135 45 vel
526 1732 193 45 qualis
661 1732 135 45 vel
738 1732 193 45 quanta
873 1732 135 45 sit
951 1732 290 45 percipitur:
1183 1732 193 45 quanto
1318 1732 174 45 minor
1434 1732 193 45 esset,
1569 1732 116 45 si
1608 1732 135 45 esset

244 1794 235 45 aliquid
415 1794 193 45 eorum
543 1794 171 45 quae
650 1794 278 45 corporeis
864 1794 257 45 sensibus
1057 1794 300 45 subiacent,
1292 1794 193 45 tanto
1421 1794 193 45 maior
1549 1794 150 45 est
1614 1794 128 45 quam

242 1855 291 46 quodlibet
466 1855 224 46 eorum.
623 1855 247 46 Penitus
802 1855 179 46 enim
914 1855 179 46 ipsa
1026 1855 202 46 summa
1160 1855 269 46 essentia
1362 1855 247 46 tacenda
1541 1855 157 46 est
1609 1855 134 46 esse

234 1916 227 46 aliquid
400 1916 186 46 eorum
524 1916 207 46 quibus
668 1916 145 46 est
751 1916 248 46 aliquid,
937 1916 165 46 quod
1040 1916 145 46 non
1123 1916 165 46 est,
1226 1916 165 46 quod
1330 1916 165 46 ipsa
1433 1916 165 46 sunt
1516 1916 227 46 superius;

243 1978 129 43 et
307 1978 150 43 est
393 1978 236 43 omnino,
564 1978 193 43 sicut
693 1978 193 43 ratio
822 1978 214 43 docet,
972 1978 236 43 dicenda
1143 1978 279 43 quodlibet
1358 1978 214 43 eorum,
1508 1978 214 43 quibus
1637 1978 107 43 est

244 2040 169 46 omne
349 2040 169 46 quod
455 2040 148 46 non
539 2040 148 46 est
624 2040 169 46 quod
729 2040 169 46 ipsa
835 2040 190 46 sunt,
961 2040 274 46 inferius.
1172 2040 190 46 Quare
1299 2040 232 46 necesse
1468 2040 148 46 est
1552 2040 148 46 eam
1615 2040 127 46 esse

233 2101 280 46 viventem,
449 2101 302 46 sapientem,
686 2101 259 46 potentem
880 2101 129 46 et
945 2101 366 46 omnipotentem,
1246 2101 216 46 veram,
1397 2101 237 46 iustam,
1548 2101 194 46 beatam,

244 2162 267 46 aeternam,
450 2162 123 46 et
511 2162 246 46 quidquid
696 2162 267 46 similiter
901 2162 246 46 absolute
1086 2162 205 46 melius
1230 2162 144 46 est
1312 2162 164 46 quam
1415 2162 144 46 non
1497 2162 205 46 ipsum.
1620 2162 123 46 Quid

245 2224 162 47 ergo
346 2224 263 47 quaeratur
548 2224 223 47 amplius
710 2224 162 47 quid
812 2224 182 47 summa
933 2224 162 47 illa
1034 2224 142 47 sit
1115 2224 223 47 natura,
1277 2224 121 47 si
1338 2224 283 47 manifestum
1561 2224 142 47 est
1622 2224 121 47 quid

234 2289 213 43 omnium
383 2289 149 43 sit
468 2289 149 43 aut
554 2289 171 43 quid
660 2289 149 43 non
724 2289 128 43 sit?
