2090 3101
323 408 163 43 eius
425 408 245 43 essentia
608 408 184 43 habet
731 408 326 43 praeteritum,
996 408 245 43 praesens
1179 408 122 43 et
1240 408 245 43 futurum.
1424 408 122 43 At
1485 408 163 43 quod
1567 408 265 43 praeteritum

322 470 165 44 est,
426 470 145 44 non
508 470 145 44 est
591 470 248 44 praesens
777 470 145 44 vel
860 470 248 44 futurum;
1046 470 124 44 et
1108 470 165 44 quod
1212 470 248 44 praesens
1398 470 165 44 est,
1501 470 145 44 non
1584 470 145 44 est
1646 470 186 44 futurum

322 533 144 43 nec
405 533 330 43 praeteritum;
673 533 124 43 et
735 533 165 43 quod
838 533 227 43 futurum
1003 533 165 43 est,
1106 533 144 43 non
1189 533 144 43 est
1271 533 309 43 praeteritum
1519 533 144 43 vel
1601 533 268 43 praesens,
1787 533 62 43 r

323 595 234 43 Quomodo
493 595 213 43 igitur
642 595 234 43 stabit,
812 595 170 43 quod
918 595 191 43 supra
1046 595 319 43 rationabili
1301 595 128 43 et
1365 595 277 43 perspicua
1556 595 277 43 necessitate

322 657 252 43 claruit,
511 657 252 43 scilicet
700 657 168 43 quia
805 657 168 43 illa
910 657 189 43 summa
1036 657 210 43 natura
1182 657 189 43 nullo
1308 657 168 43 modo
1413 657 273 43 composita
1623 657 147 43 sed
1686 657 147 43 summe

322 718 230 43 simplex
489 718 146 43 est
573 718 126 43 et
636 718 188 43 summe
761 718 397 43 incommutabilis:
1096 718 126 43 si
1159 718 188 43 aliud
1284 718 126 43 et
1347 718 188 43 aliud
1473 718 146 43 est
1556 718 126 43 in
1619 718 251 43 diversis
1786 718 63 43 s

322 780 298 44 temporibus
556 780 128 44 et
620 780 149 44 per
705 780 234 44 tempora
875 780 319 44 distributas
1131 780 192 44 habet
1258 780 234 44 partes?
1429 780 149 44 Aut
1514 780 213 44 potius
1663 780 128 44 si
1705 780 128 44 illa

320 843 173 44 vera
428 843 194 44 sunt,
558 843 173 44 immo
666 843 173 44 quia
774 843 238 44 liquida
947 843 173 44 vera
1055 843 194 44 sunt:
1185 843 238 44 quomodo
1358 843 173 44 haec
1466 843 303 44 possibilia
1682 843 151 44 sunt?

323 905 181 43 Nullo
443 905 201 43 igitur
584 905 161 43 modo
684 905 241 43 creatrix
865 905 241 43 essentia
1046 905 141 43 aut
1126 905 181 43 aetas
1247 905 141 43 aut
1327 905 281 43 aeternitas
1548 905 161 43 eius
1648 905 221 43 recipit
1789 905 60 43 s

321 966 320 43 praeteritum
576 966 149 43 vel
661 966 256 43 futurum.
853 966 256 43 Praesens
1045 966 170 43 enim
1151 966 234 43 quomodo
1322 966 149 43 non
1407 966 213 43 habet,
1556 966 128 43 si
1620 966 170 43 vere
1705 966 128 43 est?

324 1028 134 43 Sed
400 1028 191 43 ,fuit‘
534 1028 268 43 significat
744 1028 306 43 praeteritum,
993 1028 115 43 et
1050 1028 191 43 ,erit‘
1184 1028 229 43 futurum.
1356 1028 210 43 Numquam
1509 1028 191 43 igitur
1643 1028 153 43 illa
1719 1028 115 43 fuit

323 1091 135 43 vel
400 1091 174 43 erit.
516 1091 174 43 Quare
632 1091 135 43 non
709 1091 135 43 est
786 1091 251 43 distincte
980 1091 174 43 sicut
1096 1091 135 43 nec
1173 1091 174 43 simul
1289 1091 155 43 tota
1385 1091 116 43 in
1443 1091 232 43 diversis
1617 1091 232 43 singulis
1772 1091 77 43 'r

303 1153 266 42 temporibus.

410 1215 124 42 Si
472 1215 206 42 igitur
617 1215 186 42 sicut
740 1215 268 42 discussum
946 1215 165 42 est,
1050 1215 144 42 nec
1132 1215 144 42 sic
1214 1215 144 42 est
1297 1215 165 42 tota
1400 1215 124 42 in
1462 1215 227 42 omnibus
1627 1215 186 42 locis
1730 1215 103 42 vel

321 1277 308 44 temporibus,
568 1277 123 44 ut
629 1277 185 44 semel
753 1277 144 44 sit
835 1277 164 44 tota
937 1277 123 44 in
999 1277 226 44 omnibus
1163 1277 123 44 et
1225 1277 144 44 per
1307 1277 205 44 partes
1451 1277 123 44 in
1512 1277 267 44 singulis,
1718 1277 144 44 nec
1779 1277 62 44 w

322 1339 141 43 sic
402 1339 121 43 ut
463 1339 161 43 tota
564 1339 141 43 sit
644 1339 121 43 in
705 1339 262 43 singulis:
906 1339 282 43 manifestum
1128 1339 141 43 est
1208 1339 222 43 quoniam
1370 1339 141 43 non
1450 1339 141 43 est
1531 1339 161 43 ullo
1632 1339 161 43 modo
1712 1339 121 43 tota

320 1402 130 43 in
385 1402 173 43 omni
493 1402 173 43 loco
601 1402 151 43 vel
688 1402 259 43 tempore.
882 1402 130 43 Et
947 1402 238 43 quoniam
1120 1402 281 43 similiter
1336 1402 259 43 pervisum
1530 1402 173 43 est,
1639 1402 173 43 quia
1725 1402 108 43 non

325 1464 143 44 sic
406 1464 143 44 est
488 1464 123 44 in
550 1464 164 44 omni
652 1464 164 44 loco
755 1464 143 44 vel
837 1464 246 44 tempore,
1021 1464 123 44 ut
1083 1464 164 44 pars
1185 1464 143 44 sit
1267 1464 123 44 in
1329 1464 164 44 omni
1431 1464 123 44 et
1493 1464 164 44 pars
1595 1464 143 44 sit
1677 1464 184 44 extra
1780 1464 61 44 w

324 1525 188 46 omnem
450 1525 188 46 locum
575 1525 147 46 aut
659 1525 230 46 tempus:
827 1525 314 46 impossibile
1078 1525 147 46 est
1162 1525 126 46 ut
1225 1525 147 46 sit
1308 1525 209 46 ubique
1455 1525 126 46 et
1518 1525 230 46 semper.
1664 1525 168 46 Nulla-

325 1589 181 44 tenus
445 1589 161 44 enim
546 1589 201 44 potest
687 1589 261 44 intelligi
888 1589 161 44 esse
988 1589 201 44 ubique
1129 1589 121 44 et
1189 1589 221 44 semper,
1350 1589 161 44 nisi
1450 1589 141 44 aut
1531 1589 161 44 tota
1631 1589 141 44 aut
1691 1589 141 44 pars.

323 1649 164 46 Quod
426 1649 123 46 si
488 1649 267 46 nequaquam
693 1649 144 46 est
775 1649 205 46 ubique
918 1649 123 46 et
980 1649 226 46 semper:
1144 1649 144 46 aut
1226 1649 164 46 erit
1328 1649 308 46 determinate
1574 1649 123 46 in
1636 1649 205 46 aliquo
1759 1649 82 46 ri

321 1712 178 45 loco
432 1712 156 45 vel
521 1712 267 45 tempore,
721 1712 156 45 aut
810 1712 133 45 in
876 1712 222 45 nullo.
1032 1712 333 45 Determinate
1299 1712 200 45 autem
1432 1712 156 45 eam
1521 1712 133 45 in
1588 1712 222 45 aliquo
1721 1712 111 45 non

322 1775 191 44 posse
449 1775 170 44 esse
556 1775 149 44 iam
641 1775 277 44 discussum
854 1775 170 44 est.
960 1775 128 44 In
1024 1775 191 44 nullo
1151 1775 213 44 igitur
1300 1775 170 44 loco
1407 1775 149 44 vel
1492 1775 255 44 tempore,
1683 1775 128 44 id
1726 1775 106 44 est

322 1838 232 43 nusquam
491 1838 127 43 et
554 1838 232 43 numquam
723 1838 169 43 est.
828 1838 148 43 Non
913 1838 169 43 enim
1018 1838 211 43 potest
1166 1838 169 43 esse
1271 1838 169 43 nisi
1377 1838 148 43 aut
1461 1838 127 43 in
1525 1838 169 43 omni
1630 1838 148 43 aut
1714 1838 127 43 in
1757 1838 84 43 24

322 1898 234 46 aliquo.
492 1898 149 46 Sed
577 1898 213 46 rursus
726 1898 149 46 cum
811 1898 234 46 constet
982 1898 426 46 inexpugnabiliter
1343 1898 149 46 non
1429 1898 192 46 solum
1556 1898 170 46 quia
1663 1898 149 46 est
1727 1898 106 46 per

323 1962 121 44 se
383 1962 121 44 et
444 1962 161 44 sine
544 1962 262 44 principio
746 1962 121 44 et
806 1962 161 44 sine
907 1962 181 44 fine,
1028 1962 141 44 sed
1108 1962 161 44 quia
1209 1962 221 44 aliquid
1370 1962 161 44 sine
1471 1962 121 44 ea
1531 1962 141 44 nec
1612 1962 201 44 usquam
1732 1962 101 44 nec

316 2025 272 42 umquam
506 2025 218 42 est:
643 2025 300 42 necesse
860 2025 191 42 est
969 2025 245 42 illam
1133 2025 218 42 esse
1269 2025 272 42 ubique
1460 2025 163 42 et
1541 2025 300 42 semper.
1732 2025 109 42 22
