2090 3101
242 406 324 49 quemadmodum
502 406 151 49 est
588 406 173 49 idem
696 406 173 49 quod
805 406 151 49 est
891 406 151 49 sua
978 406 303 49 sapientia:
1215 406 238 49 necesse
1388 406 151 49 est
1475 406 130 49 ut
1518 406 238 49 similiter

243 469 147 46 non
327 469 147 46 sit
411 469 189 46 aliud
537 469 168 46 quam
642 469 168 46 quod
747 469 147 46 est
831 469 147 46 sua
915 469 252 46 locutio.
1104 469 147 46 Sed
1188 469 231 46 quoniam
1356 469 147 46 iam
1440 469 294 46 manifestum
1650 469 105 46 est

243 531 225 46 summum
400 531 270 46 spiritum
603 531 180 46 unum
715 531 225 46 tantum
873 531 180 46 esse
985 531 135 46 et
1053 531 270 46 omnimode
1255 531 338 46 individuum:
1525 531 248 46 necesse
1683 531 113 46 est

245 593 118 41 ut
304 593 137 41 sic
383 593 157 41 illi
481 593 157 41 haec
579 593 137 41 sua
657 593 216 41 locutio
814 593 137 41 sit
893 593 412 41 consubstantialis,
1246 593 118 41 ut
1305 593 137 41 non
1383 593 157 41 sint
1481 593 157 41 duo,
1579 593 137 41 sed
1638 593 118 41 unus

233 661 182 42 spiritus.

763 754 867 44 Capitulum
1364 754 400 44 XXX.

290 815 166 45 Quod
394 815 187 45 eadem
518 815 228 45 locutio
684 815 145 45 non
767 815 228 45 constet
933 815 249 45 pluribus
1120 815 228 45 verbis,
1286 815 145 45 sed
1369 815 145 45 sit
1451 815 166 45 unum
1534 815 187 45 verbum.

338 887 158 62 Cur
429 887 226 62 igitur
587 887 248 62 dubitem
767 887 181 62 quod
880 887 203 62 supra
1015 887 226 62 dubium
1173 887 316 62 dimiseram,
1422 887 271 62 scilicet
1602 887 158 62 utrum

244 965 174 46 haec
353 965 239 46 locutio
527 965 130 46 in
592 965 261 46 pluribus
787 965 217 46 verbis
939 965 130 46 an
1004 965 130 46 in
1069 965 152 46 uno
1156 965 195 46 verbo
1286 965 304 46 consistat?
1525 965 152 46 Nam
1612 965 130 46 si
1655 965 109 46 sic

246 1027 145 44 est
329 1027 207 44 summae
474 1027 228 44 naturae
640 1027 435 44 consubstantialis,
1013 1027 124 44 ut
1075 1027 145 44 non
1158 1027 166 44 sint
1262 1027 166 44 duo,
1365 1027 145 44 sed
1448 1027 166 44 unus
1531 1027 228 44 spiritus:

247 1090 194 47 utique
382 1090 175 47 sicut
499 1090 155 47 illa
596 1090 175 47 summe
712 1090 213 47 simplex
867 1090 155 47 est,
964 1090 136 47 ita
1042 1090 116 47 et
1100 1090 175 47 ista.
1217 1090 136 47 Non
1294 1090 194 47 igitur
1430 1090 213 47 constat
1566 1090 194 47 pluribus

238 1153 305 44 verbis,
460 1153 194 44 sed
571 1153 194 44 est
682 1153 222 44 unum
821 1153 277 44 verbum
1015 1153 194 44 per
1126 1153 222 44 quod
1265 1153 250 44 facta
1431 1153 222 44 sunt
1542 1153 222 44 omnia.

800 1264 330 45 Capitulum
1028 1264 178 45 XXXI.

288 1327 164 45 Quod
390 1327 184 45 ipsum
513 1327 205 45 verbum
656 1327 143 45 non
738 1327 143 45 sit
820 1327 287 45 similitudo
1046 1327 266 45 factorum,
1251 1327 143 45 sed
1333 1327 225 45 veritas
1476 1327 246 45 essentiae,

281 1386 191 44 facta
408 1386 170 44 vero
514 1386 170 44 sint
620 1386 212 44 aliqua
769 1386 276 44 veritatis
981 1386 276 44 imitatio;
1193 1386 127 44 et
1257 1386 170 44 quae
1363 1386 233 44 naturae
1533 1386 191 44 magis
1639 1386 127 44 sint

711 1444 157 43 quam
810 1444 177 43 aliae
928 1444 118 43 et
967 1444 334 43 praestantiores.

347 1517 148 53 Sed
431 1517 169 53 ecce
537 1517 232 53 videtur
705 1517 169 53 mihi
811 1517 253 53 suboriri
1001 1517 148 53 nec
1085 1517 232 53 facilis
1254 1517 148 53 nec
1338 1517 274 53 ullatenus
1549 1517 148 53 sub
1612 1517 148 53 ambi-

245 1593 229 46 guitate
412 1593 312 46 relinquenda
661 1593 270 46 quaestio.
869 1593 208 46 Etenim
1015 1593 187 46 omnia
1140 1593 270 46 huiusmodi
1348 1593 187 46 verba
1473 1593 208 46 quibus
1618 1593 146 46 res
1681 1593 83 46 is

247 1657 266 44 quaslibet
451 1657 184 44 mente
574 1657 246 44 dicimus,
759 1657 123 44 id
820 1657 143 44 est
902 1657 287 44 cogitamus:
1127 1657 348 44 similitudines
1414 1657 123 44 et
1475 1657 246 44 imagines
1639 1657 123 44 sunt

245 1719 192 44 rerum
373 1719 214 44 quarum
522 1719 192 44 verba
651 1719 192 44 sunt;
779 1719 128 44 et
843 1719 192 44 omnis
971 1719 299 44 similitudo
1206 1719 150 44 vel
1292 1719 192 44 imago
1420 1719 192 44 tanto
1548 1719 192 44 magis
1655 1719 107 44 vel

245 1781 185 44 minus
369 1781 144 44 est
451 1781 185 44 vera,
574 1781 205 44 quanto
717 1781 185 44 magis
841 1781 144 44 vel
923 1781 185 44 minus
1046 1781 246 44 imitatur
1230 1781 144 44 rem
1313 1781 185 44 cuius
1436 1781 144 44 est
1497 1781 267 44 similitudo.

246 1843 171 44 Quid
352 1843 214 44 igitur
502 1843 256 44 tenendum
694 1843 150 44 est
780 1843 128 44 de
844 1843 214 44 verbo,
994 1843 150 44 quo
1079 1843 256 44 dicuntur
1271 1843 128 44 et
1336 1843 150 44 per
1421 1843 171 44 quod
1528 1843 192 44 facta
1635 1843 128 44 sunt

245 1905 208 43 omnia?
391 1905 166 43 Erit
495 1905 145 43 aut
578 1905 145 43 non
661 1905 166 43 erit
765 1905 291 43 similitudo
993 1905 208 43 eorum,
1139 1905 166 43 quae
1243 1905 145 43 per
1326 1905 187 43 ipsum
1450 1905 187 43 facta
1575 1905 187 43 sunt?
1679 1905 83 43 Si

245 1968 164 44 enim
348 1968 185 44 ipsum
471 1968 144 44 est
553 1968 164 44 vera
656 1968 287 44 mutabilium
882 1968 308 44 similitudo,
1128 1968 144 44 non
1210 1968 144 44 est
1292 1968 390 44 consubstantiale
1600 1968 164 44 summae

244 2030 457 43 incommutabilitati;
639 2030 166 43 quod
743 2030 208 43 falsum
889 2030 166 43 est.
993 2030 125 43 Si
1055 2030 187 43 autem
1180 2030 146 43 non
1263 2030 208 43 omnino
1409 2030 166 43 vera
1513 2030 146 43 sed
1575 2030 187 43 qualis-

245 2093 208 44 cumque
391 2093 291 44 similitudo
619 2093 291 44 mutabilium
848 2093 166 44 est,
952 2093 145 44 non
1035 2093 145 44 est
1118 2093 208 44 verbum
1263 2093 208 44 summae
1409 2093 270 44 veritatis
1596 2093 166 44 omnino

244 2155 214 44 verum;
393 2155 171 44 quod
501 2155 257 44 absurdum
693 2155 171 44 est.
800 2155 128 44 At
865 2155 128 44 si
929 2155 214 44 nullam
1079 2155 300 44 mutabilium
1314 2155 193 44 habet
1421 2155 343 44 similitudinem:

245 2217 239 44 quomodo
419 2217 130 44 ad
484 2217 260 44 exemplum
679 2217 217 44 illius
831 2217 195 44 facta
939 2217 152 44 sunt?
