2090 3101
419 739 363 73 Epistola
691 739 181 73 ad
781 739 423 73 Lanfrancum
1083 739 514 73 archiepiscopum.

348 881 293 65 Reverendo
573 881 135 65 et
640 881 225 65 amando
798 881 158 65 suo
888 881 225 65 domino
1045 881 135 65 et
1113 881 203 65 patri
1248 881 135 65 et
1315 881 270 65 doctori,
1495 881 270 65 Cantuariae

226 957 94 52 3
264 957 338 52 archiepiscopo,
545 957 225 52 Angiorum
714 957 225 52 primati,
883 957 169 52 matri
996 957 244 52 ecclesiae
1183 957 263 52 catholicae
1390 957 169 52 fidei
1484 957 281 52 utilitatisque

263 1018 235 52 merito
427 1018 235 52 multum
591 1018 352 52 amplectendo
873 1018 328 52 LANFRANCO:
1131 1018 235 52 frater
1295 1018 282 52 ANSELMUS
1482 1018 282 52 Beccensis,

265 1086 163 46 vita
366 1086 265 46 peccator,
570 1086 204 46 habitu
692 1086 224 46 monachus.

222 1142 115 53 s
268 1142 254 53 Quoniam
453 1142 231 53 agenda
614 1142 184 53 sunt
729 1142 208 53 omnia
868 1142 300 53 consilio,
1098 1142 161 53 sed
1190 1142 161 53 non
1283 1142 184 53 omni
1398 1142 300 53 consilio,
1606 1142 161 53 sicut

266 1203 244 53 scriptum
448 1203 162 53 est:
550 1203 203 53 »omnia
692 1203 142 53 fac
773 1203 142 53 cum
854 1203 284 53 consilior,
1078 1203 142 53 et:
1159 1203 325 53 »consiliarus
1423 1203 142 53 sit
1504 1203 162 53 tibi
1606 1203 162 53 unus
1687 1203 81 53 de

266 1265 243 53 mille«:
443 1265 221 53 unum,.
597 1265 177 53 quem
708 1265 243 53 scitis,
884 1265 155 53 non
973 1265 133 53 de
1039 1265 221 53 mille,
1194 1265 155 53 sed
1282 1265 133 53 de
1348 1265 243 53 omnibus
1503 1265 265 53 mortalibus

225 1328 110 53 5
269 1328 221 53 elegi,
423 1328 176 53 quem
534 1328 176 53 prae
644 1328 243 53 omnibus
821 1328 243 53 haberem
997 1328 331 53 consultorem
1262 1328 132 53 in
1328 1328 243 53 dubiis,
1504 1328 265 53 doctorem
1681 1328 88 53 in

267 1389 296 52 ignoratis,
500 1389 127 52 in
563 1389 296 52 excessibus
796 1389 339 52 correctorem,
1071 1389 127 52 in
1134 1389 190 52 recte
1261 1389 190 52 actis
1388 1389 360 52 approbatorem.
1663 1389 106 52 Quo

267 1452 250 51 quamvis
449 1452 273 51 secundum
654 1452 205 51 votum
791 1452 159 51 uti
882 1452 159 51 non
973 1452 250 51 possim,
1155 1452 250 51 decrevi
1337 1452 205 51 tamen
1474 1452 182 51 uti,
1565 1452 205 51 quantum

230 1513 128 54 12
294 1513 235 54 possum.
465 1513 235 54 Quamvis
636 1513 171 54 enim
743 1513 193 54 valde
872 1513 193 54 multi
1000 1513 171 54 sint
1107 1513 235 54 praeter
1279 1513 300 54 prudentiam
1514 1513 257 54 vestram,
1685 1513 86 54 de

269 1575 215 53 quorum
419 1575 215 53 multum
569 1575 279 53 proficere
784 1575 279 53 imperitus
999 1575 215 53 possim
1149 1575 258 53 peritia,
1342 1575 129 53 et
1407 1575 215 53 quorum
1536 1575 236 53 subiacere

269 1638 269 51 censurae
471 1638 157 51 mea
560 1638 135 51 me
628 1638 202 51 cogat
763 1638 314 51 imperitia:
1010 1638 225 51 nullum
1167 1638 202 51 tamen
1301 1638 202 51 eorum
1436 1638 202 51 novi,
1571 1638 202 51 cuius
1683 1638 90 51 me

232 1699 120 51 is
292 1699 260 51 doctrinae
492 1699 260 51 iudiciove
692 1699 140 51 tam
772 1699 300 51 confidenter
1012 1699 200 51 tamque
1153 1699 240 51 libenter
1333 1699 160 51 quam
1433 1699 200 51 vestro
1553 1699 220 51 subiciam,

272 1762 127 51 et
335 1762 148 51 qui
420 1762 169 51 mihi
526 1762 148 51 tam
610 1762 233 51 paterno
779 1762 233 51 affectu
948 1762 127 51 se
1012 1762 127 51 si
1075 1762 148 51 res
1160 1762 233 51 indiget
1329 1762 275 51 exhibeat,
1540 1762 148 51 aut
1625 1762 127 51 si
1667 1762 106 51 res

270 1823 228 51 exigit
430 1823 342 51 congaudeat.
704 1823 228 51 Quare,
863 1823 251 51 quoniam
1046 1823 274 51 quidquid
1251 1823 137 51 de
1320 1823 251 51 paterno
1502 1823 228 51 vestro
1639 1823 137 51 mihi
