2090 3101
307 415 149 44 non
392 415 170 44 esse
498 415 255 44 gradatim
689 415 319 44 perducitur?
944 415 170 44 Quas
1051 415 191 44 autem
1178 415 298 44 singulatim
1412 415 255 44 absumpta
1582 415 234 44 quamlibet

305 478 289 44 essentiam
527 478 133 44 ad
594 478 200 44 minus
727 478 133 44 et
794 478 200 44 minus
927 478 178 44 esse
1038 478 289 44 deducunt,
1260 478 200 44 eadem
1394 478 289 44 ordinatim
1594 478 222 44 assumpta

307 539 182 44 illam
428 539 121 44 ad
489 539 182 44 magis
610 539 121 44 et
671 539 182 44 magis
792 539 162 44 esse
893 539 283 44 perducunt.
1116 539 182 44 Patet
1237 539 202 44 igitur
1379 539 162 44 quia
1480 539 182 44 magis
1601 539 142 44 est
1662 539 162 44 vivens

307 602 274 43 substantia
523 602 157 43 quam
621 602 137 43 non
699 602 216 43 vivens,
856 602 118 43 et
915 602 274 43 sensibilis
1130 602 157 43 quam
1228 602 137 43 non
1307 602 294 43 sensibilis,
1542 602 118 43 et
1581 602 235 43 rationalis

306 664 170 45 quam
412 664 149 45 non
497 664 319 45 rationalis.
752 664 149 45 Non
838 664 149 45 est
923 664 213 45 itaque
1072 664 213 45 dubium
1220 664 170 45 quod
1327 664 191 45 omnis
1454 664 255 45 essentia
1646 664 128 45 eo
1688 664 128 45 ipso

308 727 182 43 magis
429 727 142 43 est
510 727 121 43 et
571 727 323 43 praestantior
833 727 162 43 est,
934 727 142 43 quo
1015 727 243 43 similior
1197 727 142 43 est
1278 727 162 43 illi
1379 727 283 43 essentiae,
1602 727 162 43 quae
1682 727 142 43 summe

306 789 151 44 est
393 789 129 44 et
457 789 194 44 summe
587 789 281 44 praestat.
803 789 194 44 Satis
932 789 216 44 itaque
1083 789 302 44 manifestum
1321 789 151 44 est
1407 789 129 44 in
1472 789 216 44 verbo,
1623 789 151 44 per
1688 789 129 44 quod

306 851 186 44 facta
430 851 166 44 sunt
534 851 207 44 omnia,
679 851 145 44 non
762 851 166 44 esse
865 851 228 44 ipsorum
1031 851 373 44 similitudinem,
1341 851 145 44 sed
1424 851 186 44 veram
1527 851 290 44 simplicemque

307 913 291 43 essentiam;
536 913 125 43 in
598 913 208 43 factis
744 913 166 43 vero
847 913 145 43 non
931 913 166 43 esse
1034 913 270 43 simplicem
1242 913 332 43 absolutamque
1512 913 291 43 essentiam,
1720 913 104 43 sed

307 975 184 43 verae
429 975 204 43 illius
572 975 265 43 essentiae
776 975 143 43 vix
858 975 225 43 aliquam
1021 975 327 43 imitationem.
1286 975 163 43 Unde
1388 975 225 43 necesse
1552 975 143 43 est
1633 975 143 43 non
1695 975 122 43 idem

304 1036 226 44 verbum
462 1036 271 44 secundum
666 1036 203 44 rerum
801 1036 293 44 creatarum
1027 1036 384 44 similitudinem
1343 1036 203 44 magis
1478 1036 158 44 vel
1569 1036 203 44 minus
1682 1036 135 44 esse

306 1099 205 44 verum,
450 1099 144 44 sed
532 1099 185 44 omnem
655 1099 226 44 creatam
819 1099 226 44 naturam
983 1099 123 44 eo
1045 1099 226 44 altiori
1209 1099 185 44 gradu
1332 1099 267 44 essentiae
1516 1099 308 44 dignitatisque

308 1161 294 43 consistere,
544 1161 137 43 quo
622 1161 177 43 magis
740 1161 157 43 illi
838 1161 294 43 propinquare
1054 1161 196 43 videtur.

849 1294 323 43 Capitulum
1073 1294 199 43 XXXII.

517 1356 202 44 Quod
643 1356 252 44 summus
819 1356 302 44 spiritus
1046 1356 277 44 seipsum
1247 1356 227 44 dicat
1399 1356 328 44 coaeterno
1625 1356 202 44 verbo.

409 1438 143 59 Sed
490 1438 143 59 cum
572 1438 143 59 ita
654 1438 163 59 sit:
756 1438 225 59 quomodo
919 1438 184 59 illud
1041 1438 163 59 quod
1143 1438 225 59 simplex
1307 1438 143 59 est
1388 1438 245 59 veritas,
1572 1438 204 59 potest
1695 1438 122 59 esse

304 1516 226 44 verbum
463 1516 203 44 eorum
598 1516 226 44 quorum
756 1516 158 44 non
847 1516 158 44 est
937 1516 339 44 similitudo,
1208 1516 158 44 cum
1298 1516 181 44 omne
1411 1516 226 44 verbum
1570 1516 158 44 quo
1637 1516 181 44 aliqua

306 1578 148 40 res
390 1578 148 40 sic
475 1578 190 40 mente
602 1578 254 40 dicitur,
792 1578 296 40 similitudo
1024 1578 148 40 sit
1109 1578 148 40 rei
1193 1578 254 40 eiusdem?
1383 1578 127 40 Et
1447 1578 127 40 si
1510 1578 148 40 non
1595 1578 148 40 est
1658 1578 169 40 verbum

306 1641 200 43 eorum
439 1641 178 43 quae
550 1641 200 43 facta
684 1641 178 43 sunt
795 1641 156 43 per
884 1641 222 43 ipsum:
1040 1641 245 43 quomodo
1218 1641 289 43 constabit
1440 1641 178 43 quia
1551 1641 156 43 sit
1618 1641 200 43 verbum?

304 1703 216 43 Nempe
448 1703 192 43 omne
568 1703 240 43 verbum
737 1703 288 43 alicuius
953 1703 168 43 rei
1049 1703 240 43 verbum
1217 1703 192 43 est.
1337 1703 288 43 Denique,
1554 1703 144 43 si
1602 1703 216 43 numquam

307 1765 257 43 creatura
499 1765 214 43 esset,
649 1765 214 43 nullum
799 1765 171 43 eius
906 1765 193 43 esset
1035 1765 236 43 verbum.
1206 1765 171 43 Quid
1313 1765 236 43 igitur?
1484 1765 128 43 An
1527 1765 300 43 concludendum

307 1827 151 43 est
394 1827 194 43 quia,
523 1827 129 43 si
588 1827 194 43 nullo
717 1827 173 43 modo
825 1827 194 43 esset
955 1827 281 43 creatura,
1171 1827 281 43 nequaquam
1386 1827 194 43 esset
1516 1827 216 43 verbum
1645 1827 173 43 illud,

307 1889 175 44 quod
417 1889 153 44 est
504 1889 197 44 summa
636 1889 132 44 et
702 1889 241 44 nullius
877 1889 263 44 indigens
1075 1889 285 44 essentia?
1294 1889 153 44 Aut
1381 1889 263 44 fortasse
1579 1889 175 44 ipsa
1667 1889 153 44 summa

308 1951 253 44 essentia
498 1951 169 44 quae
603 1951 211 44 verbum
751 1951 169 44 est,
856 1951 253 44 essentia
1046 1951 211 44 quidem
1194 1951 190 44 esset
1321 1951 253 44 aeterna,
1511 1951 148 44 sed
1595 1951 211 44 verbum
1722 1951 105 44 non

308 2013 207 44 esset,
453 2013 124 44 si
515 2013 186 44 nihil
640 2013 207 44 umquam
785 2013 145 44 per
867 2013 186 44 illam
992 2013 228 44 fieret?
1157 2013 166 44 Eius
1261 2013 166 44 enim
1364 2013 166 44 quod
1468 2013 145 44 nec
1551 2013 166 44 fuit
1654 2013 145 44 nec
1716 2013 104 44 est

308 2077 146 42 nec
392 2077 229 42 futurum
558 2077 167 42 est,
663 2077 209 42 nullum
809 2077 209 42 verbum
955 2077 167 42 esse
1038 2077 188 42 potest.

395 2138 211 43 Verum
535 2138 281 43 secundum
746 2138 187 43 hanc
863 2138 305 43 rationem,
1098 2138 141 43 si
1168 2138 258 43 numquam
1355 2138 187 43 ulla
1473 2138 258 43 praeter
1637 2138 187 43 summum

310 2199 245 45 spiritum
493 2199 184 45 esset
616 2199 265 45 essentia,
820 2199 204 45 nullum
962 2199 204 45 omnino
1105 2199 184 45 esset
1227 2199 122 45 in
1289 2199 163 45 illo
1391 2199 224 45 verbum.
1554 2199 122 45 Si
1615 2199 204 45 nullum
1737 2199 82 45 in

310 2262 168 44 illo
415 2262 210 44 verbum
562 2262 210 44 esset,
708 2262 189 44 nihil
834 2262 168 44 apud
939 2262 126 44 se
1002 2262 251 44 diceret.
1190 2262 126 44 Si
1253 2262 189 44 nihil
1379 2262 168 44 apud
1484 2262 126 44 se
1547 2262 251 44 diceret:
1714 2262 105 44 cum
