2090 3101
272 280 148 46 idem
364 280 129 46 sit
438 280 148 46 illi
530 280 129 46 sic
603 280 184 46 dicere
733 280 203 46 aliquid
880 280 148 46 quod
972 280 129 46 est
1046 280 295 46 intelligere,
1286 280 129 46 non
1359 280 203 46 aliquid
1488 280 277 46 intelligeret.

270 342 121 45 Si
330 342 182 45 nihil
452 342 343 45 intelligeret:
735 342 162 45 ergo
836 342 182 45 summa
957 342 283 45 sapientia,
1179 342 162 45 quae
1280 342 141 45 non
1361 342 141 45 est
1442 342 182 45 aliud
1563 342 162 45 quam
1644 342 121 45 idem

258 402 268 46 spiritus,
465 402 186 46 nihil
589 402 351 46 intelligeret;
878 402 165 46 quod
981 402 351 46 absurdissimum
1270 402 165 46 est.
1373 402 165 46 Quid
1476 402 186 46 ergo?
1600 402 124 46 Si
1641 402 124 46 enim

268 464 195 46 nihil
399 464 369 46 intelligeret:
702 464 239 46 quomodo
876 464 195 46 esset
1006 464 195 46 summa
1137 464 304 46 sapientia?
1375 464 152 46 Aut
1462 464 130 46 si
1527 464 195 46 nullo
1636 464 130 46 modo

267 526 226 47 aliquid
432 526 185 47 esset
555 526 226 47 praeter
719 526 205 47 illam:
862 526 164 47 quid
965 526 164 47 illa
1068 526 349 47 intelligeret?
1355 526 144 47 Sed
1437 526 226 47 numquid
1580 526 185 47 seipsam

260 588 134 42 non
317 588 288 42 intelligeret?

353 650 130 46 At
418 650 239 46 quomodo
592 650 152 46 vel
679 650 260 46 cogitari
874 650 217 46 potest
1026 650 174 46 quod
1135 650 195 46 summa
1265 650 282 46 sapientia
1482 650 130 46 se
1525 650 239 46 aliquando

268 712 142 46 non
349 712 303 46 intelligat,
591 712 142 46 cum
672 712 283 46 rationalis
895 712 162 46 mens
996 712 202 46 possit
1138 712 142 46 non
1219 712 182 46 solum
1340 712 202 46 suimet
1482 712 142 46 sed
1563 712 121 46 et
1603 712 162 46 ipsius

251 773 216 46 summae
403 773 303 46 sapientiae
640 773 303 46 reminisci,
878 773 130 46 et
943 773 194 46 illam
1073 773 130 46 et
1137 773 130 46 se
1202 773 346 46 intelligere?
1483 773 130 46 Si
1548 773 173 46 enim
1634 773 130 46 mens

266 835 211 46 humana
414 835 211 46 nullam
561 835 169 46 eius
667 835 148 46 aut
751 835 169 46 suam
856 835 211 46 habere
1004 835 253 46 memoriam
1194 835 148 46 aut
1278 835 380 46 intelligentiam
1573 835 190 46 posset,

266 897 263 45 nequaquam
468 897 121 45 se
529 897 121 45 ab
589 897 364 45 irrationalibus
893 897 263 45 creaturis
1095 897 121 45 et
1156 897 182 45 illam
1277 897 121 45 ab
1338 897 162 45 omni
1439 897 263 45 creatura,
1621 897 142 45 secum

251 959 175 46 sola
361 959 219 46 tacite
514 959 328 46 disputando,
777 959 197 46 sicut
908 959 175 46 nunc
1018 959 175 46 mens
1127 959 153 46 mea
1215 959 219 46 facit,
1368 959 350 46 discerneret.
1631 959 131 46 Ergo

266 1021 194 45 summus
402 1021 155 45 ille
499 1021 233 45 spiritus
673 1021 175 45 sicut
790 1021 136 45 est
868 1021 252 45 aeternus,
1062 1021 136 45 ita
1140 1021 214 45 aeterne
1295 1021 136 45 sui
1373 1021 175 45 memor
1489 1021 136 45 est
1567 1021 117 45 et
1606 1021 155 45 intel-

266 1083 170 45 ligit
380 1083 114 45 se
436 1083 114 45 ad
493 1083 322 45 similitudinem
758 1083 189 45 mentis
891 1083 284 45 rationalis;
1118 1083 151 45 immo
1212 1083 132 45 non
1288 1083 114 45 ad
1345 1083 189 45 ullius
1458 1083 303 45 similitudinem,

254 1145 134 46 sed
330 1145 153 46 ille
426 1145 325 46 principaliter
693 1145 115 46 et
750 1145 153 46 mens
846 1145 267 46 rationalis
1056 1145 115 46 ad
1113 1145 153 46 eius
1208 1145 344 46 similitudinem.
1495 1145 115 46 At
1552 1145 115 46 si
1590 1145 172 46 aeterne

265 1207 115 45 se
322 1207 288 45 intelligit,
553 1207 211 45 aeterne
706 1207 115 45 se
764 1207 192 45 dicit.
898 1207 115 45 Si
956 1207 211 45 aeterne
1109 1207 115 45 se
1167 1207 192 45 dicit,
1301 1207 211 45 aeterne
1455 1207 134 45 est
1532 1207 192 45 verbum
1647 1207 115 45 eius

266 1268 148 47 apud
358 1268 185 47 ipsum.
487 1268 148 47 Sive
580 1268 185 47 igitur
709 1268 148 47 ille
801 1268 240 47 cogitetur
986 1268 166 47 nulla
1097 1268 148 47 alia
1189 1268 240 47 existente
1374 1268 240 47 essentia,
1559 1268 148 47 sive
1633 1268 129 47 aliis

254 1331 329 37 existentibus:
525 1331 213 37 necesse
680 1331 136 37 est
757 1331 194 37 verbum
893 1331 194 37 illius
1028 1331 271 37 coaeternum
1242 1331 155 37 illi
1338 1331 155 37 esse
1435 1331 136 37 cum
1493 1331 136 37 illo.

793 1455 312 44 Capitulum
1009 1455 216 44 XXXIII.

618 1515 162 46 Quod
719 1515 141 46 uno
800 1515 182 46 verbo
921 1515 182 46 dicat
1042 1515 121 46 se
1103 1515 121 46 et
1163 1515 162 46 quod
1244 1515 162 46 fecit.

251 1587 153 63 Sed
339 1587 175 63 ecce
448 1587 284 63 quaerenti
667 1587 175 63 mihi
776 1587 131 63 de
842 1587 197 63 verbo
973 1587 153 63 quo
1060 1587 241 63 creator
1235 1587 197 63 dicit
1366 1587 197 63 omnia
1498 1587 175 63 quae
1585 1587 175 63 fecit,

262 1665 226 47 obtulit
426 1665 123 47 se
487 1665 205 47 verbum
631 1665 144 47 quo
713 1665 226 47 seipsum
877 1665 205 47 dicit,
1020 1665 144 47 qui
1102 1665 185 47 omnia
1225 1665 205 47 fecit.
1369 1665 123 47 An
1430 1665 164 47 ergo
1533 1665 164 47 alio
1615 1665 144 47 verbo

260 1727 190 46 dicit
386 1727 127 46 se
450 1727 211 46 ipsum,
598 1727 127 46 et
661 1727 169 46 alio
766 1727 127 46 ea
830 1727 169 46 quae
935 1727 211 46 facit;
1083 1727 148 46 aut
1167 1727 211 46 potius
1315 1727 190 46 eodem
1442 1727 169 46 ipso
1547 1727 190 46 verbo
1653 1727 106 46 quo

251 1789 196 46 dicit
382 1789 131 46 se
448 1789 218 46 ipsum,
600 1789 196 46 dicit
731 1789 306 46 quaecumque
971 1789 218 46 facit?
1124 1789 153 46 Nam
1211 1789 153 46 hoc
1299 1789 218 46 quoque
1451 1789 218 46 verbum
1604 1789 153 46 quo
1670 1789 87 46 se

259 1851 193 46 ipsum
387 1851 214 46 dicit,
537 1851 236 46 necesse
708 1851 150 46 est
794 1851 236 46 idipsum
965 1851 171 46 esse
1073 1851 171 46 quod
1180 1851 171 46 ipse
1287 1851 171 46 est,
1394 1851 193 46 sicut
1522 1851 236 46 constat
1672 1851 86 46 de
