2090 3101
304 386 189 42 verbo
430 386 189 42 illo,
556 386 147 42 quo
639 386 189 42 dicit
765 386 126 42 ea
828 386 168 42 quae
933 386 105 42 a
975 386 126 42 se
1038 386 189 42 facta
1163 386 189 42 sunt.
1289 386 147 42 Cum
1373 386 189 42 enim,
1499 386 189 42 etiam
1624 386 126 42 si
1666 386 147 42 nihil

304 448 212 44 umquam
452 448 191 44 aliud
580 448 191 44 esset
707 448 170 44 nisi
814 448 212 44 summus
962 448 170 44 ille
1069 448 276 44 spiritus,
1281 448 191 44 ratio
1408 448 191 44 tamen
1536 448 191 44 cogat
1642 448 170 44 verbum

304 510 184 44 illud
426 510 143 44 quo
508 510 123 44 se
570 510 184 44 dicit
693 510 123 44 ex
754 510 307 44 necessitate
1000 510 184 44 esse:
1123 510 164 44 quid
1226 510 225 44 verius,
1390 510 164 44 quam
1492 510 143 44 hoc
1574 510 205 44 verbum
1697 510 123 44 eius

302 572 158 45 non
393 572 180 45 esse
505 572 225 45 aliud,
663 572 180 45 quam
776 572 180 45 quod
889 572 180 45 ipse
1001 572 180 45 est?
1114 572 180 45 Ergo
1227 572 135 45 si
1294 572 135 45 et
1362 572 135 45 se
1430 572 203 45 ipsum
1565 572 135 45 et
1633 572 135 45 ea
1678 572 135 45 quae

303 634 186 45 facit
427 634 393 45 consubstantiali
758 634 165 45 sibi
862 634 186 45 verbo
986 634 207 45 dicit:
1131 634 290 45 manifestum
1358 634 145 45 est
1441 634 165 45 quia
1544 634 186 45 verbi
1668 634 145 45 quo
1730 634 83 45 se

304 696 205 45 dicit,
447 696 123 45 et
508 696 184 45 verbi
631 696 143 45 quo
713 696 266 45 creaturam
918 696 205 45 dicit,
1062 696 143 45 una
1144 696 287 45 substantia
1369 696 164 45 est.
1472 696 225 45 Quomodo
1636 696 184 45 ergo,
1738 696 82 45 si

303 758 146 41 una
386 758 291 41 substantia
615 758 166 41 est,
719 758 146 41 duo
802 758 187 41 verba
906 758 146 41 sunt?

394 820 140 43 Sed
474 820 240 43 forsitan
654 820 140 43 non
734 820 180 43 cogit
853 820 260 43 identitas
1053 820 300 43 substantiae
1293 820 180 43 verbi
1413 820 240 43 unitatem
1572 820 240 43 admittere.

302 882 150 44 Nam
387 882 171 44 idem
494 882 171 44 ipse
601 882 150 44 qui
687 882 150 44 his
772 882 214 44 verbis
922 882 278 44 loquitur,
1136 882 214 44 eandem
1285 882 192 44 illis
1414 882 192 44 habet
1521 882 299 44 substantiam,

303 944 124 44 et
365 944 186 44 tamen
489 944 207 44 verbum
634 944 145 44 non
717 944 165 44 est.
820 944 145 44 Sed
903 944 207 44 utique
1047 944 207 44 verbum
1192 944 145 44 quo
1275 944 124 44 se
1337 944 186 44 dicit
1461 944 186 44 summa
1564 944 248 44 sapientia,

302 1007 426 44 convenientissime
664 1007 170 44 dici
770 1007 213 44 potest
919 1007 213 44 verbum
1068 1007 170 44 eius
1174 1007 255 44 secundum
1366 1007 298 44 superiorem
1579 1007 234 44 rationem,

304 1070 164 43 quia
406 1070 164 43 eius
508 1070 266 43 perfectam
713 1070 184 43 tenet
836 1070 369 43 similitudinem.
1144 1070 143 43 Nam
1226 1070 184 43 nulla
1349 1070 225 43 ratione
1513 1070 205 43 negari
1636 1070 184 43 potest,

303 1133 141 43 cum
383 1133 161 43 mens
484 1133 282 43 rationalis
706 1133 221 43 seipsam
867 1133 262 43 cogitando
1068 1133 302 43 intelligit,
1310 1133 242 43 imaginem
1491 1133 201 43 ipsius
1632 1133 181 43 nasci
1732 1133 81 43 in

300 1195 158 43 sua
391 1195 361 43 cogitatione;
684 1195 181 43 immo
797 1195 203 43 ipsam
933 1195 361 43 cogitationem
1226 1195 158 43 sui
1316 1195 181 43 esse
1429 1195 181 43 suam
1542 1195 271 43 imaginem
1723 1195 90 43 ad

301 1257 179 43 eius
412 1257 380 43 similitudinem
725 1257 246 43 tamquam
904 1257 134 43 ex
971 1257 179 43 eius
1083 1257 335 43 impressione
1351 1257 290 43 formatam.
1552 1257 268 43 Quamcumque

301 1320 178 43 enim
412 1320 156 43 rem
501 1320 178 43 mens
612 1320 156 43 seu
701 1320 156 43 per
790 1320 267 43 corporis
990 1320 378 43 imaginationem
1302 1320 156 43 seu
1390 1320 156 43 per
1479 1320 267 43 rationem
1657 1320 156 43 cupit

301 1382 273 43 veraciter
511 1382 273 43 cogitare,
721 1382 168 43 eius
826 1382 210 43 utique
973 1382 357 43 similitudinem
1266 1382 231 43 quantum
1434 1382 189 43 valet
1560 1382 126 43 in
1623 1382 168 43 ipsa
1707 1382 105 43 sua

302 1444 308 44 cogitatione
549 1444 226 44 conatur
713 1444 287 44 exprimere.
938 1444 164 44 Quod
1041 1444 205 44 quanto
1184 1444 205 44 verius
1328 1444 205 44 facit,
1471 1444 185 44 tanto
1594 1444 205 44 verius
1717 1444 103 44 rem

301 1506 194 44 ipsam
431 1506 259 44 cogitat.
625 1506 129 44 Et
690 1506 151 44 hoc
776 1506 237 44 quidem,
949 1506 151 44 cum
1035 1506 237 44 cogitat
1208 1506 237 44 aliquid
1380 1506 194 44 aliud
1510 1506 173 44 quod
1618 1506 173 44 ipsa
1704 1506 108 44 non

302 1569 165 43 est,
406 1569 124 43 et
468 1569 207 43 maxime
613 1569 145 43 cum
695 1569 227 43 aliquod
861 1569 227 43 cogitat
1026 1569 227 43 corpus,
1192 1569 227 43 clarius
1357 1569 331 43 perspicitur.
1626 1569 145 43 Cum
1688 1569 124 43 enim

301 1631 220 43 cogito
455 1631 198 43 notum
587 1631 176 43 mihi
697 1631 242 43 hominem
873 1631 286 43 absentem,
1094 1631 264 43 formatur
1292 1631 198 43 acies
1424 1631 352 43 cogitationis
1688 1631 132 43 meae

301 1692 133 45 in
367 1692 200 45 talem
501 1692 267 45 imaginem
701 1692 200 45 eius,
834 1692 222 45 qualem
990 1692 200 45 illam
1124 1692 156 45 per
1213 1692 200 45 visum
1346 1692 267 45 oculorum
1546 1692 133 45 in
1591 1692 222 45 memoriam

301 1755 267 44 attraxi.
501 1755 178 44 Quae
612 1755 200 44 imago
745 1755 133 44 in
812 1755 333 44 cogitatione
1079 1755 222 44 verbum
1234 1755 156 44 est
1323 1755 244 44 eiusdem
1501 1755 267 44 hominis,
1679 1755 133 44 quem

303 1818 263 44 cogitando
505 1818 182 44 dico.
626 1818 182 44 Habet
748 1818 202 44 igitur
889 1818 162 44 mens
991 1818 303 44 rationalis,
1233 1818 142 44 cum
1314 1818 121 44 se
1375 1818 263 44 cogitando
1557 1818 263 44 intelligit,

300 1881 209 42 secum
439 1881 279 42 imaginem
649 1881 186 42 suam
765 1881 140 42 ex
835 1881 140 42 se
905 1881 233 42 natam,
1068 1881 140 42 id
1137 1881 163 42 est
1230 1881 372 42 cogitationem
1533 1881 163 42 sui
1626 1881 140 42 ad
1672 1881 140 42 suam

300 1942 378 44 similitudinem
611 1942 200 44 quasi
745 1942 156 44 sua
834 1942 334 44 impressione
1101 1942 289 44 formatam;
1323 1942 245 44 quamvis
1501 1942 178 44 ipsa
1613 1942 134 44 Se
1679 1942 111 44 a
1702 1942 111 44 sua

300 2005 239 44 imagine
474 2005 152 44 non
561 2005 174 44 nisi
669 2005 239 44 ratione
843 2005 174 44 sola
952 2005 261 44 separare
1147 2005 239 44 possit.
1321 2005 174 44 Quae
1429 2005 195 44 imago
1559 2005 174 44 eius
1646 2005 174 44 verbum

304 2068 144 33 eius
376 2068 108 33 est.

390 2130 163 43 Hoc
483 2130 233 43 itaque
646 2130 187 43 modo
763 2130 187 43 quis
879 2130 210 43 neget
1019 2130 233 43 summam
1182 2130 350 43 sapientiam,
1462 2130 163 43 cum
1556 2130 140 43 se
1602 2130 210 43 dicendo
