2090 3101
303 296 297 45 intelligit,
541 296 218 45 gignere
699 296 395 45 consubstantialem
1035 296 158 45 sibi
1134 296 336 45 similitudinem
1411 296 178 45 suam,
1529 296 119 45 id
1588 296 138 45 est
1648 296 158 45 verbum

303 357 185 46 suum?
427 357 165 46 Quod
530 357 227 46 verbum,
695 357 185 46 licet
818 357 124 46 de
880 357 124 46 re
942 357 144 46 tam
1024 357 330 46 singulariter
1292 357 247 46 eminenti
1477 357 227 46 proprie
1622 357 185 46 aliquid

295 420 181 45 satis
416 420 323 45 convenienter
678 420 161 45 dici
779 420 141 45 non
859 420 222 45 possit,
1021 420 141 45 non
1101 420 181 45 tamen
1222 420 363 45 inconvenienter
1525 420 181 45 sicut
1626 420 181 45 simili-

303 481 169 46 tudo
409 481 148 46 ita
493 481 127 46 et
557 481 191 46 imago
684 481 127 46 et
747 481 212 46 figura
896 481 127 46 et
959 481 254 46 caracter
1150 481 169 46 eius
1256 481 169 46 dici
1361 481 233 46 potest.
1531 481 212 46 Verbum
1658 481 148 46 autem

302 543 146 46 quo
386 543 272 46 creaturam
595 543 209 46 dicit,
741 543 272 46 nequaquam
950 543 272 46 similiter
1159 543 146 46 est
1243 543 209 46 verbum
1389 543 293 46 creaturae,
1619 543 167 46 quia
1702 543 105 46 non

295 605 139 46 est
375 605 159 46 eius
474 605 298 46 similitudo,
713 605 139 46 sed
792 605 298 46 principalis
1031 605 258 46 essentia.
1229 605 298 46 Consequitur
1468 605 219 46 igitur,
1627 605 119 46 ut
1667 605 139 46 ipsam

302 667 272 45 creaturam
511 667 146 45 non
595 667 188 45 dicat
720 667 188 45 verbo
846 667 293 45 creaturae.
1076 667 188 45 Cuius
1201 667 167 45 ergo
1306 667 188 45 verbo
1432 667 146 45 eam
1515 667 209 45 dicit,
1662 667 125 45 si
1703 667 105 45 non

302 729 151 46 eam
389 729 194 46 dicit
518 729 194 46 verbo
647 729 194 46 eius?
776 729 151 46 Nam
862 729 172 46 quod
969 729 215 46 dicit,
1120 729 194 46 verbo
1249 729 215 46 dicit,
1399 729 129 46 et
1464 729 215 46 verbum
1593 729 215 46 alicuius

296 791 134 45 est
372 791 211 45 verbum,
526 791 115 45 id
583 791 134 45 est
660 791 287 45 similitudo.
889 791 134 45 Sed
966 791 115 45 si
1023 791 172 45 nihil
1138 791 172 45 aliud
1253 791 172 45 dicit
1368 791 153 45 quam
1463 791 115 45 se
1521 791 134 45 aut
1578 791 230 45 creaturam,

303 852 180 48 nihil
423 852 201 48 dicere
564 852 201 48 potest
704 852 160 48 nisi
804 852 140 48 aut
885 852 140 48 suo
965 852 140 48 aut
1045 852 160 48 eius
1145 852 201 48 verbo.
1286 852 120 48 Si
1346 852 160 48 ergo
1446 852 180 48 nihil
1566 852 180 48 dicit
1667 852 140 48 verbo

304 914 277 48 creaturae:
522 914 238 48 quidquid
700 914 198 48 dicit,
839 914 178 48 verbo
958 914 139 48 suo
1037 914 198 48 dicit.
1176 914 139 48 Uno
1255 914 198 48 igitur
1394 914 238 48 eodemque
1572 914 178 48 verbo
1671 914 139 48 dicit

294 980 229 44 seipsum
461 980 125 44 et
524 980 292 44 quaecumque
732 980 167 44 fecit.

832 1110 336 45 Capitulum
1065 1110 207 45 XXXIV.

544 1171 225 46 Quomodo
707 1171 143 46 suo
789 1171 184 46 verbo
912 1171 205 46 videri
1055 1171 205 46 possit
1199 1171 205 46 dicere
1321 1171 246 46 creaturam.

296 1253 153 62 Sed
384 1253 241 62 quomodo
559 1253 153 62 tam
647 1253 329 62 differentes
910 1253 175 62 res,
1019 1253 263 62 scilicet
1216 1253 219 62 creans
1370 1253 131 62 et
1436 1253 219 62 creata
1567 1253 241 62 essentia,

303 1330 165 47 dici
406 1330 227 47 possunt
571 1330 144 47 uno
654 1330 206 47 verbo,
798 1330 289 47 praesertim
1025 1330 144 47 cum
1107 1330 206 47 verbum
1252 1330 186 47 ipsum
1375 1330 144 47 sit
1458 1330 227 47 dicenti
1602 1330 206 47 coaeter-

303 1393 165 45 num,
407 1393 248 45 creatura
592 1393 186 45 autem
716 1393 144 45 non
798 1393 144 45 sit
881 1393 165 45 illi
984 1393 289 45 coaeterna?
1211 1393 248 45 Forsitan
1397 1393 165 45 quia
1500 1393 165 45 ipse
1603 1393 144 45 est
1665 1393 144 45 summa

296 1454 281 48 sapientia
512 1454 130 48 et
577 1454 194 48 summa
707 1454 216 48 ratio,
858 1454 130 48 in
923 1454 151 48 qua
1009 1454 173 48 sunt
1117 1454 194 48 omnia
1247 1454 173 48 quae
1355 1454 194 48 facta
1484 1454 173 48 sunt
1614 1454 194 48 quemad-

302 1516 206 48 modum
439 1516 183 48 opus
553 1516 183 48 quod
668 1516 160 48 fit
759 1516 274 48 secundum
965 1516 251 48 aliquam
1147 1516 228 48 artem,
1307 1516 160 48 non
1399 1516 206 48 solum
1536 1516 228 48 quando
1673 1516 137 48 fit,

304 1580 188 46 verum
430 1580 125 46 et
492 1580 251 46 antequam
681 1580 167 46 fiat
785 1580 125 46 et
848 1580 251 46 postquam
1036 1580 335 46 dissolvitur,
1308 1580 209 46 semper
1454 1580 146 46 est
1538 1580 125 46 in
1601 1580 167 46 ipsa
1685 1580 125 46 arte

296 1641 154 47 non
384 1641 198 47 aliud
516 1641 176 47 quam
625 1641 176 47 quod
735 1641 154 47 est
823 1641 154 47 ars
911 1641 176 47 ipsa
1021 1641 132 47 :
1086 1641 242 47 idcirco
1262 1641 154 47 cum
1350 1641 176 47 ipse
1460 1641 220 47 summus
1591 1641 220 47 spiritus

306 1703 188 47 dicit
432 1703 251 47 seipsum,
620 1703 188 47 dicit
745 1703 188 47 omnia
870 1703 167 47 quae
975 1703 188 47 facta
1100 1703 188 47 sunt.
1226 1703 146 47 Nam
1309 1703 125 47 et
1372 1703 251 47 antequam
1560 1703 251 47 fierent,
1727 1703 84 47 et

305 1765 157 47 cum
394 1765 157 47 iam
484 1765 202 47 facta
619 1765 202 47 sunt,
754 1765 135 47 et
821 1765 157 47 cum
911 1765 360 47 corrumpuntur
1203 1765 157 47 seu
1293 1765 225 47 aliquo
1450 1765 180 47 modo
1540 1765 270 47 variantur:

297 1827 213 48 semper
446 1827 128 48 in
510 1827 171 48 ipso
616 1827 192 48 sunt,
744 1827 149 48 non
830 1827 171 48 quod
936 1827 171 48 sunt
1043 1827 128 48 in
1107 1827 256 48 seipsis,
1298 1827 149 48 sed
1384 1827 171 48 quod
1490 1827 149 48 est
1576 1827 171 48 idem
1661 1827 149 48 ipse.

306 1890 209 46 Etenim
452 1890 125 46 in
515 1890 230 46 seipsis
682 1890 167 46 sunt
787 1890 251 46 essentia
975 1890 272 46 mutabilis
1184 1890 251 46 secundum
1372 1890 314 46 immutabilem
1602 1890 209 46 rationem

307 1951 224 48 creata;
469 1951 122 48 in
530 1951 163 48 ipso
632 1951 163 48 vero
734 1951 163 48 sunt
836 1951 163 48 ipsa
937 1951 183 48 prima
1059 1951 244 48 essentia
1242 1951 122 48 et
1303 1951 183 48 prima
1425 1951 264 48 existendi
1609 1951 203 48 veritas,
