2090 3101
840 341 321 46 Capitulum
1063 341 123 46 LV.

738 402 163 48 Quod
840 402 143 48 non
921 402 143 48 sit
1003 402 184 48 eorum
1105 402 184 48 filius.

264 471 185 72 Quid
379 471 208 72 ergo?
518 471 162 72 Cum
610 471 162 72 hic
703 471 185 72 amor
818 471 254 72 pariter
1003 471 231 72 habeat
1165 471 185 72 esse
1280 471 115 72 a
1326 471 208 72 patre
1465 471 139 72 et
1534 471 231 72 filio,
1673 471 92 72 et

267 548 138 52 sic
346 548 217 52 similis
504 548 138 52 sit
583 548 217 52 ambobus
740 548 118 52 ut
799 548 276 52 nullatenus
1016 548 276 52 dissimilis
1233 548 138 52 sit
1312 548 197 52 illis,
1450 548 138 52 sed
1529 548 197 52 omnino
1647 548 118 52 idem

267 608 142 57 sit
348 608 162 57 quod
449 608 182 57 illi:
571 608 223 57 numquid
733 608 203 57 filius
875 608 182 57 eorum
996 608 142 57 aut
1077 608 203 57 proles
1219 608 304 57 aestimandus
1462 608 162 57 est?
1563 608 142 57 Sed
1624 608 142 57 sicut

265 670 218 58 verbum
418 670 152 58 mox
505 670 174 58 <ut>
613 670 370 58 consideratur,
918 670 131 58 se
983 670 218 58 prolem
1135 670 174 58 eius
1244 670 174 58 esse
1353 670 109 58 a
1396 670 152 58 quo
1483 670 174 58 est,
1570 670 196 58 eviden-

267 733 229 56 tissime
434 733 229 56 probat,
600 733 250 56 promptam
788 733 312 56 praeferendo
1038 733 250 56 parentis
1225 733 271 56 imaginem:
1434 733 146 56 sic
1517 733 167 56 amor
1600 733 167 56 aperte

269 794 115 57 se
326 794 192 57 prolem
461 794 192 57 negat,
595 794 154 57 quia
691 794 134 57 dum
768 794 96 57 a
806 794 173 57 patre
921 794 115 57 et
979 794 173 57 filio
1094 794 250 57 procedere
1286 794 326 57 intelligitur,
1555 794 134 57 non
1612 794 154 57 statim

266 855 150 59 tam
351 855 300 59 perspicuam
587 855 236 59 exhibet
759 855 129 59 se
824 855 343 59 contemplanti
1103 855 172 59 eius
1210 855 129 59 ex
1274 855 150 59 quo
1360 855 150 59 est
1425 855 343 59 similitudinem;

268 917 243 57 quamvis
445 917 199 57 ipsum
577 917 331 57 considerata
842 917 199 57 ratio
974 917 221 57 doceat
1129 917 221 57 omnino
1283 917 243 57 idipsum
1460 917 177 57 esse
1570 917 177 57 quod
1659 917 110 57 est

268 979 185 57 pater
392 979 123 57 et
453 979 226 57 filius.
618 979 226 57 Denique
782 979 123 57 si
844 979 206 57 proles
988 979 185 57 eorum
1111 979 164 57 est:
1214 979 144 57 aut
1296 979 185 57 alter
1420 979 185 57 eorum
1543 979 164 57 erit
1625 979 144 57 pater

266 1041 185 57 eius,
390 1041 185 57 alter
513 1041 206 57 mater,
658 1041 144 57 aut
740 1041 226 57 uterque
905 1041 185 57 pater
1028 1041 165 57 sive
1131 1041 185 57 mater
1254 1041 165 57 est;
1357 1041 165 57 quae
1460 1041 185 57 omnia
1563 1041 206 57 veritati

269 1101 279 59 repugnare
483 1101 279 59 videntur.
698 1101 236 59 Quoniam
869 1101 214 59 namque
1019 1101 300 59 nullatenus
1255 1101 214 59 aliter
1405 1101 107 59 a
1448 1101 193 59 patre
1556 1101 214 59 procedit

271 1164 158 57 quam
370 1164 99 57 a
409 1164 197 57 filio,
548 1164 178 57 nulla
666 1164 217 57 veritas
824 1164 217 57 patitur
982 1164 118 57 ut
1041 1164 257 57 dissimili
1238 1164 237 57 vocabulo
1416 1164 118 57 ad
1475 1164 178 57 illum
1593 1164 178 57 pater
1692 1164 79 57 et

267 1226 203 58 filius
409 1226 305 58 referantur.
653 1226 142 58 Non
734 1226 142 58 est
815 1226 203 58 igitur
957 1226 183 58 alter
1079 1226 183 58 pater
1201 1226 183 58 eius,
1323 1226 183 58 alter
1445 1226 203 58 mater.
1587 1226 122 58 Ut
1628 1226 142 58 autem

272 1287 138 57 duo
351 1287 197 57 aliqua
489 1287 178 57 sint,
608 1287 158 57 quae
706 1287 217 57 singula
864 1287 257 57 perfectam
1062 1287 118 57 et
1121 1287 178 57 nulla
1239 1287 355 57 consideratione
1515 1287 257 57 differentem

271 1348 239 58 habeant
445 1348 239 58 pariter
619 1348 131 58 ad
685 1348 239 58 aliquid
859 1348 174 58 unum
967 1348 218 58 patris
1120 1348 152 58 aut
1207 1348 218 58 matris
1359 1348 348 58 habitudinem:
1620 1348 152 58 nulla

266 1410 207 59 natura
411 1410 207 59 aliquo
555 1410 268 59 monstrari
762 1410 248 59 concedit
948 1410 248 59 exemplo.
1134 1410 165 59 Ergo
1237 1410 145 59 non
1320 1410 145 59 est
1402 1410 248 59 uterque,
1567 1410 207 59 scilicet

273 1473 188 57 pater
398 1473 125 57 et
461 1473 229 57 filius,
628 1473 188 57 pater
753 1473 146 57 aut
836 1473 188 57 mater
961 1473 208 57 amoris
1107 1473 104 57 a
1149 1473 125 57 se
1211 1473 271 57 manantis.
1420 1473 271 57 Nequaquam
1607 1473 167 57 itaque

274 1535 215 55 videtur
431 1535 235 55 veritati
607 1535 274 55 convenire,
823 1535 117 55 ut
881 1535 157 55 idem
979 1535 157 55 amor
1077 1535 176 55 eorum
1195 1535 196 55 filius
1332 1535 137 55 sit
1410 1535 137 55 aut
1469 1535 176 55 proles.

216 1671 921 52 Capitulum
854 1671 354 52 LVL

413 1734 152 54 Quod
508 1734 171 54 solus
622 1734 171 54 pater
736 1734 133 54 sit
812 1734 209 54 genitor
964 1734 114 54 et
1021 1734 266 54 ingenitus,
1229 1734 171 54 solus
1343 1734 190 54 filius
1457 1734 190 54 genitus,

647 1799 179 48 solus
766 1799 159 48 amor
866 1799 139 48 nec
945 1799 219 48 genitus
1104 1799 139 48 nec
1164 1799 238 48 ingenitus.

264 1871 186 67 Sed
371 1871 292 67 videtur
583 1871 239 67 tamen
742 1871 212 67 amor
875 1871 212 67 idem
1007 1871 186 67 nec
1114 1871 265 67 omnino
1299 1871 318 67 secundum
1512 1871 265 67 communis

278 1948 276 56 locutionis
495 1948 158 56 usum
594 1948 158 56 dici
692 1948 177 56 posse
811 1948 276 56 ingenitus,
1028 1948 138 56 nec
1107 1948 138 56 ita
1185 1948 217 56 proprie
1343 1948 177 56 sicut
1461 1948 197 56 verbum
1580 1948 197 56 genitus.

279 2010 229 56 Solemus
446 2010 166 56 enim
550 2010 187 56 saepe
674 2010 208 56 dicere
820 2010 229 56 aliquid
986 2010 187 56 gigni
1111 2010 125 56 ex
1174 2010 125 56 ea
1236 2010 125 56 re
1299 2010 125 56 de
1361 2010 146 56 qua
1444 2010 250 56 existit;
1631 2010 125 56 ut
1673 2010 104 56 cum

269 2071 237 57 dicimus
442 2071 237 57 calorem
615 2071 151 57 aut
701 2071 302 57 splendorem
938 2071 194 57 gigni
1068 2071 129 57 ab
1133 2071 194 57 igne,
1262 2071 151 57 seu
1348 2071 237 57 aliquod
1521 2071 259 57 effectum
1694 2071 86 57 ex
