<?xml version="1.0" encoding="UTF-8"?>
<alto xmlns:xsi="http://www.w3.org/2001/XMLSchema-instance"
      xmlns="http://www.loc.gov/standards/alto/ns-v2#"
      xmlns:page="http://schema.primaresearch.org/PAGE/gts/pagecontent/2013-07-15"
      xsi:schemaLocation="http://www.loc.gov/standards/alto/ns-v2# http://www.loc.gov/standards/alto/alto.xsd">
   <Description>
      <MeasurementUnit>pixel</MeasurementUnit>
      <OCRProcessing ID="IdOcr">
         <ocrProcessingStep>
            <processingDateTime>2020-07-13T18:09:26.664-04:00</processingDateTime>
            <processingSoftware>
               <softwareCreator>READ COOP</softwareCreator>
               <softwareName>Transkribus</softwareName>
            </processingSoftware>
         </ocrProcessingStep>
      </OCRProcessing>
   </Description>
   <Tags/>
   <Layout>
      <Page ID="Page1" PHYSICAL_IMG_NR="1" HEIGHT="3101" WIDTH="2090">
         <TopMargin HEIGHT="0" WIDTH="2090" VPOS="0" HPOS="0"/>
         <LeftMargin HEIGHT="3101" WIDTH="0" VPOS="0" HPOS="0"/>
         <RightMargin HEIGHT="3101" WIDTH="0" VPOS="0" HPOS="2090"/>
         <BottomMargin HEIGHT="0" WIDTH="2090" VPOS="3101" HPOS="0"/>
         <PrintSpace HEIGHT="3101" WIDTH="2090" VPOS="0" HPOS="0">
            <TextBlock ID="r_1_1" HEIGHT="70" WIDTH="260" VPOS="701" HPOS="894">
               <Shape>
                  <Polygon POINTS="894,701 1154,701 1154,771 894,771"/>
               </Shape>
               <TextLine ID="tl_1"
                         BASELINE="770"
                         HEIGHT="68"
                         WIDTH="258"
                         VPOS="702"
                         HPOS="895">
                  <String HEIGHT="68"
                          WIDTH="315"
                          VPOS="702"
                          HPOS="838"
                          CONTENT="Prologus."/>
               </TextLine>
            </TextBlock>
            <TextBlock ID="r_2_1" HEIGHT="672" WIDTH="1526" VPOS="843" HPOS="243">
               <Shape>
                  <Polygon POINTS="243,843 1769,843 1769,1515 243,1515"/>
               </Shape>
               <TextLine ID="tl_2"
                         BASELINE="904"
                         HEIGHT="60"
                         WIDTH="1397"
                         VPOS="844"
                         HPOS="371">
                  <String HEIGHT="60"
                          WIDTH="212"
                          VPOS="844"
                          HPOS="350"
                          CONTENT="Quidam"/>
                  <SP HEIGHT="60" WIDTH="21" VPOS="844" HPOS="562"/>
                  <String HEIGHT="60"
                          WIDTH="233"
                          VPOS="844"
                          HPOS="498"
                          CONTENT="fratres"/>
                  <SP HEIGHT="60" WIDTH="21" VPOS="844" HPOS="731"/>
                  <String HEIGHT="60"
                          WIDTH="191"
                          VPOS="844"
                          HPOS="667"
                          CONTENT="saepe"/>
                  <SP HEIGHT="60" WIDTH="21" VPOS="844" HPOS="858"/>
                  <String HEIGHT="60" WIDTH="127" VPOS="844" HPOS="794" CONTENT="me"/>
                  <SP HEIGHT="60" WIDTH="21" VPOS="844" HPOS="921"/>
                  <String HEIGHT="60"
                          WIDTH="318"
                          VPOS="844"
                          HPOS="858"
                          CONTENT="studioseque"/>
                  <SP HEIGHT="60" WIDTH="21" VPOS="844" HPOS="1175"/>
                  <String HEIGHT="60"
                          WIDTH="233"
                          VPOS="844"
                          HPOS="1112"
                          CONTENT="precati"/>
                  <SP HEIGHT="60" WIDTH="21" VPOS="844" HPOS="1345"/>
                  <String HEIGHT="60"
                          WIDTH="191"
                          VPOS="844"
                          HPOS="1281"
                          CONTENT="sunt,"/>
                  <SP HEIGHT="60" WIDTH="21" VPOS="844" HPOS="1472"/>
                  <String HEIGHT="60" WIDTH="127" VPOS="844" HPOS="1408" CONTENT="ut"/>
                  <SP HEIGHT="60" WIDTH="21" VPOS="844" HPOS="1535"/>
                  <String HEIGHT="60"
                          WIDTH="254"
                          VPOS="844"
                          HPOS="1472"
                          CONTENT="quaedam,"/>
                  <SP HEIGHT="60" WIDTH="21" VPOS="844" HPOS="1726"/>
                  <String HEIGHT="60"
                          WIDTH="127"
                          VPOS="844"
                          HPOS="1641"
                          CONTENT="quae"/>
               </TextLine>
               <TextLine ID="tl_3"
                         BASELINE="965"
                         HEIGHT="44"
                         WIDTH="1522"
                         VPOS="921"
                         HPOS="244">
                  <String HEIGHT="44" WIDTH="100" VPOS="921" HPOS="224" CONTENT="3"/>
                  <SP HEIGHT="44" WIDTH="20" VPOS="921" HPOS="324"/>
                  <String HEIGHT="44"
                          WIDTH="180"
                          VPOS="921"
                          HPOS="264"
                          CONTENT="illis"/>
                  <SP HEIGHT="44" WIDTH="20" VPOS="921" HPOS="444"/>
                  <String HEIGHT="44" WIDTH="120" VPOS="921" HPOS="384" CONTENT="de"/>
                  <SP HEIGHT="44" WIDTH="20" VPOS="921" HPOS="504"/>
                  <String HEIGHT="44"
                          WIDTH="260"
                          VPOS="921"
                          HPOS="444"
                          CONTENT="meditanda"/>
                  <SP HEIGHT="44" WIDTH="20" VPOS="921" HPOS="705"/>
                  <String HEIGHT="44"
                          WIDTH="300"
                          VPOS="921"
                          HPOS="645"
                          CONTENT="divinitatis"/>
                  <SP HEIGHT="44" WIDTH="20" VPOS="921" HPOS="945"/>
                  <String HEIGHT="44"
                          WIDTH="240"
                          VPOS="921"
                          HPOS="885"
                          CONTENT="essentia"/>
                  <SP HEIGHT="44" WIDTH="20" VPOS="921" HPOS="1125"/>
                  <String HEIGHT="44" WIDTH="120" VPOS="921" HPOS="1065" CONTENT="et"/>
                  <SP HEIGHT="44" WIDTH="20" VPOS="921" HPOS="1185"/>
                  <String HEIGHT="44"
                          WIDTH="260"
                          VPOS="921"
                          HPOS="1125"
                          CONTENT="quibusdam"/>
                  <SP HEIGHT="44" WIDTH="20" VPOS="921" HPOS="1386"/>
                  <String HEIGHT="44"
                          WIDTH="180"
                          VPOS="921"
                          HPOS="1325"
                          CONTENT="aliis"/>
                  <SP HEIGHT="44" WIDTH="20" VPOS="921" HPOS="1506"/>
                  <String HEIGHT="44"
                          WIDTH="260"
                          VPOS="921"
                          HPOS="1446"
                          CONTENT="huiusmodi"/>
                  <SP HEIGHT="44" WIDTH="20" VPOS="921" HPOS="1706"/>
                  <String HEIGHT="44"
                          WIDTH="140"
                          VPOS="921"
                          HPOS="1626"
                          CONTENT="medi"
                          SUBS_TYPE="HypPart1"
                          SUBS_CONTENT="meditationi"/>
                  <HYP CONTENT="-"/>
               </TextLine>
               <TextLine ID="tl_4"
                         BASELINE="1026"
                         HEIGHT="43"
                         WIDTH="1479"
                         VPOS="983"
                         HPOS="287">
                  <String HEIGHT="43"
                          WIDTH="226"
                          VPOS="983"
                          HPOS="266"
                          CONTENT="tationi"
                          SUBS_TYPE="HypPart2"
                          SUBS_CONTENT="meditationi"/>
                  <SP HEIGHT="43" WIDTH="21" VPOS="983" HPOS="492"/>
                  <String HEIGHT="43"
                          WIDTH="349"
                          VPOS="983"
                          HPOS="431"
                          CONTENT="cohaerentibus"/>
                  <SP HEIGHT="43" WIDTH="21" VPOS="983" HPOS="780"/>
                  <String HEIGHT="43"
                          WIDTH="226"
                          VPOS="983"
                          HPOS="718"
                          CONTENT="usitato"/>
                  <SP HEIGHT="43" WIDTH="21" VPOS="983" HPOS="944"/>
                  <String HEIGHT="43"
                          WIDTH="226"
                          VPOS="983"
                          HPOS="883"
                          CONTENT="sermone"/>
                  <SP HEIGHT="43" WIDTH="21" VPOS="983" HPOS="1109"/>
                  <String HEIGHT="43"
                          WIDTH="308"
                          VPOS="983"
                          HPOS="1047"
                          CONTENT="colloquendo"/>
                  <SP HEIGHT="43" WIDTH="21" VPOS="983" HPOS="1355"/>
                  <String HEIGHT="43"
                          WIDTH="308"
                          VPOS="983"
                          HPOS="1294"
                          CONTENT="protuleram,"/>
                  <SP HEIGHT="43" WIDTH="21" VPOS="983" HPOS="1602"/>
                  <String HEIGHT="43"
                          WIDTH="144"
                          VPOS="983"
                          HPOS="1540"
                          CONTENT="sub"/>
                  <SP HEIGHT="43" WIDTH="21" VPOS="983" HPOS="1684"/>
                  <String HEIGHT="43"
                          WIDTH="164"
                          VPOS="983"
                          HPOS="1602"
                          CONTENT="quodam"/>
               </TextLine>
               <TextLine ID="tl_5"
                         BASELINE="1089"
                         HEIGHT="44"
                         WIDTH="1482"
                         VPOS="1045"
                         HPOS="286">
                  <String HEIGHT="44"
                          WIDTH="137"
                          VPOS="1045"
                          HPOS="267"
                          CONTENT="eis"/>
                  <SP HEIGHT="44" WIDTH="20" VPOS="1045" HPOS="403"/>
                  <String HEIGHT="44"
                          WIDTH="312"
                          VPOS="1045"
                          HPOS="345"
                          CONTENT="meditationis"/>
                  <SP HEIGHT="44" WIDTH="20" VPOS="1045" HPOS="657"/>
                  <String HEIGHT="44"
                          WIDTH="215"
                          VPOS="1045"
                          HPOS="598"
                          CONTENT="exemplo"/>
                  <SP HEIGHT="44" WIDTH="20" VPOS="1045" HPOS="813"/>
                  <String HEIGHT="44"
                          WIDTH="312"
                          VPOS="1045"
                          HPOS="754"
                          CONTENT="describerem."/>
                  <SP HEIGHT="44" WIDTH="20" VPOS="1045" HPOS="1066"/>
                  <String HEIGHT="44"
                          WIDTH="176"
                          VPOS="1045"
                          HPOS="1008"
                          CONTENT="Cuius"/>
                  <SP HEIGHT="44" WIDTH="20" VPOS="1045" HPOS="1183"/>
                  <String HEIGHT="44"
                          WIDTH="234"
                          VPOS="1045"
                          HPOS="1125"
                          CONTENT="scilicet"/>
                  <SP HEIGHT="44" WIDTH="20" VPOS="1045" HPOS="1359"/>
                  <String HEIGHT="44"
                          WIDTH="273"
                          VPOS="1045"
                          HPOS="1300"
                          CONTENT="scribendae"/>
                  <SP HEIGHT="44" WIDTH="20" VPOS="1045" HPOS="1573"/>
                  <String HEIGHT="44"
                          WIDTH="273"
                          VPOS="1045"
                          HPOS="1495"
                          CONTENT="meditationis"/>
               </TextLine>
               <TextLine ID="tl_6"
                         BASELINE="1151"
                         HEIGHT="44"
                         WIDTH="1521"
                         VPOS="1107"
                         HPOS="245">
                  <String HEIGHT="44" WIDTH="107" VPOS="1107" HPOS="224" CONTENT="6"/>
                  <SP HEIGHT="44" WIDTH="21" VPOS="1107" HPOS="331"/>
                  <String HEIGHT="44"
                          WIDTH="193"
                          VPOS="1107"
                          HPOS="266"
                          CONTENT="magis"/>
                  <SP HEIGHT="44" WIDTH="21" VPOS="1107" HPOS="459"/>
                  <String HEIGHT="44"
                          WIDTH="257"
                          VPOS="1107"
                          HPOS="395"
                          CONTENT="secundum"/>
                  <SP HEIGHT="44" WIDTH="21" VPOS="1107" HPOS="652"/>
                  <String HEIGHT="44"
                          WIDTH="171"
                          VPOS="1107"
                          HPOS="588"
                          CONTENT="suam"/>
                  <SP HEIGHT="44" WIDTH="21" VPOS="1107" HPOS="759"/>
                  <String HEIGHT="44"
                          WIDTH="300"
                          VPOS="1107"
                          HPOS="695"
                          CONTENT="voluntatem"/>
                  <SP HEIGHT="44" WIDTH="21" VPOS="1107" HPOS="995"/>
                  <String HEIGHT="44"
                          WIDTH="171"
                          VPOS="1107"
                          HPOS="931"
                          CONTENT="quam"/>
                  <SP HEIGHT="44" WIDTH="21" VPOS="1107" HPOS="1102"/>
                  <String HEIGHT="44"
                          WIDTH="257"
                          VPOS="1107"
                          HPOS="1038"
                          CONTENT="secundum"/>
                  <SP HEIGHT="44" WIDTH="21" VPOS="1107" HPOS="1295"/>
                  <String HEIGHT="44"
                          WIDTH="150"
                          VPOS="1107"
                          HPOS="1230"
                          CONTENT="rei"/>
                  <SP HEIGHT="44" WIDTH="21" VPOS="1107" HPOS="1380"/>
                  <String HEIGHT="44"
                          WIDTH="321"
                          VPOS="1107"
                          HPOS="1316"
                          CONTENT="facilitatem"/>
                  <SP HEIGHT="44" WIDTH="21" VPOS="1107" HPOS="1637"/>
                  <String HEIGHT="44"
                          WIDTH="150"
                          VPOS="1107"
                          HPOS="1573"
                          CONTENT="aut"/>
                  <SP HEIGHT="44" WIDTH="21" VPOS="1107" HPOS="1723"/>
                  <String HEIGHT="44"
                          WIDTH="129"
                          VPOS="1107"
                          HPOS="1637"
                          CONTENT="meam"/>
               </TextLine>
               <TextLine ID="tl_7"
                         BASELINE="1214"
                         HEIGHT="45"
                         WIDTH="1482"
                         VPOS="1169"
                         HPOS="284">
                  <String HEIGHT="45"
                          WIDTH="356"
                          VPOS="1169"
                          HPOS="264"
                          CONTENT="possibilitatem"/>
                  <SP HEIGHT="45" WIDTH="20" VPOS="1169" HPOS="620"/>
                  <String HEIGHT="45"
                          WIDTH="158"
                          VPOS="1169"
                          HPOS="561"
                          CONTENT="hanc"/>
                  <SP HEIGHT="45" WIDTH="20" VPOS="1169" HPOS="719"/>
                  <String HEIGHT="45"
                          WIDTH="158"
                          VPOS="1169"
                          HPOS="659"
                          CONTENT="mihi"/>
                  <SP HEIGHT="45" WIDTH="20" VPOS="1169" HPOS="818"/>
                  <String HEIGHT="45"
                          WIDTH="198"
                          VPOS="1169"
                          HPOS="758"
                          CONTENT="formam"/>
                  <SP HEIGHT="45" WIDTH="20" VPOS="1169" HPOS="956"/>
                  <String HEIGHT="45"
                          WIDTH="375"
                          VPOS="1169"
                          HPOS="897"
                          CONTENT="praestituerunt:"/>
                  <SP HEIGHT="45" WIDTH="20" VPOS="1169" HPOS="1272"/>
                  <String HEIGHT="45"
                          WIDTH="237"
                          VPOS="1169"
                          HPOS="1213"
                          CONTENT="quatenus"/>
                  <SP HEIGHT="45" WIDTH="20" VPOS="1169" HPOS="1450"/>
                  <String HEIGHT="45"
                          WIDTH="296"
                          VPOS="1169"
                          HPOS="1391"
                          CONTENT="auctoritate"/>
                  <SP HEIGHT="45" WIDTH="20" VPOS="1169" HPOS="1687"/>
                  <String HEIGHT="45"
                          WIDTH="158"
                          VPOS="1169"
                          HPOS="1608"
                          CONTENT="scrip"
                          SUBS_TYPE="HypPart1"
                          SUBS_CONTENT="scripturae"/>
                  <HYP CONTENT="-"/>
               </TextLine>
               <TextLine ID="tl_8"
                         BASELINE="1275"
                         HEIGHT="44"
                         WIDTH="1480"
                         VPOS="1231"
                         HPOS="286">
                  <String HEIGHT="44"
                          WIDTH="178"
                          VPOS="1231"
                          HPOS="266"
                          CONTENT="turae"
                          SUBS_TYPE="HypPart2"
                          SUBS_CONTENT="scripturae"/>
                  <SP HEIGHT="44" WIDTH="20" VPOS="1231" HPOS="444"/>
                  <String HEIGHT="44"
                          WIDTH="217"
                          VPOS="1231"
                          HPOS="385"
                          CONTENT="penitus"/>
                  <SP HEIGHT="44" WIDTH="20" VPOS="1231" HPOS="602"/>
                  <String HEIGHT="44"
                          WIDTH="178"
                          VPOS="1231"
                          HPOS="543"
                          CONTENT="nihil"/>
                  <SP HEIGHT="44" WIDTH="20" VPOS="1231" HPOS="720"/>
                  <String HEIGHT="44" WIDTH="118" VPOS="1231" HPOS="661" CONTENT="in"/>
                  <SP HEIGHT="44" WIDTH="20" VPOS="1231" HPOS="779"/>
                  <String HEIGHT="44" WIDTH="118" VPOS="1231" HPOS="720" CONTENT="ea"/>
                  <SP HEIGHT="44" WIDTH="20" VPOS="1231" HPOS="839"/>
                  <String HEIGHT="44"
                          WIDTH="355"
                          VPOS="1231"
                          HPOS="779"
                          CONTENT="persuaderetur,"/>
                  <SP HEIGHT="44" WIDTH="20" VPOS="1231" HPOS="1135"/>
                  <String HEIGHT="44"
                          WIDTH="138"
                          VPOS="1231"
                          HPOS="1075"
                          CONTENT="sed"/>
                  <SP HEIGHT="44" WIDTH="20" VPOS="1231" HPOS="1213"/>
                  <String HEIGHT="44"
                          WIDTH="237"
                          VPOS="1231"
                          HPOS="1154"
                          CONTENT="quidquid"/>
                  <SP HEIGHT="44" WIDTH="20" VPOS="1231" HPOS="1391"/>
                  <String HEIGHT="44"
                          WIDTH="138"
                          VPOS="1231"
                          HPOS="1332"
                          CONTENT="per"/>
                  <SP HEIGHT="44" WIDTH="20" VPOS="1231" HPOS="1470"/>
                  <String HEIGHT="44"
                          WIDTH="237"
                          VPOS="1231"
                          HPOS="1411"
                          CONTENT="singulas"/>
                  <SP HEIGHT="44" WIDTH="20" VPOS="1231" HPOS="1648"/>
                  <String HEIGHT="44"
                          WIDTH="197"
                          VPOS="1231"
                          HPOS="1569"
                          CONTENT="investi"
                          SUBS_TYPE="HypPart1"
                          SUBS_CONTENT="investi9"/>
                  <HYP CONTENT="-"/>
               </TextLine>
               <TextLine ID="tl_9"
                         BASELINE="1337"
                         HEIGHT="44"
                         WIDTH="1523"
                         VPOS="1293"
                         HPOS="245">
                  <String HEIGHT="44"
                          WIDTH="100"
                          VPOS="1293"
                          HPOS="225"
                          CONTENT="9"
                          SUBS_TYPE="HypPart2"
                          SUBS_CONTENT="investi9"/>
                  <SP HEIGHT="44" WIDTH="20" VPOS="1293" HPOS="325"/>
                  <String HEIGHT="44"
                          WIDTH="240"
                          VPOS="1293"
                          HPOS="265"
                          CONTENT="gationes"/>
                  <SP HEIGHT="44" WIDTH="20" VPOS="1293" HPOS="506"/>
                  <String HEIGHT="44"
                          WIDTH="180"
                          VPOS="1293"
                          HPOS="445"
                          CONTENT="finis"/>
                  <SP HEIGHT="44" WIDTH="20" VPOS="1293" HPOS="626"/>
                  <String HEIGHT="44"
                          WIDTH="281"
                          VPOS="1293"
                          HPOS="566"
                          CONTENT="assereret,"/>
                  <SP HEIGHT="44" WIDTH="20" VPOS="1293" HPOS="846"/>
                  <String HEIGHT="44" WIDTH="120" VPOS="1293" HPOS="786" CONTENT="id"/>
                  <SP HEIGHT="44" WIDTH="20" VPOS="1293" HPOS="906"/>
                  <String HEIGHT="44"
                          WIDTH="140"
                          VPOS="1293"
                          HPOS="846"
                          CONTENT="ita"/>
                  <SP HEIGHT="44" WIDTH="20" VPOS="1293" HPOS="986"/>
                  <String HEIGHT="44"
                          WIDTH="160"
                          VPOS="1293"
                          HPOS="926"
                          CONTENT="esse"/>
                  <SP HEIGHT="44" WIDTH="20" VPOS="1293" HPOS="1087"/>
                  <String HEIGHT="44"
                          WIDTH="180"
                          VPOS="1293"
                          HPOS="1027"
                          CONTENT="plano"/>
                  <SP HEIGHT="44" WIDTH="20" VPOS="1293" HPOS="1207"/>
                  <String HEIGHT="44"
                          WIDTH="180"
                          VPOS="1293"
                          HPOS="1147"
                          CONTENT="stilo"/>
                  <SP HEIGHT="44" WIDTH="20" VPOS="1293" HPOS="1327"/>
                  <String HEIGHT="44"
                          WIDTH="120"
                          VPOS="1293"
                          HPOS="1267"
                          CONTENT="et"/>
                  <SP HEIGHT="44" WIDTH="20" VPOS="1293" HPOS="1387"/>
                  <String HEIGHT="44"
                          WIDTH="281"
                          VPOS="1293"
                          HPOS="1327"
                          CONTENT="vulgaribus"/>
                  <SP HEIGHT="44" WIDTH="20" VPOS="1293" HPOS="1608"/>
                  <String HEIGHT="44"
                          WIDTH="240"
                          VPOS="1293"
                          HPOS="1528"
                          CONTENT="argumentis"/>
               </TextLine>
               <TextLine ID="tl_10"
                         BASELINE="1399"
                         HEIGHT="44"
                         WIDTH="1482"
                         VPOS="1355"
                         HPOS="286">
                  <String HEIGHT="44"
                          WIDTH="289"
                          VPOS="1355"
                          HPOS="267"
                          CONTENT="simplicique"/>
                  <SP HEIGHT="44" WIDTH="19" VPOS="1355" HPOS="555"/>
                  <String HEIGHT="44"
                          WIDTH="308"
                          VPOS="1355"
                          HPOS="498"
                          CONTENT="disputatione"/>
                  <SP HEIGHT="44" WIDTH="19" VPOS="1355" HPOS="806"/>
                  <String HEIGHT="44" WIDTH="115" VPOS="1355" HPOS="748" CONTENT="et"/>
                  <SP HEIGHT="44" WIDTH="19" VPOS="1355" HPOS="863"/>
                  <String HEIGHT="44"
                          WIDTH="231"
                          VPOS="1355"
                          HPOS="806"
                          CONTENT="rationis"/>
                  <SP HEIGHT="44" WIDTH="19" VPOS="1355" HPOS="1037"/>
                  <String HEIGHT="44"
                          WIDTH="269"
                          VPOS="1355"
                          HPOS="979"
                          CONTENT="necessitas"/>
                  <SP HEIGHT="44" WIDTH="19" VPOS="1355" HPOS="1248"/>
                  <String HEIGHT="44"
                          WIDTH="231"
                          VPOS="1355"
                          HPOS="1191"
                          CONTENT="breviter"/>
                  <SP HEIGHT="44" WIDTH="19" VPOS="1355" HPOS="1422"/>
                  <String HEIGHT="44"
                          WIDTH="212"
                          VPOS="1355"
                          HPOS="1364"
                          CONTENT="cogeret"/>
                  <SP HEIGHT="44" WIDTH="19" VPOS="1355" HPOS="1576"/>
                  <String HEIGHT="44"
                          WIDTH="115"
                          VPOS="1355"
                          HPOS="1518"
                          CONTENT="et"/>
                  <SP HEIGHT="44" WIDTH="19" VPOS="1355" HPOS="1633"/>
                  <String HEIGHT="44"
                          WIDTH="212"
                          VPOS="1355"
                          HPOS="1556"
                          CONTENT="veritatis"/>
               </TextLine>
               <TextLine ID="tl_11"
                         BASELINE="1461"
                         HEIGHT="45"
                         WIDTH="1482"
                         VPOS="1416"
                         HPOS="286">
                  <String HEIGHT="45"
                          WIDTH="240"
                          VPOS="1416"
                          HPOS="266"
                          CONTENT="claritas"/>
                  <SP HEIGHT="45" WIDTH="20" VPOS="1416" HPOS="506"/>
                  <String HEIGHT="45"
                          WIDTH="240"
                          VPOS="1416"
                          HPOS="446"
                          CONTENT="patenter"/>
                  <SP HEIGHT="45" WIDTH="20" VPOS="1416" HPOS="687"/>
                  <String HEIGHT="45"
                          WIDTH="300"
                          VPOS="1416"
                          HPOS="626"
                          CONTENT="ostenderet."/>
                  <SP HEIGHT="45" WIDTH="20" VPOS="1416" HPOS="927"/>
                  <String HEIGHT="45"
                          WIDTH="260"
                          VPOS="1416"
                          HPOS="867"
                          CONTENT="Voluerunt"/>
                  <SP HEIGHT="45" WIDTH="20" VPOS="1416" HPOS="1127"/>
                  <String HEIGHT="45"
                          WIDTH="200"
                          VPOS="1416"
                          HPOS="1067"
                          CONTENT="etiam,"/>
                  <SP HEIGHT="45" WIDTH="20" VPOS="1416" HPOS="1267"/>
                  <String HEIGHT="45"
                          WIDTH="120"
                          VPOS="1416"
                          HPOS="1207"
                          CONTENT="ut"/>
                  <SP HEIGHT="45" WIDTH="20" VPOS="1416" HPOS="1327"/>
                  <String HEIGHT="45"
                          WIDTH="140"
                          VPOS="1416"
                          HPOS="1267"
                          CONTENT="nec"/>
                  <SP HEIGHT="45" WIDTH="20" VPOS="1416" HPOS="1408"/>
                  <String HEIGHT="45"
                          WIDTH="300"
                          VPOS="1416"
                          HPOS="1347"
                          CONTENT="simplicibus"/>
                  <SP HEIGHT="45" WIDTH="20" VPOS="1416" HPOS="1648"/>
                  <String HEIGHT="45"
                          WIDTH="200"
                          VPOS="1416"
                          HPOS="1568"
                          CONTENT="paeneque"/>
               </TextLine>
               <TextLine ID="tl_12"
                         BASELINE="1514"
                         HEIGHT="35"
                         WIDTH="1250"
                         VPOS="1479"
                         HPOS="247">
                  <String HEIGHT="35" WIDTH="119" VPOS="1479" HPOS="227" CONTENT="i2"/>
                  <SP HEIGHT="35" WIDTH="20" VPOS="1479" HPOS="346"/>
                  <String HEIGHT="35"
                          WIDTH="198"
                          VPOS="1479"
                          HPOS="287"
                          CONTENT="fatuis"/>
                  <SP HEIGHT="35" WIDTH="20" VPOS="1479" HPOS="485"/>
                  <String HEIGHT="35"
                          WIDTH="337"
                          VPOS="1479"
                          HPOS="426"
                          CONTENT="obiectionibus"/>
                  <SP HEIGHT="35" WIDTH="20" VPOS="1479" HPOS="763"/>
                  <String HEIGHT="35"
                          WIDTH="159"
                          VPOS="1479"
                          HPOS="703"
                          CONTENT="mihi"/>
                  <SP HEIGHT="35" WIDTH="20" VPOS="1479" HPOS="862"/>
                  <String HEIGHT="35"
                          WIDTH="337"
                          VPOS="1479"
                          HPOS="803"
                          CONTENT="occurrentibus"/>
                  <SP HEIGHT="35" WIDTH="20" VPOS="1479" HPOS="1140"/>
                  <String HEIGHT="35"
                          WIDTH="218"
                          VPOS="1479"
                          HPOS="1080"
                          CONTENT="obviare"/>
                  <SP HEIGHT="35" WIDTH="20" VPOS="1479" HPOS="1299"/>
                  <String HEIGHT="35"
                          WIDTH="278"
                          VPOS="1479"
                          HPOS="1219"
                          CONTENT="contemnerem."/>
               </TextLine>
            </TextBlock>
            <TextBlock ID="r_2_2" HEIGHT="417" WIDTH="1524" VPOS="1540" HPOS="248">
               <Shape>
                  <Polygon POINTS="248,1540 1772,1540 1772,1957 248,1957"/>
               </Shape>
               <TextLine ID="tl_13"
                         BASELINE="1585"
                         HEIGHT="44"
                         WIDTH="1393"
                         VPOS="1541"
                         HPOS="375">
                  <String HEIGHT="44"
                          WIDTH="177"
                          VPOS="1541"
                          HPOS="353"
                          CONTENT="Quod"/>
                  <SP HEIGHT="44" WIDTH="22" VPOS="1541" HPOS="530"/>
                  <String HEIGHT="44"
                          WIDTH="221"
                          VPOS="1541"
                          HPOS="463"
                          CONTENT="quidem"/>
                  <SP HEIGHT="44" WIDTH="22" VPOS="1541" HPOS="685"/>
                  <String HEIGHT="44"
                          WIDTH="155"
                          VPOS="1541"
                          HPOS="618"
                          CONTENT="diu"/>
                  <SP HEIGHT="44" WIDTH="22" VPOS="1541" HPOS="773"/>
                  <String HEIGHT="44"
                          WIDTH="243"
                          VPOS="1541"
                          HPOS="707"
                          CONTENT="tentare"/>
                  <SP HEIGHT="44" WIDTH="22" VPOS="1541" HPOS="950"/>
                  <String HEIGHT="44"
                          WIDTH="265"
                          VPOS="1541"
                          HPOS="884"
                          CONTENT="recusavi"/>
                  <SP HEIGHT="44" WIDTH="22" VPOS="1541" HPOS="1149"/>
                  <String HEIGHT="44"
                          WIDTH="199"
                          VPOS="1541"
                          HPOS="1083"
                          CONTENT="atque"/>
                  <SP HEIGHT="44" WIDTH="22" VPOS="1541" HPOS="1282"/>
                  <String HEIGHT="44"
                          WIDTH="133"
                          VPOS="1541"
                          HPOS="1215"
                          CONTENT="me"/>
                  <SP HEIGHT="44" WIDTH="22" VPOS="1541" HPOS="1348"/>
                  <String HEIGHT="44"
                          WIDTH="155"
                          VPOS="1541"
                          HPOS="1282"
                          CONTENT="cum"/>
                  <SP HEIGHT="44" WIDTH="22" VPOS="1541" HPOS="1436"/>
                  <String HEIGHT="44"
                          WIDTH="133"
                          VPOS="1541"
                          HPOS="1370"
                          CONTENT="re"/>
                  <SP HEIGHT="44" WIDTH="22" VPOS="1541" HPOS="1503"/>
                  <String HEIGHT="44"
                          WIDTH="177"
                          VPOS="1541"
                          HPOS="1436"
                          CONTENT="ipsa"/>
                  <SP HEIGHT="44" WIDTH="22" VPOS="1541" HPOS="1613"/>
                  <String HEIGHT="44"
                          WIDTH="243"
                          VPOS="1541"
                          HPOS="1525"
                          CONTENT="comparans"/>
               </TextLine>
               <TextLine ID="tl_14"
                         BASELINE="1645"
                         HEIGHT="43"
                         WIDTH="1481"
                         VPOS="1602"
                         HPOS="287">
                  <String HEIGHT="43"
                          WIDTH="221"
                          VPOS="1602"
                          HPOS="265"
                          CONTENT="multis"/>
                  <SP HEIGHT="43" WIDTH="22" VPOS="1602" HPOS="486"/>
                  <String HEIGHT="43" WIDTH="133" VPOS="1602" HPOS="420" CONTENT="me"/>
                  <SP HEIGHT="43" WIDTH="22" VPOS="1602" HPOS="552"/>
                  <String HEIGHT="43"
                          WIDTH="309"
                          VPOS="1602"
                          HPOS="486"
                          CONTENT="rationibus"/>
                  <SP HEIGHT="43" WIDTH="22" VPOS="1602" HPOS="795"/>
                  <String HEIGHT="43"
                          WIDTH="265"
                          VPOS="1602"
                          HPOS="729"
                          CONTENT="excusare"/>
                  <SP HEIGHT="43" WIDTH="22" VPOS="1602" HPOS="994"/>
                  <String HEIGHT="43"
                          WIDTH="265"
                          VPOS="1602"
                          HPOS="928"
                          CONTENT="tentavi."/>
                  <SP HEIGHT="43" WIDTH="22" VPOS="1602" HPOS="1193"/>
                  <String HEIGHT="43"
                          WIDTH="221"
                          VPOS="1602"
                          HPOS="1127"
                          CONTENT="Quanto"/>
                  <SP HEIGHT="43" WIDTH="22" VPOS="1602" HPOS="1348"/>
                  <String HEIGHT="43"
                          WIDTH="177"
                          VPOS="1602"
                          HPOS="1282"
                          CONTENT="enim"/>
                  <SP HEIGHT="43" WIDTH="22" VPOS="1602" HPOS="1459"/>
                  <String HEIGHT="43"
                          WIDTH="133"
                          VPOS="1602"
                          HPOS="1392"
                          CONTENT="id"/>
                  <SP HEIGHT="43" WIDTH="22" VPOS="1602" HPOS="1525"/>
                  <String HEIGHT="43"
                          WIDTH="177"
                          VPOS="1602"
                          HPOS="1459"
                          CONTENT="quod"/>
                  <SP HEIGHT="43" WIDTH="22" VPOS="1602" HPOS="1635"/>
                  <String HEIGHT="43"
                          WIDTH="221"
                          VPOS="1602"
                          HPOS="1547"
                          CONTENT="petebant"/>
               </TextLine>
               <TextLine ID="tl_15"
                         BASELINE="1709"
                         HEIGHT="45"
                         WIDTH="1518"
                         VPOS="1664"
                         HPOS="249">
                  <String HEIGHT="45" WIDTH="118" VPOS="1664" HPOS="229" CONTENT="15"/>
                  <SP HEIGHT="45" WIDTH="20" VPOS="1664" HPOS="348"/>
                  <String HEIGHT="45"
                          WIDTH="138"
                          VPOS="1664"
                          HPOS="288"
                          CONTENT="usu"/>
                  <SP HEIGHT="45" WIDTH="20" VPOS="1664" HPOS="426"/>
                  <String HEIGHT="45"
                          WIDTH="158"
                          VPOS="1664"
                          HPOS="367"
                          CONTENT="sibi"/>
                  <SP HEIGHT="45" WIDTH="20" VPOS="1664" HPOS="525"/>
                  <String HEIGHT="45"
                          WIDTH="237"
                          VPOS="1664"
                          HPOS="466"
                          CONTENT="optabant"/>
                  <SP HEIGHT="45" WIDTH="20" VPOS="1664" HPOS="702"/>
                  <String HEIGHT="45"
                          WIDTH="256"
                          VPOS="1664"
                          HPOS="643"
                          CONTENT="facilius,"/>
                  <SP HEIGHT="45" WIDTH="20" VPOS="1664" HPOS="900"/>
                  <String HEIGHT="45"
                          WIDTH="177"
                          VPOS="1664"
                          HPOS="840"
                          CONTENT="tanto"/>
                  <SP HEIGHT="45" WIDTH="20" VPOS="1664" HPOS="1018"/>
                  <String HEIGHT="45"
                          WIDTH="177"
                          VPOS="1664"
                          HPOS="959"
                          CONTENT="illud"/>
                  <SP HEIGHT="45" WIDTH="20" VPOS="1664" HPOS="1136"/>
                  <String HEIGHT="45"
                          WIDTH="158"
                          VPOS="1664"
                          HPOS="1077"
                          CONTENT="mihi"/>
                  <SP HEIGHT="45" WIDTH="20" VPOS="1664" HPOS="1235"/>
                  <String HEIGHT="45"
                          WIDTH="158"
                          VPOS="1664"
                          HPOS="1176"
                          CONTENT="actu"/>
                  <SP HEIGHT="45" WIDTH="20" VPOS="1664" HPOS="1333"/>
                  <String HEIGHT="45"
                          WIDTH="296"
                          VPOS="1664"
                          HPOS="1274"
                          CONTENT="iniungebant"/>
                  <SP HEIGHT="45" WIDTH="20" VPOS="1664" HPOS="1570"/>
                  <String HEIGHT="45"
                          WIDTH="276"
                          VPOS="1664"
                          HPOS="1491"
                          CONTENT="difficilius."/>
               </TextLine>
               <TextLine ID="tl_16"
                         BASELINE="1769"
                         HEIGHT="43"
                         WIDTH="1481"
                         VPOS="1726"
                         HPOS="287">
                  <String HEIGHT="43"
                          WIDTH="215"
                          VPOS="1726"
                          HPOS="266"
                          CONTENT="Tandem"/>
                  <SP HEIGHT="43" WIDTH="21" VPOS="1726" HPOS="480"/>
                  <String HEIGHT="43"
                          WIDTH="193"
                          VPOS="1726"
                          HPOS="416"
                          CONTENT="tamen"/>
                  <SP HEIGHT="43" WIDTH="21" VPOS="1726" HPOS="609"/>
                  <String HEIGHT="43"
                          WIDTH="215"
                          VPOS="1726"
                          HPOS="545"
                          CONTENT="victus"/>
                  <SP HEIGHT="43" WIDTH="21" VPOS="1726" HPOS="759"/>
                  <String HEIGHT="43"
                          WIDTH="150"
                          VPOS="1726"
                          HPOS="695"
                          CONTENT="cum"/>
                  <SP HEIGHT="43" WIDTH="21" VPOS="1726" HPOS="845"/>
                  <String HEIGHT="43"
                          WIDTH="215"
                          VPOS="1726"
                          HPOS="781"
                          CONTENT="precum"/>
                  <SP HEIGHT="43" WIDTH="21" VPOS="1726" HPOS="995"/>
                  <String HEIGHT="43"
                          WIDTH="236"
                          VPOS="1726"
                          HPOS="931"
                          CONTENT="modesta"/>
                  <SP HEIGHT="43" WIDTH="21" VPOS="1726" HPOS="1167"/>
                  <String HEIGHT="43"
                          WIDTH="365"
                          VPOS="1726"
                          HPOS="1103"
                          CONTENT="importunitate"/>
                  <SP HEIGHT="43" WIDTH="21" VPOS="1726" HPOS="1468"/>
                  <String HEIGHT="43"
                          WIDTH="150"
                          VPOS="1726"
                          HPOS="1403"
                          CONTENT="tum"/>
                  <SP HEIGHT="43" WIDTH="21" VPOS="1726" HPOS="1553"/>
                  <String HEIGHT="43"
                          WIDTH="215"
                          VPOS="1726"
                          HPOS="1489"
                          CONTENT="studii"/>
                  <SP HEIGHT="43" WIDTH="21" VPOS="1726" HPOS="1704"/>
                  <String HEIGHT="43"
                          WIDTH="150"
                          VPOS="1726"
                          HPOS="1618"
                          CONTENT="eorum"/>
               </TextLine>
               <TextLine ID="tl_17"
                         BASELINE="1831"
                         HEIGHT="43"
                         WIDTH="1482"
                         VPOS="1788"
                         HPOS="288">
                  <String HEIGHT="43"
                          WIDTH="148"
                          VPOS="1788"
                          HPOS="267"
                          CONTENT="non"/>
                  <SP HEIGHT="43" WIDTH="21" VPOS="1788" HPOS="415"/>
                  <String HEIGHT="43"
                          WIDTH="318"
                          VPOS="1788"
                          HPOS="352"
                          CONTENT="contemnenda"/>
                  <SP HEIGHT="43" WIDTH="21" VPOS="1788" HPOS="669"/>
                  <String HEIGHT="43"
                          WIDTH="296"
                          VPOS="1788"
                          HPOS="606"
                          CONTENT="honestate,"/>
                  <SP HEIGHT="43" WIDTH="21" VPOS="1788" HPOS="902"/>
                  <String HEIGHT="43"
                          WIDTH="233"
                          VPOS="1788"
                          HPOS="838"
                          CONTENT="invitus"/>
                  <SP HEIGHT="43" WIDTH="21" VPOS="1788" HPOS="1071"/>
                  <String HEIGHT="43"
                          WIDTH="212"
                          VPOS="1788"
                          HPOS="1008"
                          CONTENT="quidem"/>
                  <SP HEIGHT="43" WIDTH="21" VPOS="1788" HPOS="1220"/>
                  <String HEIGHT="43"
                          WIDTH="233"
                          VPOS="1788"
                          HPOS="1156"
                          CONTENT="propter"/>
                  <SP HEIGHT="43" WIDTH="21" VPOS="1788" HPOS="1389"/>
                  <String HEIGHT="43"
                          WIDTH="148"
                          VPOS="1788"
                          HPOS="1325"
                          CONTENT="rei"/>
                  <SP HEIGHT="43" WIDTH="21" VPOS="1788" HPOS="1474"/>
                  <String HEIGHT="43"
                          WIDTH="360"
                          VPOS="1788"
                          HPOS="1410"
                          CONTENT="difficultatem"/>
                  <SP HEIGHT="43" WIDTH="21" VPOS="1788" HPOS="1770"/>
                  <String HEIGHT="43" WIDTH="85" VPOS="1788" HPOS="1685" CONTENT="et"/>
               </TextLine>
               <TextLine ID="tl_18"
                         BASELINE="1894"
                         HEIGHT="44"
                         WIDTH="1521"
                         VPOS="1850"
                         HPOS="250">
                  <String HEIGHT="44" WIDTH="122" VPOS="1850" HPOS="230" CONTENT="is"/>
                  <SP HEIGHT="44" WIDTH="20" VPOS="1850" HPOS="351"/>
                  <String HEIGHT="44"
                          WIDTH="223"
                          VPOS="1850"
                          HPOS="291"
                          CONTENT="ingenii"/>
                  <SP HEIGHT="44" WIDTH="20" VPOS="1850" HPOS="514"/>
                  <String HEIGHT="44"
                          WIDTH="142"
                          VPOS="1850"
                          HPOS="453"
                          CONTENT="mei"/>
                  <SP HEIGHT="44" WIDTH="20" VPOS="1850" HPOS="595"/>
                  <String HEIGHT="44"
                          WIDTH="365"
                          VPOS="1850"
                          HPOS="534"
                          CONTENT="imbecillitatem"/>
                  <SP HEIGHT="44" WIDTH="20" VPOS="1850" HPOS="899"/>
                  <String HEIGHT="44"
                          WIDTH="162"
                          VPOS="1850"
                          HPOS="838"
                          CONTENT="quod"/>
                  <SP HEIGHT="44" WIDTH="20" VPOS="1850" HPOS="1000"/>
                  <String HEIGHT="44"
                          WIDTH="304"
                          VPOS="1850"
                          HPOS="940"
                          CONTENT="precabantur"/>
                  <SP HEIGHT="44" WIDTH="20" VPOS="1850" HPOS="1244"/>
                  <String HEIGHT="44"
                          WIDTH="223"
                          VPOS="1850"
                          HPOS="1183"
                          CONTENT="incepi,"/>
                  <SP HEIGHT="44" WIDTH="20" VPOS="1850" HPOS="1406"/>
                  <String HEIGHT="44"
                          WIDTH="142"
                          VPOS="1850"
                          HPOS="1345"
                          CONTENT="sed"/>
                  <SP HEIGHT="44" WIDTH="20" VPOS="1850" HPOS="1487"/>
                  <String HEIGHT="44"
                          WIDTH="243"
                          VPOS="1850"
                          HPOS="1426"
                          CONTENT="libenter"/>
                  <SP HEIGHT="44" WIDTH="20" VPOS="1850" HPOS="1670"/>
                  <String HEIGHT="44"
                          WIDTH="183"
                          VPOS="1850"
                          HPOS="1588"
                          CONTENT="propter"/>
               </TextLine>
               <TextLine ID="tl_19"
                         BASELINE="1956"
                         HEIGHT="44"
                         WIDTH="1481"
                         VPOS="1912"
                         HPOS="289">
                  <String HEIGHT="44"
                          WIDTH="199"
                          VPOS="1912"
                          HPOS="267"
                          CONTENT="eorum"/>
                  <SP HEIGHT="44" WIDTH="22" VPOS="1912" HPOS="466"/>
                  <String HEIGHT="44"
                          WIDTH="287"
                          VPOS="1912"
                          HPOS="400"
                          CONTENT="caritatem"/>
                  <SP HEIGHT="44" WIDTH="22" VPOS="1912" HPOS="687"/>
                  <String HEIGHT="44"
                          WIDTH="243"
                          VPOS="1912"
                          HPOS="621"
                          CONTENT="quantum"/>
                  <SP HEIGHT="44" WIDTH="22" VPOS="1912" HPOS="864"/>
                  <String HEIGHT="44"
                          WIDTH="199"
                          VPOS="1912"
                          HPOS="797"
                          CONTENT="potui"/>
                  <SP HEIGHT="44" WIDTH="22" VPOS="1912" HPOS="996"/>
                  <String HEIGHT="44"
                          WIDTH="265"
                          VPOS="1912"
                          HPOS="930"
                          CONTENT="secundum"/>
                  <SP HEIGHT="44" WIDTH="22" VPOS="1912" HPOS="1195"/>
                  <String HEIGHT="44"
                          WIDTH="243"
                          VPOS="1912"
                          HPOS="1129"
                          CONTENT="ipsorum"/>
                  <SP HEIGHT="44" WIDTH="22" VPOS="1912" HPOS="1372"/>
                  <String HEIGHT="44"
                          WIDTH="354"
                          VPOS="1912"
                          HPOS="1306"
                          CONTENT="definitionem"/>
                  <SP HEIGHT="44" WIDTH="22" VPOS="1912" HPOS="1659"/>
                  <String HEIGHT="44"
                          WIDTH="199"
                          VPOS="1912"
                          HPOS="1571"
                          CONTENT="effeci."/>
               </TextLine>
            </TextBlock>
         </PrintSpace>
      </Page>
   </Layout>
</alto>
