2090 3101
294 310 263 44 spiritus.
496 310 142 44 Hac
577 310 202 44 itaque
718 310 222 44 ratione
880 310 243 44 videntur
1062 310 121 44 in
1123 310 162 44 illa
1224 310 162 44 esse
1325 310 142 44 non
1406 310 182 44 solum
1527 310 182 44 multi
1628 310 162 44 patres

295 371 112 43 et
351 371 168 43 filii
463 371 112 43 et
519 371 298 43 procedentes,
761 371 130 43 sed
835 371 112 43 et
891 371 168 43 aliae
984 371 317 43 necessitudines.

251 494 757 43 Capitulum
775 494 466 43 LXIII.

660 556 227 41 Quomodo
825 556 144 41 non
908 556 144 41 sit
990 556 144 41 ibi
1073 556 165 41 nisi
1176 556 165 41 unus
1258 556 165 41 unius.

379 629 141 59 Aut
460 629 182 59 certe
581 629 182 59 pater
702 629 121 59 et
762 629 202 59 filius
903 629 121 59 et
964 629 182 59 eorum
1085 629 242 59 spiritus
1266 629 121 59 de
1327 629 202 59 quibus
1468 629 141 59 iam
1529 629 262 59 certissimum

288 706 144 44 est
371 706 165 44 quia
474 706 165 44 vere
577 706 268 44 existunt,
783 706 144 44 non
865 706 165 44 sunt
968 706 165 44 tres
1071 706 268 44 dicentes,
1277 706 227 44 quamvis
1442 706 247 44 singulus
1607 706 185 44 quisque

293 768 140 43 sit
373 768 220 43 dicens;
533 768 140 43 nec
613 768 160 43 sunt
712 768 180 43 plura
832 768 160 43 quae
932 768 260 43 dicuntur,
1132 768 140 43 cum
1212 768 300 43 unusquisque
1451 768 220 43 seipsum
1611 768 120 43 et
1651 768 140 43 alios

292 830 164 42 duos
395 830 205 42 dicit.
539 830 185 42 Sicut
662 830 164 42 enim
765 830 205 42 summae
909 830 288 42 sapientiae
1135 830 185 42 inest
1258 830 185 42 scire
1381 830 123 42 et
1443 830 329 42 intelligere,
1689 830 103 42 ita

289 891 200 43 utique
429 891 240 43 aeternae
610 891 421 43 incommutabilisque
970 891 261 43 scientiae
1171 891 120 43 et
1231 891 361 43 intelligentiae
1531 891 240 43 naturale
1692 891 100 43 est

293 953 200 44 semper
433 953 120 44 id
493 953 240 44 praesens
673 953 240 44 intueri,
853 953 160 44 quod
953 953 160 44 scit
1053 953 120 44 et
1112 953 300 44 intelligit.
1352 953 180 44 Nihil
1472 953 180 44 autem
1592 953 180 44 aliud
1692 953 100 44 est

291 1015 199 43 summo
423 1015 265 43 spiritui
622 1015 287 43 huiusmodi
842 1015 221 43 dicere
997 1015 176 43 quam
1107 1015 199 43 quasi
1240 1015 287 43 cogitando
1460 1015 265 43 intueri,
1637 1015 154 43 sicut

289 1076 217 42 nostrae
447 1076 198 42 mentis
586 1076 217 42 locutio
744 1076 138 42 non
823 1076 178 42 aliud
941 1076 138 42 est
1020 1076 158 42 quam
1119 1076 277 42 cogitantis
1337 1076 277 42 inspectio.
1534 1076 257 42 Certissimum

290 1138 196 43 autem
421 1138 152 43 iam
508 1138 348 43 consideratae
791 1138 261 43 rationes
987 1138 348 43 reddiderunt:
1270 1138 261 43 quidquid
1466 1138 218 43 summae
1597 1138 196 43 naturae

292 1200 178 44 inest
411 1200 355 44 essentialiter,
707 1200 118 44 id
766 1200 237 44 perfecte
943 1200 257 44 convenire
1141 1200 178 44 patri
1259 1200 118 44 et
1318 1200 178 44 filio
1437 1200 118 44 et
1496 1200 178 44 eorum
1595 1200 197 44 spiritui

288 1262 313 43 singulatim;
539 1262 125 43 et
601 1262 188 43 tamen
727 1262 251 43 idipsum,
915 1262 125 43 si
977 1262 188 43 simul
1103 1262 230 43 dicatur
1270 1262 125 43 de
1332 1262 230 43 tribus,
1500 1262 146 43 non
1562 1262 230 43 admittere

290 1324 365 44 pluralitatem.
590 1324 150 44 Cum
676 1324 172 44 ergo
783 1324 236 44 constet
954 1324 193 44 quia,
1083 1324 193 44 sicut
1212 1324 257 44 pertinet
1405 1324 129 44 ad
1469 1324 172 44 eius
1555 1324 236 44 essentiam

292 1385 237 44 scientia
470 1385 118 44 et
529 1385 355 44 intelligentia,
825 1385 138 44 sic
904 1385 158 44 eius
1003 1385 178 44 scire
1121 1385 118 44 et
1180 1385 296 44 intelligere
1417 1385 138 44 non
1496 1385 138 44 est
1575 1385 178 44 aliud
1674 1385 118 44 quam

289 1447 218 44 dicere,
448 1447 119 44 id
507 1447 139 44 est
586 1447 198 44 semper
725 1447 237 44 praesens
903 1447 218 44 intueri
1061 1447 158 44 quod
1160 1447 158 44 scit
1259 1447 119 44 et
1318 1447 297 44 intelligit:
1556 1447 218 44 necesse
1694 1447 99 44 est

293 1509 136 44 ut,
370 1509 292 44 quemadmodum
604 1509 234 44 singulus
780 1509 175 44 pater
897 1509 117 44 et
955 1509 234 44 singulus
1130 1509 195 44 filius
1267 1509 117 44 et
1325 1509 234 44 singulus
1501 1509 175 44 eorum
1598 1509 195 44 spiritus

293 1570 140 44 est
373 1570 200 44 sciens
513 1570 120 44 et
573 1570 320 44 intelligens,
833 1570 120 44 et
893 1570 180 44 tamen
1013 1570 120 44 hi
1073 1570 160 44 tres
1173 1570 180 44 simul
1293 1570 140 44 non
1373 1570 160 44 sunt
1473 1570 200 44 plures
1593 1570 200 44 scientes

290 1632 133 44 aut
366 1632 343 44 intelligentes,
652 1632 133 44 sed
728 1632 152 44 unus
823 1632 209 44 sciens,
975 1632 152 44 unus
1071 1632 305 44 intelligens:
1318 1632 133 44 ita
1394 1632 228 44 singulus
1566 1632 209 44 quisque
1699 1632 95 44 sit

293 1693 226 42 dicens,
458 1693 144 42 nec
540 1693 185 42 tamen
663 1693 185 42 omnes
786 1693 185 42 simul
909 1693 164 42 tres
1012 1693 267 42 dicentes,
1217 1693 144 42 sed
1299 1693 164 42 unus
1402 1693 226 42 dicens.
1566 1693 164 42 Hinc
1648 1693 144 42 illud

293 1756 208 43 quoque
439 1756 229 43 liquide
605 1756 250 43 cognosci
793 1756 208 43 potest
939 1756 187 43 quia,
1063 1756 146 43 cum
1147 1756 125 43 hi
1209 1756 167 43 tres
1313 1756 250 43 dicuntur
1501 1756 146 43 vel
1584 1756 104 43 a
1605 1756 187 43 seipsis

287 1817 151 44 vel
374 1817 129 44 ab
438 1817 258 44 invicem,
632 1817 151 44 non
718 1817 172 44 sunt
825 1817 194 44 plura
954 1817 172 44 quae
1062 1817 280 44 dicuntur.
1277 1817 172 44 Quid
1384 1817 215 44 namque
1535 1817 151 44 ibi
1599 1817 194 44 dicitur

291 1879 177 43 nisi
401 1879 199 43 eorum
534 1879 287 43 essentia?
754 1879 132 43 Si
821 1879 177 43 ergo
931 1879 177 43 illa
1041 1879 155 43 una
1130 1879 177 43 sola
1240 1879 177 43 est,
1351 1879 177 43 unum
1461 1879 199 43 solum
1593 1879 155 43 est
1660 1879 132 43 quod

293 1940 243 44 dicitur.
475 1940 162 44 Ergo
577 1940 122 44 si
637 1940 162 44 unum
739 1940 142 44 est
820 1940 122 44 in
881 1940 182 44 illis
1002 1940 162 44 quod
1104 1940 203 44 dicit,
1246 1940 122 44 et
1306 1940 162 44 unum
1408 1940 162 44 quod
1509 1940 223 44 dicitur
1692 1940 101 44 una

289 2002 198 44 quippe
428 2002 257 44 sapientia
625 2002 138 44 est
704 2002 158 44 quae
803 2002 119 44 in
863 2002 178 44 illis
981 2002 198 44 dicit,
1120 2002 119 44 et
1179 2002 138 44 una
1258 2002 277 44 substantia
1476 2002 158 44 quas
1574 2002 218 44 dicitur
1713 2002 79 44 ,

292 2064 312 44 consequitur
542 2064 146 44 non
625 2064 146 44 ibi
709 2064 167 44 esse
813 2064 187 44 plura
938 2064 187 44 verba
1063 2064 146 44 sed
1146 2064 187 44 unum.
1271 2064 187 44 Licet
1396 2064 208 44 igitur
1521 2064 271 44 unusquisque
