2090 3101
289 385 133 46 Ad
355 385 177 46 quod
466 385 155 46 cum
555 385 133 46 ea
622 385 155 46 spe
710 385 155 46 sim
799 385 288 46 adductus,
1021 385 133 46 ut
1087 385 266 46 quidquid
1287 385 266 46 facerem,
1486 385 200 46 illis
1620 385 200 46 solis
1730 385 67 46 a

290 448 215 45 quibus
441 448 323 45 exigebatur,
699 448 194 45 esset
828 448 215 45 notum,
979 448 129 45 et
1043 448 194 45 paulo
1172 448 172 45 post
1280 448 215 45 eisdem
1430 448 237 45 idipsum
1602 448 129 45 ut
1645 448 151 45 vilem

290 510 150 42 rem
375 510 387 42 fastidientibus
698 510 279 42 contemptu
913 510 193 42 esset
1042 510 279 42 obruendum
1257 510 107 42 —
1300 510 172 42 scio
1407 510 172 42 enim
1515 510 129 42 me
1579 510 129 42 in
1644 510 129 42 eo
1708 510 150 42 non
1773 510 64 42 r

289 572 151 44 tam
376 572 323 44 procantibus
634 572 323 44 satisfacere
892 572 280 44 potuisse,
1108 572 172 44 quam
1216 572 258 44 precibus
1409 572 129 44 me
1452 572 345 44 prosequentibus

288 635 197 43 finem
419 635 262 43 posuisse
616 635 131 43 —:
682 635 219 43 nescio
834 635 197 43 tamen
966 635 153 43 quo
1053 635 197 43 pacto
1184 635 153 43 sic
1272 635 240 43 praeter
1446 635 175 43 spem
1556 635 240 43 evenit,
1709 635 87 43 ut

292 696 135 43 non
369 696 174 43 solum
485 696 251 43 praedicti
678 696 232 43 fratres,
852 696 135 43 sed
929 696 116 43 et
987 696 193 43 plures
1122 696 154 43 alii
1218 696 270 43 scripturam
1431 696 174 43 ipsam
1546 696 212 43 quisque
1701 696 154 43 sibi
1778 696 58 43 s

289 758 152 43 eam
376 758 369 43 transcribendo
680 758 130 43 in
746 758 217 43 longum
898 758 261 43 memoriae
1093 758 304 43 commendare
1311 758 282 43 satagerent.

380 820 162 43 Quam
481 820 142 43 ego
562 820 182 43 saepe
683 820 283 43 retractans
906 820 182 43 nihil
1028 820 182 43 potui
1149 820 243 43 invenire
1331 820 121 43 me
1392 820 121 43 in
1453 820 121 43 ea
1514 820 243 43 dixisse,
1676 820 121 43 quod

289 882 153 43 non
376 882 349 43 catholicorum
660 882 218 43 patrum
813 882 131 43 et
878 882 218 43 maxime
1031 882 196 43 beati
1162 882 284 43 AUGUSTINI
1380 882 262 43 scriptis
1576 882 284 43 cohaereat
1773 882 65 43 s

290 944 293 43 Quapropter
520 944 125 43 si
583 944 146 43 cui
667 944 293 43 videbitur,
897 944 167 43 quod
1001 944 125 43 in
1064 944 188 43 e^dem
1189 944 251 43 opusculo
1378 944 230 43 aliquid
1524 944 272 43 protulerim,

290 1006 170 43 quod
396 1006 149 43 aut
481 1006 191 43 nimis
608 1006 191 43 novum
736 1006 149 43 sil
820 1006 149 43 aut
905 1006 106 43 a
948 1006 255 43 veritate
1139 1006 318 43 dissentiat:
1394 1006 191 43 rogo,
1521 1006 127 43 ne
1585 1006 212 43 statim
1712 1006 85 43 me

291 1069 141 43 aut
371 1069 342 43 praesumptorem
653 1069 261 43 novitatum
853 1069 141 43 aut
934 1069 281 43 falsitatis
1155 1069 281 43 assertorem
1376 1069 261 43 exclamet,
1577 1069 141 43 sed
1657 1069 181 43 prius
1758 1069 80 43 12

292 1131 193 43 libros
427 1131 232 43 praefati
601 1131 232 43 doctoris
774 1131 251 43 AUGUSTINI
968 1131 116 43 De
1026 1131 251 43 trinitate
1219 1131 270 43 diligenter
1431 1131 290 43 perspiciat,
1644 1131 154 43 deinde

289 1192 266 43 secundum
488 1192 155 43 eos
577 1192 288 43 opusculum
799 1192 177 43 meum
910 1192 311 43 diiudicet.
1154 1192 177 43 Quod
1265 1192 177 43 enim
1376 1192 177 43 dixi
1486 1192 222 43 summam
1620 1192 177 43 trini-

292 1255 174 42 tatem
408 1255 174 42 posse
523 1255 155 42 dici
620 1255 155 42 tres
717 1255 309 42 substantias,
968 1255 212 42 Graecos
1122 1255 212 42 secutus
1277 1255 155 42 sum,
1373 1255 135 42 qui
1451 1255 290 42 confitentur
1682 1255 155 42 tres
1760 1255 77 42 's

289 1316 333 44 substantias
555 1316 133 44 in
622 1316 155 44 una
710 1316 244 44 persona
888 1316 200 44 eadem
1021 1316 200 44 fide,
1154 1316 155 44 qua
1243 1316 155 44 nos
1331 1316 177 44 tres
1442 1316 266 44 personas
1642 1316 133 44 in
1686 1316 111 44 una

289 1379 328 43 substantia.
552 1379 153 43 Nam
639 1379 153 43 hoc
726 1379 328 43 significant
989 1379 131 43 in
1055 1379 153 43 deo
1142 1379 153 43 per
1229 1379 350 43 substantiam,
1514 1379 175 43 quod
1623 1379 153 43 nos
1689 1379 109 43 per

291 1441 268 43 personam.
498 1441 289 43 Quaecumque
724 1441 186 43 autem
848 1441 144 43 ibi
931 1441 186 43 dixi,
1054 1441 144 43 sub
1137 1441 227 43 persona
1302 1441 186 43 secum
1426 1441 165 43 sola
1529 1441 309 43 cogitatione
1756 1441 82 43 is

292 1503 314 43 disputantis
543 1503 125 43 et
606 1503 355 43 investigantis
898 1503 125 43 ea
961 1503 167 43 quae
1065 1503 188 43 prius
1191 1503 146 43 non
1274 1503 418 43 animadvertisset,
1609 1503 188 43 prolata

292 1565 184 43 sunt,
414 1565 184 43 sicut
537 1565 225 43 sciebam
700 1565 143 43 eos
782 1565 184 43 velle
904 1565 204 43 quorum
1047 1565 266 43 petitioni
1252 1565 225 43 obsequi
1394 1565 266 43 intendebam.

380 1627 208 43 Precor
526 1627 187 43 autem
650 1627 125 43 et
713 1627 229 43 obsecro
879 1627 312 43 vehementer,
1128 1627 125 43 si
1191 1627 166 43 quis
1295 1627 145 43 hoc
1378 1627 270 43 opusculum
1586 1627 249 43 voluerit
1752 1627 83 43 21

295 1689 319 44 transcribere,
558 1689 113 44 ut
614 1689 150 44 hanc
708 1689 300 44 praefationem
952 1689 113 44 in
1009 1689 188 44 capite
1140 1689 206 44 libelli
1290 1689 150 44 ante
1384 1689 150 44 ipsa
1478 1689 225 44 capitula
1628 1689 169 44 studeat

292 1752 301 43 praeponere.
533 1752 201 43 Multum
673 1752 160 43 enim
773 1752 241 43 prodesse
954 1752 160 43 puto
1054 1752 120 43 ad
1114 1752 321 43 intelligenda
1375 1752 120 43 ea
1435 1752 160 43 quae
1535 1752 140 43 ibi
1595 1752 201 43 legerit,

292 1814 120 43 si
352 1814 161 43 quis
453 1814 201 43 prius,
593 1814 141 43 qua
673 1814 281 43 intentione
894 1814 181 43 quove
1015 1814 161 43 modo
1115 1814 261 43 disputata
1316 1814 181 43 sint,
1436 1814 301 43 cognoverit.
1677 1814 161 43 Puto
1758 1814 80 43 24

290 1876 194 43 etiam
420 1876 194 43 quod,
549 1876 129 43 si
613 1876 172 43 quis
721 1876 172 43 hanc
829 1876 194 43 ipsam
958 1876 344 43 praefationem
1237 1876 194 43 prius
1367 1876 258 43 viderit,
1560 1876 151 43 non
1625 1876 172 43 temere

292 1938 282 43 indicabit,
513 1938 121 43 si
574 1938 161 43 quid
674 1938 201 43 contra
815 1938 161 43 suam
916 1938 262 43 opinionem
1117 1938 242 43 prolatum
1278 1938 242 43 invenerit.
