2090 3101
257 420 145 46 aut
340 420 248 46 patiendo
526 420 269 46 molestiis
733 420 248 46 subiacet
920 420 145 46 aut
1002 420 186 46 falsa
1126 420 290 46 securitate
1354 420 269 46 fallitur:
1561 420 166 46 quid
1644 420 124 46 nisi

257 482 201 45 misere
398 482 201 45 vivit?
539 482 121 45 Si
599 482 161 45 quis
700 482 181 45 autem
821 482 121 45 ab
881 482 141 45 iis
962 482 181 45 liber
1082 482 201 45 vivit,
1223 482 181 45 beate
1344 482 201 45 vivit.
1485 482 141 45 Sed
1546 482 221 45 absurdis-

254 545 203 44 simum
390 545 158 44 est
480 545 135 44 ut
548 545 226 44 aliqua
706 545 226 44 natura
864 545 226 44 semper
1022 545 226 44 amando
1180 545 203 44 illum
1315 545 158 44 qui
1406 545 158 44 est
1496 545 203 44 summe
1609 545 158 44 bonus

254 607 140 46 et
324 607 349 46 omnipotens,
603 607 233 46 semper
766 607 233 46 misere
929 607 233 46 vivat.
1092 607 233 46 Liquet
1255 607 233 46 igitur
1418 607 256 46 humanam
1581 607 186 46 animam

255 669 281 44 huiusmodi
471 669 194 44 esse,
601 669 130 44 ut
666 669 130 44 si
731 669 216 44 servet
882 669 130 44 id
947 669 130 44 ad
1012 669 173 44 quod
1120 669 173 44 est,
1228 669 281 44 aliquando
1444 669 173 44 vere
1552 669 216 44 secura
1682 669 86 44 ab

257 733 162 44 ipsa
358 733 182 44 morte
479 733 121 44 et
540 733 162 44 omni
641 733 162 44 alia
742 733 243 44 molestia
924 733 182 44 beate
1025 733 162 44 vivat.

818 856 334 43 Capitulum
1050 856 154 43 LXX.

618 918 163 43 Quod
719 918 163 43 illa
821 918 122 43 se
882 918 203 43 amanti
1025 918 224 43 seipsam
1167 918 244 43 retribuat.

347 992 223 59 Denique
509 992 284 59 nullatenus
732 992 183 59 verum
854 992 203 59 videri
996 992 223 59 potest,
1158 992 122 59 ut
1219 992 304 59 justissimus
1463 992 122 59 et
1503 992 264 59 potentissi-

257 1068 141 45 mus
337 1068 181 45 nihil
458 1068 262 45 retribuat
660 1068 201 45 amanti
801 1068 121 45 se
861 1068 363 45 perseveranter,
1164 1068 141 45 cui
1244 1068 141 45 non
1325 1068 201 45 amanti
1466 1068 222 45 tribuit
1607 1068 161 45 essen-

256 1131 166 44 tiam
360 1131 124 44 ut
422 1131 187 44 amans
547 1131 166 44 esse
650 1131 228 44 posset.
816 1131 124 44 Si
878 1131 166 44 enim
982 1131 187 44 nihil
1106 1131 270 44 retribuit
1314 1131 228 44 amanti,
1480 1131 145 44 non
1542 1131 228 44 discernit

254 1193 329 43 justissimus
517 1193 197 43 inter
649 1193 241 43 amantem
824 1193 132 43 et
890 1193 351 43 contemnentem
1175 1193 132 43 id
1241 1193 175 43 quod
1350 1193 197 43 summe
1482 1193 197 43 amari
1592 1193 175 43 debet;

255 1255 149 45 nec
340 1255 171 45 amat
447 1255 235 45 amantem
617 1255 149 45 se;
703 1255 149 45 aut
788 1255 149 45 non
873 1255 235 45 prodest
1044 1255 128 45 ab
1108 1255 171 45 illo
1214 1255 213 45 amari.
1364 1255 171 45 Quae
1470 1255 192 45 omnia
1598 1255 128 45 ab
1641 1255 128 45 illo

257 1319 279 42 dissonant.
476 1319 259 42 Retribuit
675 1319 199 42 igitur
815 1319 159 42 omni
914 1319 119 42 se
974 1319 179 42 amare
1073 1319 299 42 perseveranti.

345 1381 167 39 Quid
450 1381 188 39 autem
575 1381 293 39 retribuit?
805 1381 126 39 Si
868 1381 209 39 nihilo
1015 1381 188 39 dedit
1140 1381 293 39 rationalem
1370 1381 272 39 essentiam
1580 1381 126 39 ut
1622 1381 146 39 amans

255 1442 219 45 esset:
409 1442 176 45 quid
518 1442 197 45 dabit
650 1442 219 45 amanti
804 1442 132 45 si
869 1442 197 45 amare
1001 1442 154 45 non
1089 1442 241 45 cesset?
1264 1442 132 45 Si
1330 1442 154 45 tam
1418 1442 219 45 grande
1572 1442 154 45 est
1637 1442 132 45 quod

254 1505 195 44 amori
384 1505 303 44 famulatur:
622 1505 173 44 quam
730 1505 216 44 grande
882 1505 151 44 est
968 1505 173 44 quod
1077 1505 195 44 amori
1206 1505 389 44 recompensatur?
1531 1505 130 44 Et
1596 1505 130 44 si
1639 1505 130 44 tale

255 1567 147 44 est
339 1567 210 44 amoris
486 1567 336 44 fulcimentum:
760 1567 189 44 quale
886 1567 147 44 est
970 1567 210 44 amoris
1117 1567 336 44 emolumentum?
1390 1567 147 44 Nam
1475 1567 126 44 si
1517 1567 252 44 rationalis

256 1629 277 44 creatura,
469 1629 171 44 quae
575 1629 171 44 sibi
682 1629 256 44 inutilis
874 1629 149 44 est
959 1629 171 44 sine
1066 1629 149 44 hoc
1151 1629 213 44 amore,
1300 1629 149 44 sic
1385 1629 213 44 eminet
1535 1629 128 44 in
1577 1629 192 44 omnibus

256 1692 279 44 creaturis:
475 1692 199 44 utique
614 1692 179 44 nihil
734 1692 199 44 potest
873 1692 159 44 esse
973 1692 239 44 praemium
1152 1692 179 44 huius
1271 1692 219 44 amoris,
1431 1692 159 44 nisi
1530 1692 159 44 quod
1610 1692 159 44 super-

254 1754 220 43 eminet
408 1754 132 43 in
474 1754 242 43 omnibus
649 1754 263 43 naturis.
847 1754 220 43 Etenim
1001 1754 176 43 idem
1110 1754 198 43 ipsum
1242 1754 198 43 bonum
1374 1754 176 43 quod
1484 1754 154 43 sic
1571 1754 132 43 se
1615 1754 154 43 amari

253 1817 249 44 exigit,
434 1817 158 44 non
525 1817 204 44 minus
661 1817 136 44 se
729 1817 136 44 ab
797 1817 226 44 amante
955 1817 317 44 desiderari
1204 1817 226 44 cogit.
1363 1817 158 44 Nam
1453 1817 181 44 quis
1566 1817 158 44 sic
1634 1817 136 44 amet

254 1878 291 44 justitiam,
483 1878 291 44 veritatem,
711 1878 353 44 beatitudinem,
1002 1878 498 44 incorruptibilitatem,
1438 1878 125 44 ut
1500 1878 145 44 iis
1583 1878 166 44 frui
1666 1878 104 44 non

252 1941 264 45 appetat?
450 1941 176 45 Quid
560 1941 176 45 ergo
669 1941 198 45 summa
801 1941 242 45 bonitas
977 1941 286 45 retribuet
1197 1941 220 45 amanti
1351 1941 132 45 et
1416 1941 330 45 desideranti
1658 1941 110 45 se,

254 2004 164 43 nisi
356 2004 246 43 seipsam?
540 2004 143 43 Nam
622 2004 246 43 quidquid
806 2004 184 43 aliud
929 2004 246 43 tribuat,
1114 2004 143 43 non
1196 2004 287 43 retribuit,
1421 2004 164 43 quia
1523 2004 143 43 nec
1585 2004 184 43 compen-

250 2066 204 35 satur
386 2066 204 35 amori
522 2066 159 35 nec
613 2066 317 35 consolatur
862 2066 249 35 amantem
1044 2066 159 35 nec
1134 2066 227 35 satiat
1293 2066 385 35 desiderantem.
1610 2066 159 35 Aut
1678 2066 91 35 si

252 2128 130 42 se
317 2128 173 42 vult
426 2128 195 42 amari
555 2128 130 42 et
620 2128 325 42 desiderari,
880 2128 130 42 ut
945 2128 195 42 aliud
1075 2128 303 42 retribuat:
1313 2128 152 42 non
1400 2128 130 42 se
1465 2128 173 42 vult
1573 2128 195 42 amari
1681 2128 87 42 et

252 2190 303 45 desiderari
491 2190 238 45 propter
664 2190 130 45 se
729 2190 152 45 sed
816 2190 238 45 propter
989 2190 217 45 aliud,
1141 2190 130 45 et
1206 2190 152 45 sic
1292 2190 152 45 non
1379 2190 130 45 se
1444 2190 173 45 vult
1552 2190 195 45 amari
1661 2190 108 45 sed

253 2252 208 45 aliud;
399 2252 166 45 quod
502 2252 249 45 cogitare
689 2252 187 45 nefas
814 2252 166 45 est.
917 2252 187 45 Nihil
1042 2252 166 45 ergo
1146 2252 228 45 verius,
1312 2252 166 45 quam
1415 2252 166 45 quod
1519 2252 187 45 omnis
1623 2252 145 45 anima

250 2315 344 44 rationalis,
525 2315 138 44 si
594 2315 344 44 quemadmodum
870 2315 207 44 debet
1008 2315 252 44 studeat
1191 2315 230 44 amando
1352 2315 321 44 desiderare
1581 2315 184 44 summam

253 2376 348 45 beatitudinem,
539 2376 266 45 aliquando
744 2376 184 45 illam
867 2376 123 45 ad
928 2376 246 45 fruendum
1112 2376 287 45 percipiat.
1337 2376 123 45 Ut
1399 2376 164 45 quod
1501 2376 205 45 nunc
1624 2376 143 45 videt
