1776 2343
493 186 1568 282 licet opera de quibus quesivisti apellem manifesta,
500 284 1575 345 erunt tamen inęstimabilia, & vulgo illusiones, &
497 343 1575 416 quasi phantasmata: Et ideo quo ad vulgum se¬
500 394 1567 466 creta sunt, Astrologis vero & Naturalibus erunt
500 463 1563 543 manifesta, & ipsis erunt solatium, sicuti & prove¬
491 522 1505 589 ctis & maioribus fient non modici iuvamenti.
596 629 1474 762 CAP: II QUALIS DEBEAT
756 712 1306 812 esse huius operis artifex.
548 855 1573 944 Scito charissime, quod oportet artificem huius
500 877 1577 1005 operis scire rerum naturas, nec ignarum esse coe¬
500 979 1573 1065 lestium motuum: Sed oportet ipsum esse indu¬
502 1040 1574 1129 striosum in opere manuum etiam, ad hoc ut osten
506 1108 1576 1182 dat per huius lapidis opus, effectus mirabiles.
505 1169 1583 1254 Nam per suam industriam poterit corrigere ex mo¬
504 1229 1574 1297 dico errorem, quod inęternum per naturam Mathe
504 1299 1571 1376 maticus alias non faceret, si manuum careret in¬
502 1357 1576 1435 dustria. In occultis enim operibus multum indi¬
512 1414 1581 1493 gemus industria manuali, & ut plurimum sine ea
501 1468 1575 1551 nihil possumus facere completum. Multa namque
506 1533 1575 1622 subiacent imperio rationis, quę nisi manu comple¬
501 1596 923 1698 re non possumus.
597 1741 1481 1824 CAP: III DE COGNITIO¬
819 1803 1244 1896 ne Lapidis huius,
