1768 2280
227 172 1315 268 Horizonti, vel limbo vasis, quod idem est: Alte¬
227 263 1302 330 rum vero lapidem in manu teneas, & adproxima
228 317 1313 406 partem Septemtrionalem lapidis quem tenes, parti
229 395 1296 463 Meridionali lapidis natantis in vase, sequetur enim
233 445 1305 508 tunc lapis natans, eum lapidem quem tenes, qua¬
233 499 1295 579 si volens ei adherere: Et partem Meridionalem,
235 557 1295 631 lapidis quem baiulas, econverso parti Septemtrio¬
229 621 1295 694 nali lapidis natantis pretende, accidet illud idem,
235 693 1305 766 videlicet quod lapis natans sequitur lapidem quem
225 750 1303 836 tenebis. Scito ergo pro regula, quod pars Sep¬
233 805 1300 887 temtrionalis in lapide, partem Meridionalem po¬
234 868 1305 940 test attrahere in alio lapide, Et Meridionalis Sep¬
233 932 1300 996 temtrionalem. Quod si econtra feceris, videlicet
231 1005 1299 1072 quod Septemtrionalem Septemtrionali adproxi¬
230 1060 1292 1123 mes, lapis quem in manu baiulas, lapidem na¬
232 1125 1294 1192 tantem in aqua fugare videbitur: Si Meridionalem
226 1178 1297 1264 Meridionali adiungas, hoc idem accidet, Et hoc
233 1239 1290 1328 ideo, quia pars Septemtrionalis adpetit Meridio
236 1306 1289 1385 nalem, quare Septemtrionalem fugare videbitur,
234 1363 1302 1449 Cuius signum est quia Septemtrionalis finaliter
236 1424 1300 1491 Meridionali iungetur. Econtra autem accidit
238 1489 1296 1548 de reliqua parte Meridionali, quia si protendatur
231 1545 1295 1612 Meridionali parti natanti, videbis illico eam fu¬
236 1623 1298 1688 gare, Cum tamen non faciat, sicut dictum est, in
242 1674 1298 1751 parte Septemtrionali ad Meridionalem. Et ex hoc
230 1739 1303 1805 evertitur quorundam fatuitas, dicentium quod si
234 1793 1300 1860 Scammonea choleram ratione similitudinis attrahit,
