1746 2314
519 188 1557 287 Pars autem Septemtrionalis lapidis Meridio¬
484 268 1557 343 nalem attrahit, & econverso, ut dictum est: In cu¬
468 344 1553 414 ius attractione, lapidis fortioris virtus agens, de¬
476 388 1553 479 bilioris vero patiens est. Huius autem rei caus¬
477 453 1553 532 sam, per hanc viam fieri iam existimo, Agens enim
480 517 1536 590 intendit suum patiens, non solum sibi adsciscere,
475 589 1545 648 sed etiam unire, ut ex agente & patiente, fiat unum
469 640 1548 718 per naturam: Et hoc potest experiri in isto lapide
476 700 1530 772 mirabili in hunc modum, Sume lapidem unum.
471 764 1537 840 quem fingas A, D. in quo sit A. Septemtrionale,
481 830 1544 911 D. vero Meridionale punctum. Et ipsum in duas
462 883 1545 966 partes divide, ut fiant duo lapides ex eo, Postea
478 951 1539 1028 lapidem, qui A. tenet, aquę exponas, ut fluctuet,
470 1029 1549 1085 & videbis quod A. vertetur ad Septemtrionem
480 1084 1550 1150 ut prius: Fractura enim non tollit proprietates
472 1135 1550 1222 partium lapidis, cum lapis sit unigeneus, Et sic
472 1201 1534 1278 oportet quod pars huius lapidis in ipsa fractura,
474 1262 1532 1342 quae sit B. meridionalis existat. Hic ergo lapis,
478 1326 1532 1390 de quo dictum est nunc, fingatur A. B. de re¬
463 1378 1537 1471 liquo & qui D. tenet, si aquae exponatur, vide¬
466 1446 1542 1536 bis quod D. erit Meridionalis, ut prius, quia
470 1527 1534 1590 vertetur ad Meridiem in aqua: Pars vero reliqua,
475 1571 1534 1641 ex parte fracturae Septemtrionalis erit, quae sit C.
473 1640 1532 1710 Erit ergo iste lapis C. D. Primus lapis A. B. sit a¬
462 1695 1536 1778 gens, C. D. patiens: sicque vides quod duae partes
471 1757 1534 1845 duorum lapidum, quę ante separationem in uno
455 1818 1540 1912 lapide erant continuae, post separationem una in¬
