<?xml version="1.0" encoding="UTF-8" standalone="yes"?>
<PcGts xmlns="http://schema.primaresearch.org/PAGE/gts/pagecontent/2013-07-15" xmlns:xsi="http://www.w3.org/2001/XMLSchema-instance" xsi:schemaLocation="http://schema.primaresearch.org/PAGE/gts/pagecontent/2013-07-15 http://schema.primaresearch.org/PAGE/gts/pagecontent/2013-07-15/pagecontent.xsd">
    <Metadata>
        <Creator>prov=University of Rostock/Institute of Mathematics/CITlab|PLANET AI GmbH/Gundram Leifert/gundram.leifert@planet-ai.de:name=Noscemus GM 2.2(htr_id=23650)::::v=2.6.6
prov=University of Rostock/Institute of Mathematics/CITlab|PLANET AI GmbH/Tobias Gruening/tobias.gruening@planet-ai.de:name=de.uros.citlab.module.baseline2polygon.B2PSeamMultiOriented:v=2.6.6
prov=University of Rostock/Institute of Mathematics/CITlab|PLANET AI GmbH/Tobias Gruening/tobias.gruening@planet-ai.de:name=/net_tf/LA73_249_0mod360.pb:de.uros.citlab.segmentation.CITlab_LA_ML:v=2.6.6
Transkribus</Creator>
        <Created>2020-06-15T12:51:41.763+02:00</Created>
        <LastChange>2021-03-17T01:28:38.156+01:00</LastChange>
        <TranskribusMetadata docId="628571" pageId="24722476" pageNr="34" tsid="53789083" status="DONE" userId="25065" imgUrl="https://files.transkribus.eu/Get?id=KTOYFOHLHQWTNTQETJGATMMY&amp;fileType=view" xmlUrl="https://files.transkribus.eu/Get?id=QCCUYDMRRUJLCUXWFFDHSUDR" imageId="12053244"/>
    </Metadata>
    <Page imageFilename="33.jpg" imageWidth="1755" imageHeight="2314">
        <ReadingOrder>
            <OrderedGroup id="ro_1615941406710" caption="Regions reading order">
                <RegionRefIndexed index="0" regionRef="TextRegion_1607965247587_1372"/>
            </OrderedGroup>
        </ReadingOrder>
        <TextRegion orientation="0.0" type="paragraph" id="TextRegion_1607965247587_1372" custom="readingOrder {index:0;} structure {type:paragraph;}">
            <Coords points="480,209 1563,209 1563,1831 480,1831"/>
            <TextLine id="r1l1" custom="readingOrder {index:0;}">
                <Coords points="474,274 1555,243 1554,193 1411,173 473,206"/>
                <Baseline points="480,248 533,247 586,246 640,245 693,244 747,243 800,243 853,242 907,242 960,241 1014,241 1067,241 1120,240 1174,240 1227,240 1281,240 1334,239 1387,239 1441,239 1494,239 1548,238"/>
                <TextEquiv>
                    <Unicode>quod si C. Meridionale iungatur cum A. Septem¬</Unicode>
                </TextEquiv>
            </TextLine>
            <TextLine id="r1l2" custom="readingOrder {index:1;}">
                <Coords points="481,341 601,312 1525,329 1555,255 481,277"/>
                <Baseline points="488,309 541,308 594,308 647,307 700,307 753,306 806,305 859,305 912,304 965,303 1018,303 1071,302 1124,302 1177,302 1230,301 1283,301 1336,301 1389,301 1442,301 1495,302 1549,302"/>
                <TextEquiv>
                    <Unicode>trionali, quod est contra expertam veritatem, quod</Unicode>
                </TextEquiv>
            </TextLine>
            <TextLine id="r1l3" custom="readingOrder {index:2;}">
                <Coords points="481,397 1497,392 1554,385 1554,323 755,339 601,312 481,349"/>
                <Baseline points="488,371 543,370 599,369 655,369 710,368 766,368 822,367 878,366 933,366 989,365 1045,365 1101,364 1156,364 1212,364 1268,363 1324,363 1379,363 1435,363 1491,363 1547,363"/>
                <TextEquiv>
                    <Unicode>ex illis duabus lineis fiat una linea secundum hunc</Unicode>
                </TextEquiv>
            </TextLine>
            <TextLine id="r1l4" custom="readingOrder {index:3;}">
                <Coords points="475,440 1551,445 1528,382 475,397"/>
                <Baseline points="482,431 535,431 588,431 641,431 694,431 747,430 800,430 853,429 906,429 959,428 1013,427 1066,427 1119,426 1172,426 1225,425 1278,425 1331,425 1384,424 1437,425 1490,425 1544,425"/>
                <TextEquiv>
                    <Unicode>ordinem B. A. C. D. Vt autem sint in puncto uno</Unicode>
                </TextEquiv>
            </TextLine>
            <TextLine id="r1l5" custom="readingOrder {index:4;}">
                <Coords points="483,523 814,492 883,521 1489,517 1549,507 1549,459 847,435 566,469 482,439"/>
                <Baseline points="490,496 542,495 595,494 647,493 700,492 753,491 805,490 858,490 910,489 963,489 1016,488 1068,488 1121,488 1173,487 1226,487 1279,487 1331,487 1384,486 1436,486 1489,486 1542,485"/>
                <TextEquiv>
                    <Unicode>D., quod erat Meridies antequam unirentur, re¬</Unicode>
                </TextEquiv>
            </TextLine>
            <TextLine id="r1l6" custom="readingOrder {index:5;}">
                <Coords points="480,587 724,554 1403,580 1553,564 1553,515 480,524"/>
                <Baseline points="486,555 539,554 592,553 645,552 698,552 751,551 804,551 857,551 910,550 963,550 1016,550 1069,550 1122,550 1175,550 1228,550 1281,550 1334,549 1387,549 1440,549 1493,548 1546,548"/>
                <TextEquiv>
                    <Unicode>quiritur in hac linea totali A. B., quod reliqua ex¬</Unicode>
                </TextEquiv>
            </TextLine>
            <TextLine id="r1l7" custom="readingOrder {index:6;}">
                <Coords points="487,632 1537,634 1552,576 487,581"/>
                <Baseline points="494,616 546,615 599,614 651,613 704,613 757,612 809,612 862,611 914,611 967,611 1020,611 1072,611 1125,611 1177,611 1230,610 1283,610 1335,610 1388,610 1440,609 1493,609 1546,608"/>
                <TextEquiv>
                    <Unicode>tremitas sit Septemtrionalis, quae prius tamen</Unicode>
                </TextEquiv>
            </TextLine>
            <TextLine id="r1l8" custom="readingOrder {index:7;}">
                <Coords points="492,684 1519,701 1550,630 491,633"/>
                <Baseline points="498,677 550,676 602,676 654,676 707,675 759,675 811,674 863,674 916,674 968,673 1020,673 1072,673 1125,673 1177,672 1229,672 1281,672 1334,672 1386,671 1438,671 1490,671 1543,671"/>
                <TextEquiv>
                    <Unicode>erat Meridionalis, Ecce dissipatur idemtitas seu</Unicode>
                </TextEquiv>
            </TextLine>
            <TextLine id="r1l9" custom="readingOrder {index:8;}">
                <Coords points="483,742 662,739 703,771 1540,751 1540,696 1493,683 483,689"/>
                <Baseline points="490,737 542,737 594,737 646,737 698,737 750,737 802,737 855,737 907,737 959,736 1011,736 1063,736 1115,736 1167,735 1220,735 1272,735 1324,734 1376,734 1428,734 1480,733 1533,733"/>
                <TextEquiv>
                    <Unicode>similitudo prior. Vel si ponas B. Meridionale.</Unicode>
                </TextEquiv>
            </TextLine>
            <TextLine id="r1l10" custom="readingOrder {index:9;}">
                <Coords points="483,815 1530,823 1553,751 611,777 482,752"/>
                <Baseline points="490,800 542,800 595,799 648,799 701,799 754,799 807,798 859,798 912,798 965,798 1018,797 1071,797 1124,797 1177,797 1229,796 1282,796 1335,796 1388,795 1441,795 1494,794 1547,794"/>
                <TextEquiv>
                    <Unicode>sicut erat antequam unirentur, requiritur quod</Unicode>
                </TextEquiv>
            </TextLine>
            <TextLine id="r1l11" custom="readingOrder {index:10;}">
                <Coords points="485,878 1557,876 1557,817 1419,804 1169,836 1120,806 485,817"/>
                <Baseline points="492,862 544,861 597,861 650,861 703,860 756,860 809,860 862,859 915,859 968,859 1021,859 1073,858 1126,858 1179,858 1232,858 1285,858 1338,857 1391,857 1444,857 1497,857 1550,856"/>
                <TextEquiv>
                    <Unicode>D. altera pars Septemtrionalis existat, cum tamen</Unicode>
                </TextEquiv>
            </TextLine>
            <TextLine id="r1l12" custom="readingOrder {index:11;}">
                <Coords points="484,930 1464,946 1549,936 1549,875 484,885"/>
                <Baseline points="491,922 543,921 596,921 648,921 701,921 754,921 806,921 859,921 911,921 964,921 1017,921 1069,921 1122,921 1174,921 1227,920 1280,920 1332,920 1385,920 1437,919 1490,919 1543,918"/>
                <TextEquiv>
                    <Unicode>fuerit Meridionalis. Et sic ibi non servatur idem¬</Unicode>
                </TextEquiv>
            </TextLine>
            <TextLine id="r1l13" custom="readingOrder {index:12;}">
                <Coords points="496,992 1412,1015 1551,989 1551,937 496,947"/>
                <Baseline points="502,985 554,985 606,984 658,984 710,983 762,983 814,983 867,983 919,983 971,983 1023,983 1075,983 1127,983 1179,983 1232,983 1284,983 1336,983 1388,982 1440,982 1492,981 1545,980"/>
                <TextEquiv>
                    <Unicode>titas nec similitudo, Oportet enim illud, quod iam</Unicode>
                </TextEquiv>
            </TextLine>
            <TextLine id="r1l14" custom="readingOrder {index:13;}">
                <Coords points="486,1056 1549,1070 1565,1013 485,1015"/>
                <Baseline points="492,1049 545,1047 598,1047 651,1046 705,1045 758,1045 811,1045 865,1045 918,1045 971,1045 1025,1045 1078,1045 1131,1045 1184,1045 1238,1045 1291,1045 1344,1044 1398,1044 1451,1043 1504,1041 1558,1039"/>
                <TextEquiv>
                    <Unicode>conversum est ex duobus in unum, sit in eadem</Unicode>
                </TextEquiv>
            </TextLine>
            <TextLine id="r1l15" custom="readingOrder {index:14;}">
                <Coords points="491,1138 1557,1123 1557,1070 1382,1054 1223,1083 1064,1051 491,1066"/>
                <Baseline points="497,1109 549,1108 602,1108 654,1108 707,1108 760,1108 812,1108 865,1108 918,1108 970,1108 1023,1108 1076,1108 1128,1108 1181,1107 1234,1107 1286,1107 1339,1107 1392,1106 1444,1106 1497,1105 1550,1104"/>
                <TextEquiv>
                    <Unicode>specie cum agente: Quod sic non esset, si natura</Unicode>
                </TextEquiv>
            </TextLine>
            <TextLine id="r1l16" custom="readingOrder {index:15;}">
                <Coords points="493,1196 1510,1197 1568,1180 1568,1132 493,1138"/>
                <Baseline points="500,1170 553,1170 606,1170 659,1170 712,1170 765,1170 818,1170 871,1170 924,1170 977,1170 1031,1170 1084,1170 1137,1170 1190,1170 1243,1170 1296,1169 1349,1169 1402,1168 1455,1167 1508,1166 1562,1165"/>
                <TextEquiv>
                    <Unicode>istud impossibile eligeret. Idem autem inconveni¬</Unicode>
                </TextEquiv>
            </TextLine>
            <TextLine id="r1l17" custom="readingOrder {index:16;}">
                <Coords points="487,1238 578,1267 660,1237 1554,1246 1565,1183 487,1196"/>
                <Baseline points="493,1234 546,1233 599,1232 652,1232 706,1231 759,1231 812,1230 866,1230 919,1230 972,1230 1026,1230 1079,1230 1132,1230 1185,1230 1239,1230 1292,1230 1345,1230 1399,1230 1452,1230 1505,1230 1559,1230"/>
                <TextEquiv>
                    <Unicode>ens acciderit in contrariis, si iungas B, cum D. ut</Unicode>
                </TextEquiv>
            </TextLine>
            <TextLine id="r1l18" custom="readingOrder {index:17;}">
                <Coords points="487,1308 1560,1304 1548,1242 572,1263 487,1237"/>
                <Baseline points="494,1295 549,1294 605,1293 661,1293 716,1292 772,1292 828,1292 884,1291 939,1291 995,1291 1051,1291 1107,1291 1162,1291 1218,1291 1274,1291 1330,1292 1385,1293 1441,1293 1497,1294 1553,1295"/>
                <TextEquiv>
                    <Unicode>fiat una linea secundum hunc ordinem A. B. D. C.</Unicode>
                </TextEquiv>
            </TextLine>
            <TextLine id="r1l19" custom="readingOrder {index:18;}">
                <Coords points="499,1380 684,1355 1485,1382 1564,1371 1564,1303 499,1323"/>
                <Baseline points="506,1356 558,1354 611,1353 663,1352 716,1351 769,1351 821,1351 874,1351 926,1351 979,1351 1032,1351 1084,1351 1137,1351 1189,1352 1242,1352 1295,1352 1347,1352 1400,1352 1452,1351 1505,1351 1558,1350"/>
                <TextEquiv>
                    <Unicode>ut patet intventi. Natura ergo intendit ad esse, vel</Unicode>
                </TextEquiv>
            </TextLine>
            <TextLine id="r1l20" custom="readingOrder {index:19;}">
                <Coords points="494,1427 1493,1438 1564,1425 1564,1374 494,1381"/>
                <Baseline points="500,1416 552,1416 605,1415 658,1415 711,1414 764,1414 817,1414 870,1414 923,1414 976,1414 1029,1414 1081,1414 1134,1413 1187,1413 1240,1413 1293,1413 1346,1413 1399,1413 1452,1412 1505,1412 1558,1411"/>
                <TextEquiv>
                    <Unicode>agit meliori modo quo potest: Eligit primum mo¬</Unicode>
                </TextEquiv>
            </TextLine>
            <TextLine id="r1l21" custom="readingOrder {index:20;}">
                <Coords points="496,1489 728,1519 858,1479 1141,1508 1569,1488 1569,1446 1432,1426 496,1438"/>
                <Baseline points="502,1478 555,1478 608,1477 661,1477 714,1477 767,1477 820,1477 873,1477 926,1477 979,1477 1032,1477 1085,1476 1138,1476 1191,1476 1244,1476 1297,1476 1350,1476 1403,1476 1456,1476 1509,1476 1562,1476"/>
                <TextEquiv>
                    <Unicode>tum &amp; ordinem actionis, in quo melius salvatur</Unicode>
                </TextEquiv>
            </TextLine>
            <TextLine id="r1l22" custom="readingOrder {index:21;}">
                <Coords points="498,1547 1559,1565 1542,1495 498,1510"/>
                <Baseline points="505,1540 557,1540 609,1540 662,1540 714,1540 766,1540 819,1540 871,1540 923,1540 976,1540 1028,1540 1080,1539 1133,1539 1185,1539 1237,1539 1290,1539 1342,1539 1394,1539 1447,1540 1499,1540 1552,1540"/>
                <TextEquiv>
                    <Unicode>idemtitas, quam in secundo. Patet ergo ex his, quare</Unicode>
                </TextEquiv>
            </TextLine>
            <TextLine id="r1l23" custom="readingOrder {index:22;}">
                <Coords points="493,1618 1391,1629 1556,1615 1556,1568 492,1553"/>
                <Baseline points="499,1604 551,1604 604,1603 656,1603 709,1602 761,1602 814,1602 866,1602 919,1602 971,1602 1024,1602 1077,1602 1129,1602 1182,1602 1234,1602 1287,1602 1339,1601 1392,1601 1444,1600 1497,1600 1550,1599"/>
                <TextEquiv>
                    <Unicode>Meridionalis Septemtrionalem attrahat, &amp; econ¬</Unicode>
                </TextEquiv>
            </TextLine>
            <TextLine id="r1l24" custom="readingOrder {index:23;}">
                <Coords points="490,1673 1570,1697 1547,1614 490,1634"/>
                <Baseline points="497,1664 550,1665 603,1665 656,1665 710,1665 763,1665 816,1665 870,1665 923,1665 976,1664 1030,1664 1083,1664 1136,1664 1189,1664 1243,1664 1296,1664 1349,1664 1403,1664 1456,1664 1509,1665 1563,1665"/>
                <TextEquiv>
                    <Unicode>verso. Item quare Meridionalis Meridionalem, &amp;</Unicode>
                </TextEquiv>
            </TextLine>
            <TextLine id="r1l25" custom="readingOrder {index:24;}">
                <Coords points="491,1762 1375,1751 1357,1687 942,1696 891,1670 673,1697 491,1672"/>
                <Baseline points="498,1727 541,1729 585,1729 628,1730 672,1730 715,1730 759,1730 802,1730 846,1730 889,1729 933,1729 976,1729 1020,1728 1063,1728 1107,1728 1150,1728 1194,1728 1237,1728 1281,1729 1324,1729 1368,1730"/>
                <TextEquiv>
                    <Unicode>Septemtrionalis Septemtrionalem non</Unicode>
                </TextEquiv>
            </TextLine>
            <TextEquiv>
                <Unicode>quod si C. Meridionale iungatur cum A. Septem¬
trionali, quod est contra expertam veritatem, quod
ex illis duabus lineis fiat una linea secundum hunc
ordinem B. A. C. D. Vt autem sint in puncto uno
D., quod erat Meridies antequam unirentur, re¬
quiritur in hac linea totali A. B., quod reliqua ex¬
tremitas sit Septemtrionalis, quae prius tamen
erat Meridionalis, Ecce dissipatur idemtitas seu
similitudo prior. Vel si ponas B. Meridionale.
sicut erat antequam unirentur, requiritur quod
D. altera pars Septemtrionalis existat, cum tamen
fuerit Meridionalis. Et sic ibi non servatur idem¬
titas nec similitudo, Oportet enim illud, quod iam
conversum est ex duobus in unum, sit in eadem
specie cum agente: Quod sic non esset, si natura
istud impossibile eligeret. Idem autem inconveni¬
ens acciderit in contrariis, si iungas B, cum D. ut
fiat una linea secundum hunc ordinem A. B. D. C.
ut patet intventi. Natura ergo intendit ad esse, vel
agit meliori modo quo potest: Eligit primum mo¬
tum &amp; ordinem actionis, in quo melius salvatur
idemtitas, quam in secundo. Patet ergo ex his, quare
Meridionalis Septemtrionalem attrahat, &amp; econ¬
verso. Item quare Meridionalis Meridionalem, &amp;
Septemtrionalis Septemtrionalem non</Unicode>
            </TextEquiv>
        </TextRegion>
    </Page>
</PcGts>
