1793 2295
510 174 1583 247 in terra vel mari, dummodo longitudines & latitu
508 238 1577 308 dines ipsorum tibi sint notę. Qualiter autem fer¬
509 306 1574 375 rum in aëre stet virtute lapidis huius, in libro de
507 364 1572 446 operibus Speculorum narrabimus: Et hęc est iam
499 420 1568 493 dicti lapidis instrumentalis descriptio, ut hic de¬
513 487 720 540 picta est.
505 1660 1583 1719 Totum cooperculum fit de crystallo vel simili materia trans¬
510 1719 1576 1772 parente, ut limbum A. B. C. D. contineat, Limbus vero hanc
514 1751 1575 1801 totam superficiem continens, videlicet F. G. H. I., est circulus
528 1794 1591 1878 pixidis continentis, constituens cum cooperculo superficiem
525 1837 736 1902 vnam &c.
