1786 2294
489 166 1561 283 preparatus: Rotundetur & inveniantur poli, ut
490 254 1558 331 dictum est, Postea figuretur in modum Ovi, po¬
487 308 1567 395 lis intactis, & in duabus partibus intermediis op¬
490 371 1557 474 positis aliquantulum elimetur, ut sit compressus,
496 455 1570 521 ad hoc quod minorem locum occupet, ne parietes
493 492 1578 580 capsulę motu rotulę interius tangat, Quo sic di¬
490 561 1576 663 sposito, super stilum collocetur ut lapis in annulo:
493 626 1580 708 Sitque polus Septemtrionalis versus denticulos ro¬
495 691 1574 758 tulae, aliquantulum inclinatus, ut virtus ipsius non
503 742 1570 838 diametraliter, sed cum aliquali inclinatione, in fer¬
502 810 1568 884 reos denticulos influat, Ut cum quilibet denticu¬
507 871 1571 968 lus ad polum Septemtrionalem venerit, & modi¬
502 935 1576 1007 cum ex impetu rotulę illum transierit, ad partem
500 1002 1576 1073 Meridionalem accedat, quę potius fugabit quam
504 1070 1574 1134 attrahet, ut patet per regulam superius traditam:
505 1125 1588 1197 Sicque erit quilibet denticulus in tractu perpetuo,
506 1180 1582 1260 & fuga perpetua. Et ut velocius rotula suum ex¬
503 1257 1583 1317 erceat officium, intra capsulam reclude calculum
518 1302 1586 1388 parvum, rotundum, aeneum, vel argenteum, tantę
513 1369 1588 1447 quantitatis quod inter quoslibet duos denticulos
514 1425 1588 1510 capiatur, Ita quod cum Rota elevabitur, calculus
513 1492 1585 1564 cadat in partem oppositam. Quare cum motus
501 1556 1577 1624 rotę sit perpetuus in unam partem, etiam & ca¬
510 1619 1586 1684 sus calculi erit in partem oppositam, receptus in¬
512 1667 1585 1754 ter quoslibet denticulos Rote perpetuę, qui sua
513 1747 1581 1817 ponderositate petens centrum Terrae, faciet iuua¬
507 1805 1595 1866 mentum, denticulosque non sinet in directo lapidis
