2446 3918
357 595 1797 717 Quam varij fuerint ritus Ecclesiastici,
250 692 1809 813 quantoque studio veteres eiusmodi ritus
243 800 1837 899 commendarint, vt vias omnes Schismaticis
252 890 1825 1022 obstruerent, nihil attinet hic speciatim con
259 993 1832 1109 memorare, quandoquidem his rebus libri
257 1090 1830 1196 veterum abundant. Quare videant lecto
243 1184 1828 1310 res quid scripserit hac de re Augustinus in
272 1280 1808 1404 duabus epistolis ad lanuarium. Certe Hie
260 1374 1774 1501 ronymus ordinem & ritus Ecclesiae ita con
252 1482 1813 1605 mendabat: Vnaquaeque, inquit, provincia in
252 1585 1815 1702 stituta maiorum, leges Apostolicas arbitretur.
257 1680 1832 1805 quaequidem verba Hieronymi commode
254 1776 1829 1901 intelligenda sunt. Multa enim veterum in
253 1873 1826 1997 stituta proprer varias circunstantias muta
264 1977 1831 2094 da esse ne ipsi quidem Pontificij negauerint:
256 2072 1829 2195 nec aequum fuerit ritus Ecclesiasticos hac
253 2168 1836 2293 in parte cum dogmatibus ipsis exaequare.
257 2268 1836 2403 ltaque dicebat Tertullianus solam legem
261 2364 1838 2484 fidei immutabilem permanere: & Hiero
261 2464 1838 2588 nymus ipse monet obseruandas esse consti
262 2560 1833 2684 tutiones Ecclesiae quae, inquit, fidei non of
265 2665 561 2758 ficiant.
604 2801 1506 2878 recui quiA
271 2914 1837 3085 Quidam ex veteribus, quum neuos
401 3049 1837 3220 quoque suos haberent, nimis in
397 3184 1836 3358 dulserunt eiusmodi traditionibus
