<?xml version="1.0" encoding="UTF-8" standalone="yes"?>
<PcGts xmlns="http://schema.primaresearch.org/PAGE/gts/pagecontent/2013-07-15" xmlns:xsi="http://www.w3.org/2001/XMLSchema-instance" xsi:schemaLocation="http://schema.primaresearch.org/PAGE/gts/pagecontent/2013-07-15 http://schema.primaresearch.org/PAGE/gts/pagecontent/2013-07-15/pagecontent.xsd">
    <Metadata>
        <Creator>prov=University of Rostock/Institute of Mathematics/CITlab/Gundram Leifert/gundram.leifert@uni-rostock.de:name=cod-uySe7d-m4(htr_id=14832)::::v=2.3.1
prov=University of Rostock/Institute of Mathematics/CITlab/Tobias Gruening/tobias.gruening@uni-rostock.de:name=de.uros.citlab.module.baseline2polygon.B2PSeamMultiOriented:v=2.3.1
prov=University of Rostock/Institute of Mathematics/CITlab/Tobias Gruening/tobias.gruening@uni-rostock.de:name=/net_tf/LA73_249_0mod360.pb:de.uros.citlab.segmentation.CITlab_LA_ML:v=2.3.1
TRP</Creator>
        <Created>2019-06-17T14:03:27.672-04:00</Created>
        <LastChange>2019-06-18T21:20:40.107+02:00</LastChange>
        <TranskribusMetadata docId="174119" pageId="6620071" pageNr="34" tsid="11483864" status="FINAL" userId="25065" imgUrl="https://dbis-thure.uibk.ac.at/f/Get?id=EPZONSRPJQXLKOFBOMPEFUKU&amp;fileType=view" xmlUrl="https://dbis-thure.uibk.ac.at/f/Get?id=BCRTNQGPMAIDBWWTCLSENHHZ" imageId="3984651"/>
    </Metadata>
    <Page imageFilename="034.jpg" imageWidth="2446" imageHeight="3914">
        <ReadingOrder>
            <OrderedGroup id="ro_1562356269706" caption="Regions reading order">
                <RegionRefIndexed index="0" regionRef="TextRegion_1560863368512_2240"/>
            </OrderedGroup>
        </ReadingOrder>
        <TextRegion orientation="0.0" id="TextRegion_1560863368512_2240" custom="readingOrder {index:0;}">
            <Coords points="268,262 1825,262 1825,3316 268,3316"/>
            <TextLine id="r1l3" custom="readingOrder {index:0;}">
                <Coords points="275,348 297,348 301,352 312,352 316,356 330,356 336,350 338,352 339,354 343,358 357,358 359,356 369,356 375,350 376,348 382,342 390,342 398,350 563,350 565,348 573,348 575,346 587,346 591,350 602,350 604,349 690,349 692,347 696,347 700,343 702,342 704,343 708,347 709,349 737,349 741,345 745,345 746,347 748,349 760,349 784,373 807,373 809,371 811,371 821,361 822,359 832,349 848,349 852,345 856,345 858,347 859,349 871,349 875,345 881,345 885,349 904,349 906,347 912,347 914,349 920,349 922,347 926,347 928,349 937,349 939,347 941,349 953,349 955,347 957,349 965,349 967,347 970,347 972,349 980,349 982,347 984,349 990,349 992,347 998,347 1000,349 1007,349 1009,347 1011,347 1013,349 1179,349 1181,348 1183,348 1185,347 1191,341 1196,341 1202,347 1204,348 1247,348 1251,344 1257,350 1270,350 1278,358 1288,358 1296,350 1360,350 1374,364 1385,364 1393,356 1401,356 1409,348 1471,348 1487,364 1489,365 1490,367 1496,373 1527,373 1537,363 1539,362 1551,350 1557,350 1561,346 1562,346 1566,350 1590,350 1592,348 1594,348 1596,346 1600,350 1609,350 1611,348 1617,348 1619,346 1631,346 1635,350 1672,350 1679,357 1681,357 1689,365 1697,365 1712,350 1724,350 1726,349 1738,349 1740,348 1744,348 1746,346 1748,346 1749,348 1751,349 1761,349 1763,347 1765,346 1767,346 1769,347 1785,347 1786,345 1788,344 1796,336 1800,336 1804,340 1823,340 1823,291 1810,291 1790,271 1788,270 1784,266 1759,266 1753,260 1751,260 1749,258 1738,258 1720,276 1718,277 1708,287 1707,289 1693,303 1679,289 1660,289 1658,291 1654,291 1652,289 1638,289 1634,285 1633,283 1621,283 1617,287 1588,287 1584,291 1578,291 1576,289 1516,289 1514,291 1494,291 1492,290 1485,290 1483,291 1481,293 1477,293 1475,292 1473,290 1461,290 1459,292 1457,290 1447,290 1446,288 1422,264 1414,264 1410,268 1407,268 1383,292 1381,292 1379,290 1370,290 1368,292 1358,292 1356,290 1325,290 1323,292 1321,290 1311,290 1299,278 1298,276 1290,268 1288,267 1257,267 1255,269 1253,269 1251,267 1237,267 1235,269 1233,269 1231,267 1227,267 1225,269 1216,269 1214,267 1210,267 1208,269 1206,269 1202,273 1200,274 1188,286 1187,288 1175,300 1171,300 1161,290 1083,290 1081,288 1077,288 1076,286 1072,282 1070,281 1046,257 1033,257 1005,285 1003,286 1002,288 966,288 965,289 935,289 927,281 926,279 914,267 910,267 908,265 894,265 890,269 889,267 869,267 853,283 852,285 850,287 842,287 836,293 826,293 824,291 817,291 815,293 807,293 803,289 735,289 731,293 729,291 719,291 717,289 709,289 707,291 706,293 684,293 682,291 674,291 668,285 667,283 657,273 655,272 649,266 614,266 606,274 604,275 594,285 593,287 591,287 587,291 585,291 573,279 571,278 559,266 534,266 515,285 513,285 507,291 505,289 493,289 491,291 482,291 480,289 478,289 474,285 472,284 454,266 427,266 425,264 400,264 378,286 371,286 351,266 333,266 332,268 312,288 295,288 289,294 275,294"/>
                <Baseline points="284,340 360,339 437,339 513,338 590,338 666,338 743,338 819,338 896,338 972,338 1049,338 1125,338 1202,338 1278,338 1355,338 1431,338 1508,337 1584,337 1661,336 1737,336 1814,335"/>
                <TextEquiv>
                    <Unicode>ab Ecclesia repellendam. Haec, inquam, di</Unicode>
                </TextEquiv>
            </TextLine>
            <TextLine id="line_1560863343730_2210" custom="readingOrder {index:1;}">
                <Coords points="277,447 286,447 290,451 292,452 353,452 354,450 358,454 382,454 388,460 415,460 423,452 427,452 428,450 430,448 440,448 444,452 479,452 485,446 516,446 518,444 520,444 530,434 532,434 538,440 539,442 543,446 547,446 549,445 571,445 573,443 594,443 596,445 608,445 610,443 612,445 619,445 621,443 631,453 645,453 647,451 649,451 651,449 652,447 656,443 658,445 666,445 668,443 676,443 678,445 682,445 684,443 689,443 693,439 695,439 701,445 728,445 730,443 732,445 748,445 750,443 752,445 769,445 771,443 773,445 775,445 777,444 800,444 802,442 804,444 826,444 828,442 832,446 847,446 853,452 867,452 873,446 874,444 882,444 884,442 890,442 892,444 902,444 904,446 962,446 964,444 968,444 978,434 980,434 982,436 983,438 989,444 991,445 1015,445 1017,443 1032,443 1034,445 1044,445 1046,443 1052,443 1054,445 1059,445 1061,443 1063,443 1065,445 1071,445 1073,443 1079,443 1081,445 1096,445 1102,439 1106,439 1110,443 1124,443 1126,445 1133,445 1135,443 1139,443 1141,445 1145,445 1147,443 1149,445 1159,445 1161,443 1190,443 1192,445 1206,445 1207,443 1209,445 1215,445 1217,444 1258,444 1260,442 1266,448 1272,448 1276,452 1285,452 1295,442 1299,442 1309,452 1322,452 1328,446 1418,446 1420,444 1441,444 1443,442 1449,442 1451,443 1453,445 1507,445 1509,443 1511,443 1513,441 1515,441 1519,445 1535,445 1537,443 1541,443 1542,445 1552,445 1560,437 1562,437 1580,455 1581,457 1583,458 1603,478 1607,478 1611,474 1615,474 1619,470 1620,468 1640,448 1642,447 1644,445 1655,445 1657,444 1786,444 1794,436 1835,436 1834,411 1821,411 1819,409 1807,409 1801,403 1797,403 1795,401 1793,401 1792,399 1786,393 1784,393 1778,387 1776,386 1712,386 1710,388 1708,388 1706,386 1679,386 1675,390 1671,386 1624,386 1622,384 1614,384 1612,386 1605,386 1603,384 1585,384 1571,398 1570,400 1568,400 1556,388 1554,387 1552,385 1531,385 1529,387 1519,387 1517,385 1511,385 1509,387 1505,387 1503,385 1497,385 1495,387 1494,387 1492,385 1460,385 1458,387 1455,387 1451,391 1443,391 1425,373 1423,372 1417,366 1416,364 1414,362 1390,362 1380,372 1379,374 1373,380 1371,381 1369,383 1359,383 1355,387 1353,387 1351,385 1349,384 1345,380 1344,378 1328,362 1303,362 1293,372 1291,372 1289,370 1285,370 1279,364 1273,364 1271,362 1262,362 1260,363 1238,363 1234,367 1232,368 1231,370 1225,376 1223,376 1217,370 1215,369 1207,361 1170,361 1158,373 1157,375 1151,381 1149,382 1145,386 1133,386 1131,384 1129,385 1118,385 1116,387 1114,388 1112,390 1102,390 1100,389 1098,387 1090,387 1088,389 1077,389 1073,385 1069,385 1063,391 1061,391 1055,385 1036,385 1034,387 1018,387 1016,385 987,385 983,389 979,389 975,385 942,385 938,389 933,389 929,385 905,385 903,386 894,386 892,388 890,389 888,391 884,391 882,389 880,388 860,368 859,366 855,362 837,362 825,374 824,376 816,384 814,384 806,392 804,392 796,384 773,384 763,374 761,373 747,359 746,357 742,353 726,353 720,359 714,359 712,361 711,363 689,385 687,386 685,388 683,388 681,386 679,386 677,387 676,387 674,385 584,385 582,387 578,387 576,385 572,385 570,387 568,387 566,385 565,383 559,377 551,377 541,387 539,387 535,391 526,391 520,385 510,385 508,387 506,387 504,385 496,385 494,387 492,387 491,389 489,391 485,391 479,385 465,385 463,386 454,386 452,388 450,389 430,409 415,409 403,397 401,396 399,394 393,394 385,386 383,386 381,384 380,382 368,370 366,370 364,368 356,368 354,370 341,370 339,369 335,369 333,371 331,372 317,386 315,386 313,384 306,384 302,388 300,388 296,392 294,392 290,396 276,396"/>
                <Baseline points="286,440 363,438 440,437 517,436 594,435 671,435 748,434 825,434 902,434 979,434 1056,435 1133,435 1210,435 1287,435 1364,435 1441,434 1518,433 1595,432 1672,431 1749,429 1825,427"/>
                <TextEquiv>
                    <Unicode>cant, ac tum fatebor me nihil habere quam</Unicode>
                </TextEquiv>
            </TextLine>
            <TextLine id="r1l5" custom="readingOrder {index:2;}">
                <Coords points="281,549 308,549 310,547 332,547 336,543 338,543 342,547 343,549 371,549 373,547 379,547 380,545 382,543 386,543 390,547 408,547 410,549 416,549 417,547 427,537 431,541 462,541 470,549 478,549 480,547 490,547 491,545 493,543 530,543 532,541 534,541 536,539 542,539 550,547 552,548 558,554 567,554 569,556 575,556 585,546 587,545 589,543 597,543 599,545 601,545 603,546 604,548 616,548 620,544 622,543 626,539 638,539 639,541 641,543 643,542 665,542 671,548 678,548 680,546 684,546 686,544 690,544 692,542 696,542 700,546 704,546 706,548 712,548 714,546 719,546 723,542 727,542 731,546 741,546 743,548 752,548 758,542 764,542 770,548 774,548 776,546 782,546 784,548 788,548 789,546 791,544 793,544 797,540 799,540 805,534 809,534 823,548 834,548 836,546 856,546 860,542 875,542 899,566 904,566 906,567 920,567 922,566 936,552 937,550 947,540 957,540 973,556 974,558 978,562 980,563 990,573 1015,573 1017,571 1025,571 1035,561 1037,560 1047,550 1048,548 1056,540 1222,540 1224,538 1226,538 1232,532 1261,532 1269,540 1276,540 1282,546 1284,547 1313,547 1315,546 1317,544 1321,544 1323,545 1325,547 1348,547 1350,549 1358,549 1360,547 1376,547 1380,543 1385,543 1389,547 1409,547 1415,541 1417,540 1436,540 1438,539 1494,539 1498,543 1506,543 1510,547 1522,547 1528,541 1602,541 1604,539 1609,539 1615,533 1617,533 1625,541 1668,541 1670,539 1679,539 1681,537 1685,541 1699,541 1701,539 1720,539 1722,541 1738,541 1740,539 1755,539 1757,541 1767,541 1769,539 1771,541 1787,541 1789,539 1792,539 1794,541 1818,541 1820,539 1831,539 1831,479 1822,479 1818,483 1806,483 1804,481 1798,481 1796,483 1790,483 1788,481 1775,481 1773,483 1767,483 1765,485 1763,486 1761,486 1759,485 1751,485 1749,483 1742,483 1740,485 1732,485 1730,487 1726,487 1724,485 1718,485 1714,481 1695,481 1691,485 1687,481 1668,481 1642,455 1640,454 1638,452 1637,452 1635,454 1633,455 1603,485 1598,485 1594,481 1535,481 1527,473 1526,471 1516,461 1514,460 1506,452 1504,452 1502,450 1498,450 1496,452 1492,452 1488,456 1487,458 1483,462 1481,463 1465,479 1457,479 1453,483 1452,481 1438,481 1436,483 1422,483 1416,489 1415,491 1413,491 1411,489 1407,489 1399,481 1385,481 1383,483 1376,483 1374,481 1358,481 1356,483 1348,483 1346,481 1342,481 1341,479 1333,471 1331,470 1323,462 1321,462 1319,460 1313,460 1311,458 1303,458 1302,460 1300,458 1278,458 1266,470 1265,472 1263,474 1261,475 1231,505 1230,507 1214,507 1194,487 1193,485 1191,483 1187,483 1185,481 1179,481 1177,483 1175,483 1173,481 1167,481 1165,483 1156,483 1154,481 1126,481 1124,483 1119,483 1117,481 1115,482 1113,482 1111,483 1107,483 1105,482 1095,482 1093,483 1089,487 1085,487 1083,485 1082,483 1078,483 1076,482 1068,482 1066,484 1062,484 1060,482 1052,482 1050,484 1048,484 1046,482 1031,482 1029,480 1017,480 1013,484 1004,484 1002,482 994,482 992,484 990,484 986,488 980,482 967,482 965,484 957,484 955,482 947,482 945,484 935,484 933,482 904,482 898,488 895,488 891,484 889,484 887,482 869,482 863,488 854,488 850,484 846,484 844,482 834,482 832,484 830,484 822,492 811,492 785,466 784,464 782,462 780,461 778,459 772,459 770,461 766,461 764,459 758,459 754,463 752,464 748,468 747,470 741,476 737,476 725,464 723,463 719,459 711,459 709,457 702,457 694,465 692,466 678,480 663,480 659,484 657,482 641,482 639,484 637,484 636,486 634,488 630,488 614,472 608,472 604,476 602,476 600,478 599,478 597,480 579,480 575,484 571,484 569,482 558,482 552,488 532,488 526,482 513,482 511,484 507,484 505,482 484,482 482,480 472,480 470,482 456,482 454,480 449,480 447,482 445,482 443,480 439,480 433,486 425,486 419,480 414,480 412,482 406,482 404,480 402,480 400,481 392,481 390,482 388,484 386,482 384,481 376,473 375,471 361,457 343,457 339,461 338,463 316,485 314,486 312,488 281,488"/>
                <Baseline points="290,534 366,533 443,532 519,532 596,532 672,532 749,532 825,532 902,532 978,532 1055,532 1132,532 1208,532 1285,532 1361,532 1438,532 1514,531 1591,531 1667,531 1744,530 1821,530"/>
                <TextEquiv>
                    <Unicode>obrem merito repugnem. Caeterum huius</Unicode>
                </TextEquiv>
            </TextLine>
            <TextLine id="r1l6" custom="readingOrder {index:3;}">
                <Coords points="272,644 307,644 309,646 313,646 315,644 363,644 365,646 369,646 371,644 377,644 379,646 404,646 406,644 416,644 418,642 422,642 426,646 453,646 457,642 461,642 465,646 490,646 492,644 496,644 508,632 511,632 515,636 525,636 533,644 545,644 547,646 562,646 564,644 572,644 574,642 578,642 580,644 582,645 603,645 605,643 617,643 621,641 624,641 628,645 652,645 654,643 658,643 659,641 663,645 681,645 683,643 689,643 695,637 704,637 714,647 728,647 732,651 733,653 741,661 755,661 757,659 759,659 769,649 770,647 776,641 778,641 784,647 794,647 808,661 809,663 811,665 813,666 815,668 821,668 825,664 827,663 831,659 833,659 843,649 844,647 846,645 848,645 864,629 880,645 911,645 917,639 918,637 930,625 940,635 942,635 952,645 973,645 975,643 977,643 981,639 985,639 991,645 1039,645 1041,643 1045,643 1047,645 1063,645 1065,643 1066,641 1068,639 1088,639 1092,643 1094,644 1104,644 1105,643 1107,643 1109,644 1123,644 1125,642 1131,642 1133,644 1142,644 1144,642 1146,642 1150,646 1183,646 1197,660 1199,660 1201,662 1222,662 1226,666 1230,666 1232,668 1236,668 1240,664 1242,664 1244,662 1265,662 1267,664 1271,664 1273,666 1275,666 1277,668 1279,668 1289,658 1290,656 1302,644 1304,644 1306,646 1312,646 1314,644 1329,644 1335,638 1366,638 1372,644 1374,644 1376,646 1380,646 1382,644 1400,644 1401,646 1405,646 1407,644 1413,644 1415,646 1419,646 1421,644 1429,644 1431,646 1444,646 1460,630 1462,630 1474,642 1475,644 1477,644 1479,646 1499,646 1501,644 1503,646 1524,646 1526,644 1536,644 1538,646 1546,646 1548,644 1551,644 1557,638 1565,646 1590,646 1598,638 1604,644 1606,645 1616,645 1618,644 1622,640 1623,638 1664,638 1666,636 1672,636 1674,634 1690,634 1694,638 1701,638 1703,637 1744,637 1752,645 1783,645 1785,643 1791,643 1793,645 1801,645 1803,643 1805,643 1807,645 1820,645 1820,552 1801,552 1797,556 1795,557 1785,567 1781,567 1773,559 1771,558 1767,554 1711,554 1703,562 1701,563 1693,571 1692,573 1676,589 1674,587 1672,587 1664,579 1645,579 1643,581 1639,581 1637,579 1635,579 1633,581 1631,581 1627,577 1608,577 1600,585 1598,585 1592,579 1586,579 1584,577 1581,577 1577,573 1575,572 1557,554 1547,554 1545,552 1542,552 1538,556 1536,554 1518,554 1510,562 1508,562 1506,564 1505,566 1493,578 1456,578 1432,554 1431,552 1429,552 1427,554 1423,554 1421,552 1417,552 1415,554 1411,554 1407,558 1405,558 1399,552 1395,552 1394,554 1390,554 1382,562 1374,562 1360,576 1359,578 1355,582 1353,582 1349,578 1333,578 1329,582 1325,582 1323,580 1322,578 1302,578 1290,590 1286,586 1285,584 1281,580 1279,580 1277,578 1247,578 1246,576 1230,560 1228,559 1222,553 1218,553 1216,555 1214,553 1209,553 1205,557 1203,557 1201,555 1191,555 1183,563 1181,564 1173,572 1172,574 1168,578 1156,566 1154,565 1142,553 1131,553 1129,555 1123,555 1121,553 1111,553 1109,555 1107,555 1099,563 1096,563 1088,555 1086,555 1084,553 1080,553 1062,571 1061,573 1059,574 1055,578 1014,578 1010,582 975,582 973,580 971,579 957,579 955,580 953,582 948,582 946,581 936,571 932,571 928,567 926,567 924,565 922,567 899,567 897,565 895,565 891,561 887,561 877,571 876,573 862,587 860,588 856,592 852,592 848,588 846,587 844,587 842,585 782,585 778,589 776,587 774,587 772,585 745,585 741,589 737,589 735,587 733,587 731,585 729,585 728,583 714,583 708,577 702,577 698,581 692,575 691,573 681,563 679,562 640,562 636,566 634,567 618,583 617,585 597,585 583,571 581,570 579,568 578,566 566,554 552,554 542,564 541,566 533,574 531,575 515,591 509,591 507,589 506,587 504,587 502,585 500,585 498,583 488,583 482,577 480,576 468,564 467,562 461,562 459,560 455,560 453,562 445,562 431,576 430,578 414,578 410,582 408,583 406,585 369,585 367,586 361,580 354,580 352,578 344,578 342,580 340,580 332,588 326,588 324,586 285,586 284,588 272,588"/>
                <Baseline points="282,632 358,632 434,631 511,631 587,630 664,630 740,630 816,630 893,630 969,629 1046,629 1122,629 1198,629 1275,629 1351,629 1428,629 1504,629 1580,629 1657,629 1733,629 1810,628"/>
                <TextEquiv>
                    <Unicode>aetatis doctores Pontificij paulo aliam sibi</Unicode>
                </TextEquiv>
            </TextLine>
            <TextLine id="line_1560863343731_2212" custom="readingOrder {index:4;}">
                <Coords points="268,732 278,732 284,738 286,739 307,739 309,741 315,741 317,739 319,741 325,741 327,739 331,739 333,741 348,741 350,739 368,739 370,741 373,741 375,739 387,739 389,741 393,741 395,739 401,739 403,741 412,741 414,739 416,741 424,741 426,739 428,739 434,745 436,745 440,749 447,749 449,747 457,747 465,739 469,739 471,741 479,741 481,739 492,739 494,741 504,741 506,739 531,739 533,741 537,741 539,739 541,741 562,741 564,739 566,739 568,741 578,741 580,739 582,741 597,741 603,747 605,747 607,749 615,749 625,739 630,739 634,735 636,735 638,733 646,733 654,741 726,741 730,737 734,741 773,741 775,740 817,740 819,738 821,737 825,737 827,738 829,740 882,740 888,746 897,746 903,740 911,740 913,738 915,738 919,742 987,742 1001,756 1002,758 1004,760 1006,761 1008,763 1030,763 1034,759 1036,758 1038,756 1039,754 1053,740 1078,740 1086,732 1088,732 1098,742 1115,742 1125,752 1127,753 1137,763 1139,763 1141,765 1151,765 1152,763 1168,763 1184,747 1186,746 1187,744 1191,740 1209,740 1211,742 1221,742 1223,740 1261,740 1263,741 1269,741 1271,740 1277,740 1279,741 1289,741 1291,739 1295,739 1297,741 1302,741 1304,739 1322,739 1324,741 1328,741 1330,739 1337,739 1339,741 1349,741 1351,739 1355,739 1357,741 1367,741 1369,739 1371,739 1372,737 1376,733 1382,739 1384,739 1386,741 1392,741 1394,739 1396,741 1415,741 1417,739 1425,739 1427,741 1466,741 1468,739 1470,741 1495,741 1497,739 1503,739 1505,741 1513,741 1515,739 1520,739 1538,721 1540,720 1544,716 1548,720 1550,721 1556,727 1557,729 1569,741 1575,741 1577,739 1579,741 1589,741 1591,739 1600,739 1608,731 1612,731 1622,741 1630,741 1631,739 1641,739 1645,735 1651,735 1657,741 1678,741 1680,739 1682,739 1686,735 1690,735 1696,741 1727,741 1741,727 1742,727 1746,731 1754,731 1756,733 1783,733 1793,723 1797,723 1807,733 1816,733 1824,725 1834,725 1834,684 1795,684 1793,682 1783,682 1777,676 1774,676 1772,674 1756,674 1748,682 1725,682 1717,674 1701,674 1700,676 1698,678 1696,678 1692,682 1688,682 1686,680 1682,680 1680,682 1678,680 1670,680 1668,682 1666,682 1664,680 1663,678 1661,676 1659,675 1643,659 1625,659 1624,657 1622,657 1612,667 1608,667 1600,659 1594,659 1592,657 1587,657 1585,659 1573,659 1571,657 1567,657 1553,671 1552,673 1544,681 1532,681 1528,685 1526,686 1524,685 1520,681 1511,681 1507,685 1497,675 1479,675 1478,673 1476,673 1464,685 1462,685 1460,683 1456,683 1454,681 1431,681 1423,673 1413,673 1405,681 1398,681 1390,673 1374,673 1370,677 1365,677 1361,673 1351,673 1343,681 1335,681 1331,677 1330,675 1328,673 1312,673 1304,681 1302,681 1294,673 1283,673 1277,667 1275,666 1273,666 1271,664 1267,664 1265,662 1244,662 1238,668 1236,669 1232,673 1230,673 1222,681 1217,681 1215,683 1195,683 1193,681 1182,681 1180,683 1178,683 1176,681 1168,681 1166,683 1160,683 1158,681 1143,681 1141,683 1139,681 1113,681 1111,683 1109,683 1108,681 1094,681 1092,680 1086,674 1063,674 1061,676 1053,676 1049,680 1037,680 1035,682 1034,684 1026,684 1024,682 1004,682 996,674 995,672 981,658 977,658 975,656 944,656 942,658 934,658 922,670 921,672 911,682 872,682 870,684 868,682 831,682 829,684 825,684 811,670 810,668 806,664 804,663 792,651 778,651 772,657 771,659 769,659 767,657 763,657 761,659 757,659 749,667 747,668 737,678 736,680 724,680 716,672 714,671 698,655 697,653 695,651 685,651 683,649 671,649 661,659 660,659 644,675 642,676 638,680 589,680 588,682 586,680 582,680 580,681 568,681 566,682 554,682 552,683 541,683 539,681 529,681 527,683 517,683 515,681 510,681 508,683 496,683 494,681 488,681 486,683 484,683 482,681 469,681 467,683 465,683 463,681 455,681 453,683 441,683 440,681 434,681 428,687 420,687 416,683 414,685 403,685 401,683 395,683 393,681 391,681 383,673 367,673 365,675 364,677 358,683 348,683 346,685 334,685 332,683 330,683 328,681 288,681 278,691 268,691"/>
                <Baseline points="278,729 367,729 457,729 546,729 636,729 726,728 815,728 905,728 995,727 1084,727 1174,727 1264,726 1353,726 1443,726 1533,726 1622,727 1712,727 1802,728 1825,728"/>
                <TextEquiv>
                    <Unicode>rationem scribendi proposuerunt. Nec e</Unicode>
                </TextEquiv>
            </TextLine>
            <TextLine id="line_1560863343731_2214" custom="readingOrder {index:5;}">
                <Coords points="268,829 281,829 285,833 287,833 289,835 291,836 308,836 310,834 314,834 316,833 322,833 324,834 326,836 441,836 449,828 453,828 454,830 460,836 513,836 515,834 517,836 527,836 529,834 540,834 542,836 560,836 562,834 564,834 566,836 573,836 575,834 583,834 585,836 601,836 603,835 647,835 649,833 653,833 655,835 667,835 669,833 671,835 690,835 692,833 698,833 700,835 710,835 712,833 714,835 715,837 725,837 743,855 745,856 747,856 753,862 762,862 772,852 774,851 788,837 856,837 860,841 862,842 864,844 865,846 871,846 895,870 899,870 901,868 903,870 916,870 918,868 920,868 928,860 934,860 938,856 939,854 957,836 969,836 971,834 980,834 982,836 1033,836 1035,834 1048,834 1050,836 1056,836 1058,834 1060,834 1062,836 1070,836 1072,834 1085,834 1087,836 1097,836 1099,834 1103,834 1105,836 1117,836 1119,834 1121,834 1123,836 1132,836 1134,834 1136,834 1142,828 1144,828 1146,826 1148,826 1158,836 1181,836 1183,834 1185,834 1187,836 1206,836 1208,835 1253,835 1255,837 1267,837 1269,835 1339,835 1341,837 1345,837 1346,835 1354,835 1356,837 1362,837 1364,835 1399,835 1401,837 1417,837 1419,835 1446,835 1448,837 1457,837 1459,835 1467,835 1469,837 1473,833 1487,833 1489,835 1504,835 1506,836 1508,838 1520,838 1532,850 1533,852 1535,854 1539,854 1549,844 1553,844 1563,834 1565,836 1582,836 1592,826 1596,826 1600,830 1602,830 1604,832 1605,834 1607,836 1631,836 1633,834 1635,834 1637,832 1641,832 1642,834 1644,836 1695,836 1697,834 1699,836 1709,836 1711,834 1715,834 1716,836 1734,836 1736,834 1742,834 1744,836 1755,836 1757,834 1761,834 1763,836 1785,836 1789,832 1790,830 1800,820 1835,820 1835,796 1831,796 1829,797 1818,797 1816,795 1810,795 1792,777 1775,777 1765,767 1763,766 1753,756 1751,756 1743,748 1742,746 1734,746 1730,750 1728,750 1710,768 1708,768 1707,766 1689,748 1687,748 1685,746 1683,746 1681,744 1666,744 1658,752 1656,752 1634,774 1629,774 1627,772 1625,772 1623,770 1607,770 1601,776 1598,776 1594,780 1588,780 1586,778 1570,778 1568,776 1553,776 1543,786 1537,786 1529,778 1527,778 1523,774 1522,772 1520,770 1504,770 1498,776 1494,776 1486,768 1471,768 1463,776 1387,776 1385,777 1329,777 1321,769 1303,769 1301,771 1300,773 1296,777 1214,777 1212,779 1192,779 1190,777 1161,777 1159,779 1146,779 1144,777 1109,777 1107,779 1101,779 1099,777 1076,777 1074,778 1060,778 1058,780 1031,780 1029,778 1023,778 1003,758 1002,756 996,750 994,749 990,745 988,747 986,747 984,745 978,745 976,747 974,747 970,751 966,751 963,754 961,754 959,755 957,753 939,753 937,755 935,755 933,757 931,758 929,760 928,762 910,780 902,780 900,778 896,778 894,776 887,776 883,780 879,780 875,776 859,776 855,772 854,770 852,768 850,767 838,755 836,755 834,753 791,753 781,763 780,765 770,775 764,775 742,753 725,753 721,757 707,757 705,759 704,761 690,775 682,775 678,779 672,779 670,777 659,777 657,779 647,779 645,777 632,777 630,779 628,777 624,777 608,761 606,760 600,754 583,754 573,764 571,765 561,775 556,775 552,779 550,777 542,777 540,779 536,779 534,777 524,777 522,779 515,779 513,777 470,777 468,778 464,778 462,779 456,785 447,785 443,781 441,780 439,780 437,778 390,778 372,760 371,758 367,754 361,754 359,756 355,756 353,755 351,753 345,753 343,755 341,756 335,762 334,764 320,778 310,778 308,776 304,776 302,778 285,778 277,786 267,786"/>
                <Baseline points="278,825 369,825 460,825 552,825 643,825 735,826 826,826 918,826 1009,826 1101,826 1192,826 1283,826 1375,825 1466,824 1558,823 1649,821 1741,819 1825,817"/>
                <TextEquiv>
                    <Unicode>nim nudos Syllogismos contexunt, vt sole</Unicode>
                </TextEquiv>
            </TextLine>
            <TextLine id="r1l11" custom="readingOrder {index:6;}">
                <Coords points="281,933 328,933 330,931 334,931 336,933 342,933 343,931 345,933 373,933 375,931 379,935 390,935 392,934 394,934 396,933 421,933 423,931 427,931 429,933 431,934 451,934 453,933 458,933 462,931 466,931 470,927 474,927 478,931 480,932 482,934 550,934 556,940 577,940 583,934 585,934 601,950 608,950 610,948 616,948 634,930 639,930 645,936 651,936 655,940 665,940 673,932 704,932 708,928 712,932 719,932 723,936 729,936 735,942 739,942 741,940 743,940 749,934 756,934 758,932 760,932 764,928 770,928 784,942 799,942 809,932 819,932 821,934 838,934 840,932 844,932 846,934 852,934 854,932 856,934 865,934 867,932 869,932 871,934 885,934 887,932 897,942 932,942 934,940 936,940 937,938 941,934 943,934 949,940 961,940 971,930 976,930 978,932 990,932 992,930 996,934 1006,934 1008,932 1011,932 1013,930 1021,930 1025,934 1037,934 1039,932 1048,932 1056,924 1062,924 1072,934 1109,934 1113,930 1115,930 1119,934 1193,934 1195,936 1196,938 1198,940 1206,940 1212,934 1389,934 1391,932 1415,932 1417,930 1418,928 1420,926 1430,926 1438,934 1512,934 1516,938 1518,939 1530,951 1531,953 1543,965 1545,965 1547,963 1551,963 1553,965 1567,951 1568,949 1580,937 1582,936 1584,934 1596,934 1598,932 1619,932 1621,930 1627,930 1631,934 1695,934 1697,933 1787,933 1789,931 1808,931 1810,933 1831,933 1831,873 1794,873 1792,875 1759,875 1757,873 1751,873 1750,875 1746,875 1730,859 1728,858 1718,848 1685,848 1681,852 1679,852 1677,854 1676,856 1672,860 1670,861 1660,871 1658,871 1654,875 1617,875 1615,873 1609,873 1607,875 1584,875 1582,873 1574,873 1572,875 1570,875 1568,873 1561,873 1559,875 1528,875 1520,883 1510,873 1506,873 1504,875 1496,875 1492,871 1491,869 1487,865 1485,864 1479,858 1453,858 1452,856 1450,856 1440,866 1438,867 1426,879 1422,879 1418,875 1417,873 1405,873 1401,869 1399,868 1381,850 1376,850 1374,852 1372,852 1370,850 1368,850 1350,868 1348,869 1346,871 1325,871 1321,875 1319,875 1315,879 1311,879 1307,875 1305,875 1304,873 1298,873 1296,875 1294,873 1286,873 1284,871 1282,870 1268,856 1267,854 1263,850 1245,850 1231,864 1226,864 1222,868 1214,868 1208,874 1206,875 1200,875 1198,874 1194,874 1193,875 1191,874 1169,874 1167,875 1152,875 1150,874 1146,874 1144,875 1142,875 1140,874 1132,874 1130,876 1124,876 1122,874 1105,874 1103,876 1093,876 1091,874 1087,874 1085,876 1058,876 1056,874 1050,874 1048,876 1046,876 1045,874 1037,874 1035,876 1031,876 1029,874 1023,874 1021,876 1019,876 1017,874 1008,874 1006,876 1004,876 1002,874 982,874 980,876 978,874 969,874 961,866 953,866 943,876 935,876 934,874 774,874 770,878 768,878 748,858 747,856 745,856 743,854 739,854 735,850 729,850 725,852 713,864 712,866 708,870 690,852 688,851 667,851 665,849 659,849 657,851 653,851 651,853 649,854 637,866 636,868 616,888 612,888 602,878 601,876 581,856 579,855 575,851 573,851 571,849 560,849 556,853 554,853 552,851 550,851 548,849 480,849 472,857 470,858 456,872 454,872 452,870 451,868 449,866 443,866 441,868 435,868 431,872 429,872 425,876 419,876 417,878 406,878 402,874 400,874 398,876 394,876 392,874 380,874 378,876 373,876 371,874 363,874 361,876 357,876 355,874 343,874 341,876 336,876 322,862 320,861 312,853 310,853 306,849 281,849"/>
                <Baseline points="290,921 366,922 443,923 519,923 596,923 673,924 749,924 826,924 902,924 979,923 1056,923 1132,923 1209,922 1285,922 1362,922 1439,922 1515,922 1592,922 1668,922 1745,922 1822,923"/>
                <TextEquiv>
                    <Unicode>bant illi, sed vtuntur continuis &amp; prolixis</Unicode>
                </TextEquiv>
            </TextLine>
            <TextLine id="r1l13" custom="readingOrder {index:7;}">
                <Coords points="267,1019 282,1019 284,1021 286,1022 292,1028 319,1028 323,1024 327,1028 376,1028 384,1036 399,1036 405,1030 430,1030 436,1036 495,1036 497,1034 498,1032 502,1036 543,1036 551,1028 559,1028 567,1036 574,1036 582,1028 584,1028 586,1026 590,1026 594,1030 615,1030 621,1036 639,1036 645,1030 646,1028 689,1028 691,1026 695,1026 697,1028 711,1028 719,1036 736,1036 744,1028 759,1028 767,1036 800,1036 808,1028 812,1028 820,1036 857,1036 865,1028 886,1028 902,1044 929,1044 933,1040 939,1040 941,1042 942,1044 958,1060 972,1060 978,1054 983,1054 985,1052 987,1052 1013,1026 1015,1028 1034,1028 1036,1026 1040,1030 1061,1030 1067,1036 1081,1036 1089,1028 1122,1028 1124,1026 1126,1026 1128,1028 1165,1028 1166,1026 1168,1028 1184,1028 1186,1026 1188,1026 1190,1028 1213,1028 1221,1036 1248,1036 1252,1032 1256,1032 1260,1036 1314,1036 1316,1034 1318,1034 1320,1036 1328,1036 1338,1026 1340,1026 1342,1028 1390,1028 1392,1026 1396,1030 1398,1030 1404,1036 1422,1036 1424,1034 1425,1034 1429,1030 1480,1030 1486,1036 1496,1036 1498,1034 1499,1032 1503,1028 1513,1028 1515,1026 1525,1036 1536,1036 1546,1026 1548,1026 1550,1028 1568,1028 1570,1026 1573,1026 1575,1028 1585,1028 1587,1026 1589,1028 1597,1028 1599,1026 1601,1026 1607,1032 1626,1032 1630,1036 1640,1036 1646,1030 1647,1028 1653,1028 1655,1026 1657,1025 1659,1023 1665,1023 1667,1025 1669,1026 1671,1028 1688,1028 1690,1027 1692,1028 1712,1028 1714,1027 1716,1027 1718,1028 1725,1028 1727,1027 1729,1028 1745,1028 1747,1027 1749,1028 1768,1028 1770,1027 1772,1028 1784,1028 1794,1038 1795,1040 1799,1044 1819,1044 1819,980 1809,980 1799,970 1766,970 1762,974 1757,974 1755,972 1753,972 1751,970 1727,970 1721,976 1720,978 1712,970 1679,970 1667,982 1655,970 1624,970 1610,956 1609,954 1607,952 1605,951 1593,939 1579,939 1573,945 1572,947 1568,951 1566,952 1562,956 1560,956 1548,968 1513,968 1511,970 1488,970 1486,972 1484,972 1480,976 1478,976 1474,972 1472,972 1470,970 1453,970 1435,952 1433,951 1429,947 1406,947 1402,951 1400,952 1388,964 1387,966 1381,972 1379,970 1367,970 1365,972 1363,972 1361,970 1350,970 1338,982 1334,982 1330,978 1328,978 1320,970 1270,970 1252,952 1250,951 1246,947 1231,947 1227,951 1225,952 1211,966 1203,966 1202,968 1166,968 1165,966 1149,950 1147,949 1145,947 1133,947 1131,945 1124,945 1122,947 1110,947 1108,949 1106,950 1092,964 1091,966 1089,968 1054,968 1050,972 1042,972 1040,970 1024,970 1022,972 1018,972 1016,970 1007,970 1005,972 1001,972 999,970 966,970 950,986 948,987 942,993 919,993 913,987 911,986 905,980 904,978 896,970 872,970 868,974 867,976 814,976 794,956 793,954 789,950 787,949 785,947 742,947 740,949 738,950 720,968 705,968 703,970 699,970 695,974 685,974 683,972 682,970 660,970 646,956 645,954 639,948 637,948 635,947 623,947 621,948 609,960 608,962 600,970 559,970 551,978 541,978 535,972 534,970 514,970 512,968 500,968 498,970 479,970 471,978 469,978 461,970 454,970 432,948 428,948 426,947 415,947 413,948 391,970 384,970 380,974 374,974 370,970 358,970 350,962 349,960 337,948 335,947 327,939 317,939 313,943 312,945 310,947 308,948 278,978 267,978"/>
                <Baseline points="277,1015 353,1017 430,1018 506,1020 583,1020 660,1021 736,1022 813,1022 889,1022 966,1021 1043,1021 1119,1021 1196,1020 1272,1020 1349,1019 1426,1019 1502,1019 1579,1019 1655,1019 1732,1019 1809,1020"/>
                <TextEquiv>
                    <Unicode>declamationibus, praesertim adversus eos,</Unicode>
                </TextEquiv>
            </TextLine>
            <TextLine id="r1l15" custom="readingOrder {index:8;}">
                <Coords points="274,1133 286,1133 302,1149 303,1151 305,1152 309,1156 335,1156 360,1131 375,1131 377,1129 381,1129 383,1131 387,1131 389,1129 399,1129 401,1131 405,1131 411,1137 412,1139 418,1145 420,1146 430,1156 453,1156 465,1144 467,1143 479,1131 522,1131 523,1133 541,1133 543,1131 553,1131 555,1129 560,1129 564,1133 596,1133 597,1131 603,1131 605,1133 613,1133 615,1131 623,1131 625,1133 635,1133 636,1131 640,1131 642,1133 650,1133 652,1131 673,1131 677,1127 681,1127 685,1131 699,1131 701,1132 864,1132 888,1156 890,1156 892,1158 896,1158 897,1156 929,1156 931,1154 932,1152 952,1132 975,1132 983,1140 1001,1140 1005,1136 1010,1136 1022,1148 1038,1148 1040,1150 1044,1150 1045,1148 1069,1124 1071,1124 1077,1130 1080,1130 1082,1132 1110,1132 1112,1130 1114,1130 1116,1128 1117,1126 1119,1126 1123,1130 1129,1130 1131,1132 1141,1132 1143,1130 1145,1132 1160,1132 1166,1126 1168,1126 1172,1130 1176,1130 1178,1132 1201,1132 1203,1130 1205,1132 1377,1132 1378,1130 1392,1130 1394,1128 1398,1132 1406,1132 1408,1131 1439,1131 1441,1130 1443,1128 1460,1128 1462,1129 1488,1155 1495,1155 1497,1157 1501,1157 1525,1133 1526,1131 1546,1131 1548,1129 1552,1129 1556,1125 1558,1125 1562,1129 1563,1131 1593,1131 1595,1129 1602,1129 1604,1131 1622,1131 1624,1129 1628,1129 1630,1131 1645,1131 1647,1129 1651,1129 1653,1131 1665,1131 1671,1125 1688,1125 1690,1123 1696,1123 1698,1121 1702,1125 1731,1125 1739,1133 1772,1133 1774,1131 1782,1131 1784,1129 1785,1127 1797,1115 1821,1115 1820,1069 1778,1069 1774,1065 1702,1065 1698,1069 1696,1067 1682,1067 1680,1065 1678,1065 1670,1057 1669,1055 1659,1045 1657,1044 1655,1042 1624,1042 1620,1046 1618,1047 1600,1065 1567,1065 1563,1069 1561,1067 1559,1067 1558,1065 1526,1065 1524,1067 1521,1067 1519,1065 1513,1065 1511,1067 1509,1065 1499,1065 1497,1067 1495,1065 1480,1065 1478,1067 1456,1067 1454,1065 1439,1065 1437,1067 1423,1067 1421,1065 1400,1065 1398,1067 1384,1067 1382,1065 1361,1065 1359,1067 1343,1067 1341,1065 1326,1065 1324,1067 1322,1065 1318,1065 1316,1063 1314,1062 1298,1046 1297,1044 1295,1042 1277,1042 1261,1058 1260,1060 1256,1064 1238,1064 1224,1050 1223,1050 1215,1042 1191,1042 1187,1046 1186,1048 1164,1070 1162,1071 1160,1073 1158,1073 1156,1071 1154,1070 1150,1066 1135,1066 1113,1044 1112,1042 1094,1042 1076,1060 1075,1062 1073,1064 1069,1064 1047,1042 1041,1042 1039,1044 1038,1044 1036,1042 1028,1042 1026,1044 1020,1044 1018,1042 999,1042 991,1050 989,1050 987,1052 983,1052 981,1054 977,1054 965,1066 964,1068 962,1068 960,1066 954,1066 952,1068 948,1068 944,1072 932,1072 928,1068 927,1066 893,1066 891,1068 890,1070 884,1076 882,1074 872,1074 870,1072 843,1072 839,1076 835,1076 833,1074 810,1074 808,1076 804,1072 798,1072 794,1076 792,1074 767,1074 749,1056 747,1055 743,1051 742,1049 704,1049 703,1051 687,1051 679,1059 677,1060 669,1068 668,1070 664,1074 648,1074 640,1066 636,1066 634,1064 631,1064 629,1066 615,1066 613,1064 609,1064 607,1066 605,1066 601,1070 595,1070 594,1072 592,1072 586,1066 584,1066 582,1064 568,1064 566,1065 549,1065 547,1066 539,1074 527,1074 525,1072 521,1072 520,1074 504,1074 502,1072 498,1072 496,1074 494,1072 488,1072 486,1074 440,1074 438,1072 430,1072 428,1071 408,1051 407,1049 399,1041 389,1041 371,1059 370,1061 366,1065 364,1065 356,1073 342,1073 334,1065 296,1065 284,1077 274,1077"/>
                <Baseline points="284,1115 360,1116 436,1117 512,1118 589,1119 665,1119 741,1120 818,1120 894,1120 970,1120 1047,1120 1123,1119 1199,1119 1275,1118 1352,1118 1428,1117 1504,1117 1581,1116 1657,1116 1733,1115 1810,1115"/>
                <TextEquiv>
                    <Unicode>qui puram Euangelij doctrinam profiten</Unicode>
                </TextEquiv>
            </TextLine>
            <TextLine id="r1l18" custom="readingOrder {index:9;}">
                <Coords points="268,1211 278,1211 284,1217 285,1219 287,1221 291,1221 295,1225 313,1225 317,1229 342,1229 344,1227 350,1227 352,1229 354,1230 360,1230 361,1229 389,1229 397,1221 398,1219 400,1217 404,1217 414,1227 416,1228 424,1236 432,1236 434,1234 435,1232 439,1228 441,1228 443,1227 453,1217 461,1225 463,1226 471,1234 472,1236 488,1252 494,1252 496,1250 502,1250 506,1246 508,1246 509,1244 525,1228 576,1228 578,1230 583,1230 585,1228 599,1228 603,1224 609,1230 646,1230 648,1228 728,1228 730,1226 731,1224 737,1224 741,1228 768,1228 772,1224 778,1224 784,1230 813,1230 815,1228 883,1228 887,1224 889,1224 893,1228 971,1228 973,1230 977,1230 979,1228 992,1228 994,1230 1004,1230 1006,1228 1008,1228 1012,1224 1018,1224 1022,1228 1037,1228 1039,1226 1041,1226 1043,1224 1045,1224 1051,1230 1061,1230 1063,1228 1065,1228 1066,1230 1070,1230 1072,1228 1074,1228 1076,1230 1080,1230 1092,1218 1102,1228 1103,1230 1129,1230 1131,1228 1142,1228 1158,1212 1160,1212 1176,1228 1185,1228 1187,1226 1189,1226 1199,1236 1201,1237 1213,1249 1214,1251 1216,1253 1232,1253 1255,1230 1310,1230 1312,1228 1343,1228 1345,1230 1347,1231 1361,1245 1362,1247 1366,1251 1368,1251 1370,1253 1394,1253 1398,1249 1399,1247 1401,1245 1403,1245 1405,1243 1409,1243 1423,1229 1429,1229 1431,1228 1433,1226 1436,1229 1514,1229 1516,1227 1518,1227 1520,1229 1528,1229 1530,1227 1536,1227 1538,1229 1565,1229 1567,1227 1569,1229 1590,1229 1596,1223 1598,1222 1602,1218 1604,1218 1606,1220 1608,1221 1614,1227 1631,1227 1633,1229 1641,1229 1643,1227 1658,1227 1660,1229 1686,1229 1694,1221 1729,1221 1731,1219 1732,1219 1734,1217 1738,1221 1758,1221 1764,1227 1766,1227 1768,1229 1781,1229 1783,1227 1785,1227 1797,1215 1806,1215 1806,1149 1795,1149 1787,1141 1785,1140 1783,1138 1764,1138 1760,1142 1754,1142 1750,1138 1711,1138 1705,1144 1703,1145 1693,1155 1692,1157 1690,1157 1678,1145 1676,1144 1670,1138 1647,1138 1639,1146 1637,1147 1619,1165 1618,1167 1604,1181 1600,1181 1590,1171 1586,1171 1584,1169 1563,1169 1561,1171 1553,1171 1551,1169 1540,1169 1538,1171 1536,1171 1534,1173 1530,1173 1528,1171 1524,1171 1522,1169 1503,1169 1487,1153 1485,1152 1473,1140 1462,1140 1460,1138 1444,1138 1434,1148 1433,1148 1431,1146 1407,1146 1399,1154 1397,1155 1396,1157 1386,1167 1370,1167 1368,1169 1357,1169 1353,1173 1345,1173 1343,1171 1341,1171 1339,1169 1325,1169 1323,1167 1322,1165 1316,1159 1314,1158 1300,1144 1257,1144 1249,1152 1248,1154 1242,1160 1240,1161 1238,1163 1232,1163 1230,1161 1228,1160 1214,1146 1207,1146 1205,1148 1189,1148 1187,1146 1177,1146 1175,1148 1173,1148 1172,1150 1158,1164 1156,1165 1154,1167 1150,1167 1148,1165 1146,1164 1136,1154 1135,1152 1121,1138 1105,1138 1099,1144 1098,1146 1078,1166 1076,1167 1074,1169 1008,1169 1006,1168 1000,1162 979,1162 971,1170 891,1170 889,1172 887,1173 885,1173 883,1172 879,1172 877,1170 876,1168 854,1146 842,1146 840,1144 815,1144 811,1148 809,1146 805,1146 803,1148 798,1148 796,1146 792,1146 766,1172 751,1172 749,1170 745,1170 743,1172 739,1172 737,1170 733,1170 731,1172 706,1172 704,1170 694,1170 692,1172 691,1174 689,1176 687,1176 681,1170 675,1170 673,1172 671,1170 659,1170 657,1172 655,1170 654,1168 632,1146 618,1146 617,1148 597,1168 589,1168 587,1170 472,1170 470,1172 469,1174 463,1180 461,1180 457,1184 453,1184 439,1170 432,1170 430,1172 428,1172 426,1170 420,1170 414,1176 412,1176 408,1180 398,1170 369,1170 367,1172 363,1172 361,1170 346,1170 344,1172 342,1170 321,1170 309,1158 307,1157 305,1155 291,1155 289,1157 287,1158 283,1162 282,1164 280,1166 268,1166"/>
                <Baseline points="278,1213 353,1214 429,1215 505,1216 581,1216 657,1216 733,1216 809,1216 885,1216 961,1216 1037,1216 1112,1216 1188,1215 1264,1215 1340,1215 1416,1214 1492,1214 1568,1214 1644,1214 1720,1214 1796,1214"/>
                <TextEquiv>
                    <Unicode>tur: qua in re libenter a Syllogismis absti</Unicode>
                </TextEquiv>
            </TextLine>
            <TextLine id="r1l20" custom="readingOrder {index:10;}">
                <Coords points="272,1328 281,1328 283,1330 285,1331 297,1331 299,1329 301,1328 303,1326 318,1326 320,1324 330,1324 334,1320 336,1320 342,1326 344,1326 348,1324 361,1324 363,1325 371,1325 373,1323 381,1323 383,1325 402,1325 404,1323 420,1323 422,1325 427,1325 429,1323 431,1323 433,1325 478,1325 480,1323 482,1323 486,1319 492,1319 496,1323 500,1323 501,1325 503,1327 511,1327 517,1333 525,1333 533,1341 542,1341 546,1345 548,1346 550,1348 560,1348 564,1344 576,1356 583,1356 585,1354 595,1354 599,1350 601,1350 603,1348 611,1348 613,1346 622,1346 624,1348 630,1348 640,1338 642,1337 646,1333 657,1333 665,1325 692,1325 694,1323 706,1323 708,1325 714,1325 720,1319 727,1319 733,1325 739,1325 741,1323 753,1323 757,1327 759,1328 764,1328 768,1332 784,1332 790,1326 792,1325 801,1325 803,1324 805,1324 807,1323 809,1323 811,1324 825,1324 827,1322 829,1324 868,1324 870,1322 881,1322 883,1324 912,1324 920,1316 924,1314 928,1314 938,1324 971,1324 973,1322 977,1322 979,1324 1016,1324 1018,1322 1019,1324 1021,1326 1051,1326 1053,1324 1055,1324 1056,1322 1058,1322 1060,1324 1070,1324 1072,1322 1076,1322 1080,1326 1090,1326 1092,1324 1093,1322 1095,1324 1103,1324 1105,1322 1109,1322 1113,1326 1129,1326 1130,1324 1132,1322 1134,1322 1138,1326 1195,1326 1197,1324 1201,1324 1203,1322 1212,1322 1216,1326 1218,1327 1232,1341 1245,1341 1253,1333 1259,1333 1261,1331 1265,1331 1271,1325 1288,1325 1292,1321 1300,1321 1304,1325 1325,1325 1351,1351 1355,1351 1356,1353 1358,1354 1360,1356 1374,1356 1378,1352 1380,1351 1390,1341 1391,1339 1405,1325 1452,1325 1454,1323 1458,1323 1460,1325 1467,1325 1469,1323 1471,1325 1481,1325 1483,1323 1485,1325 1522,1325 1524,1323 1526,1323 1528,1325 1532,1325 1534,1323 1549,1323 1551,1325 1567,1325 1569,1323 1571,1323 1573,1325 1580,1325 1582,1323 1590,1323 1592,1325 1600,1325 1602,1323 1612,1323 1613,1325 1629,1325 1631,1323 1633,1325 1656,1325 1658,1323 1660,1323 1662,1325 1680,1325 1682,1323 1684,1325 1686,1326 1711,1326 1717,1332 1728,1332 1730,1330 1736,1330 1738,1328 1740,1330 1744,1330 1746,1328 1748,1328 1754,1322 1756,1322 1758,1324 1783,1324 1791,1316 1793,1315 1797,1311 1798,1309 1810,1309 1810,1270 1798,1270 1794,1266 1793,1266 1785,1258 1773,1258 1765,1266 1759,1266 1757,1268 1756,1270 1752,1274 1748,1274 1740,1282 1728,1282 1720,1274 1719,1272 1713,1266 1682,1266 1680,1264 1674,1264 1672,1266 1656,1266 1625,1235 1613,1235 1611,1233 1607,1233 1605,1235 1604,1237 1582,1259 1580,1260 1574,1266 1572,1266 1571,1264 1565,1264 1563,1266 1539,1266 1537,1264 1533,1264 1532,1266 1500,1266 1498,1267 1475,1267 1473,1265 1463,1265 1461,1267 1448,1267 1422,1241 1411,1241 1409,1243 1405,1243 1403,1245 1401,1245 1385,1261 1384,1263 1382,1265 1350,1265 1348,1267 1347,1269 1343,1273 1337,1267 1329,1267 1319,1257 1311,1257 1310,1259 1304,1265 1282,1265 1278,1269 1271,1269 1267,1265 1253,1265 1245,1273 1241,1273 1237,1269 1236,1267 1234,1265 1199,1265 1197,1267 1175,1267 1173,1265 1169,1265 1163,1259 1162,1259 1160,1258 1148,1258 1146,1259 1138,1267 1117,1267 1115,1265 1111,1265 1109,1267 1097,1267 1095,1265 1089,1265 1088,1267 1086,1265 1080,1265 1078,1267 1076,1265 1066,1265 1062,1267 1056,1267 1054,1266 1041,1266 1039,1268 1031,1268 1029,1266 1025,1266 1023,1268 1015,1268 1014,1266 1000,1266 998,1268 992,1268 990,1266 982,1266 980,1268 971,1268 969,1266 941,1266 940,1268 916,1268 914,1266 704,1266 702,1264 663,1264 661,1262 659,1261 649,1251 638,1251 626,1263 593,1263 591,1265 587,1265 585,1267 579,1267 577,1265 568,1265 552,1249 538,1249 530,1241 517,1241 515,1239 513,1239 505,1247 503,1247 501,1249 497,1249 495,1251 486,1251 466,1271 460,1271 458,1269 457,1267 447,1257 429,1257 421,1265 420,1267 418,1265 410,1265 408,1267 383,1267 381,1265 361,1265 359,1267 347,1267 346,1265 342,1265 336,1271 334,1271 328,1265 316,1265 314,1267 312,1265 305,1265 303,1267 295,1267 293,1265 285,1265 283,1267 272,1267"/>
                <Baseline points="282,1314 357,1314 433,1314 509,1314 585,1314 661,1314 737,1314 813,1314 889,1314 965,1314 1041,1314 1116,1314 1192,1313 1268,1313 1344,1313 1420,1313 1496,1312 1572,1312 1648,1311 1724,1311 1800,1310"/>
                <TextEquiv>
                    <Unicode>nent. Quum enim conuitia, vt plurimum, e</Unicode>
                </TextEquiv>
            </TextLine>
            <TextLine id="r1l22" custom="readingOrder {index:11;}">
                <Coords points="272,1427 285,1427 287,1425 297,1425 301,1421 303,1421 305,1420 334,1420 336,1421 340,1425 348,1425 350,1427 363,1427 365,1425 371,1425 377,1419 408,1419 410,1421 431,1421 433,1419 447,1419 457,1429 463,1429 464,1427 466,1427 468,1425 470,1427 490,1427 498,1419 500,1421 501,1423 503,1425 542,1425 544,1427 568,1427 574,1421 575,1419 589,1419 597,1427 612,1427 620,1419 622,1419 630,1427 642,1427 644,1425 649,1425 661,1413 671,1413 683,1425 708,1425 710,1427 720,1427 722,1425 747,1425 749,1427 759,1427 760,1425 770,1425 774,1421 784,1421 786,1419 788,1419 794,1425 796,1425 797,1427 799,1429 817,1429 821,1425 842,1425 846,1429 852,1429 854,1427 858,1427 864,1421 982,1421 988,1415 1008,1415 1014,1421 1183,1421 1191,1429 1203,1429 1205,1427 1216,1427 1220,1423 1341,1423 1349,1431 1351,1432 1353,1434 1364,1434 1368,1430 1370,1429 1372,1427 1374,1429 1376,1429 1390,1415 1391,1413 1393,1411 1397,1411 1407,1421 1462,1421 1464,1419 1465,1419 1467,1417 1471,1417 1475,1421 1495,1421 1497,1419 1502,1419 1504,1417 1508,1421 1569,1421 1573,1417 1576,1417 1580,1421 1760,1421 1761,1420 1783,1420 1785,1419 1791,1413 1806,1413 1806,1350 1796,1350 1795,1348 1793,1346 1791,1345 1785,1339 1773,1339 1771,1337 1763,1337 1759,1341 1758,1343 1752,1337 1750,1337 1746,1333 1744,1333 1742,1331 1730,1331 1726,1335 1722,1335 1721,1333 1717,1333 1711,1339 1703,1339 1701,1337 1697,1337 1695,1339 1687,1339 1685,1337 1680,1337 1668,1349 1666,1350 1656,1360 1652,1360 1648,1364 1647,1364 1643,1360 1608,1360 1584,1384 1580,1384 1576,1380 1575,1378 1559,1362 1553,1362 1551,1360 1532,1360 1528,1364 1524,1364 1520,1360 1512,1360 1508,1364 1504,1364 1500,1360 1471,1360 1463,1368 1462,1366 1460,1364 1458,1364 1456,1362 1446,1362 1444,1364 1440,1364 1438,1362 1413,1362 1391,1384 1384,1384 1380,1388 1374,1388 1372,1386 1360,1386 1352,1378 1351,1376 1333,1358 1331,1357 1327,1353 1314,1353 1310,1357 1308,1358 1306,1360 1263,1360 1259,1364 1255,1360 1236,1360 1234,1359 1212,1337 1197,1337 1173,1361 1158,1361 1156,1362 1154,1364 1152,1362 1150,1361 1128,1339 1127,1337 1103,1337 1093,1347 1092,1349 1080,1361 1053,1361 1051,1363 1049,1364 1047,1363 1045,1363 1043,1361 1021,1361 1019,1363 1018,1365 1016,1366 1002,1380 1000,1380 986,1366 984,1365 982,1363 975,1363 973,1361 959,1361 953,1367 951,1368 949,1367 947,1365 945,1365 944,1363 942,1361 936,1361 932,1365 928,1361 918,1361 914,1365 908,1365 906,1363 889,1363 887,1361 858,1361 856,1363 852,1363 850,1361 840,1361 838,1363 832,1363 831,1361 825,1361 823,1363 819,1363 817,1361 803,1361 801,1363 795,1363 794,1361 768,1361 766,1363 762,1363 760,1361 755,1361 753,1363 751,1363 727,1339 716,1339 714,1337 708,1337 706,1339 704,1337 694,1337 684,1347 683,1349 665,1367 661,1367 655,1361 647,1361 646,1363 642,1363 632,1353 630,1353 624,1347 610,1347 609,1349 607,1351 603,1351 601,1349 599,1351 597,1351 595,1353 591,1353 573,1371 566,1371 558,1363 550,1363 548,1361 542,1361 536,1367 533,1367 527,1361 488,1361 486,1363 472,1363 470,1361 455,1361 453,1363 449,1363 447,1361 443,1361 441,1363 424,1363 422,1361 414,1361 412,1363 410,1361 394,1361 392,1363 388,1363 387,1361 381,1361 375,1367 373,1367 369,1363 365,1363 363,1361 355,1361 353,1363 351,1361 344,1361 338,1367 332,1367 326,1361 318,1361 316,1363 314,1363 313,1361 309,1361 307,1363 299,1363 297,1361 293,1361 291,1363 289,1363 287,1361 272,1361"/>
                <Baseline points="281,1411 356,1411 432,1411 508,1411 584,1411 659,1411 735,1411 811,1411 887,1412 962,1412 1038,1412 1114,1412 1190,1412 1265,1412 1341,1412 1417,1411 1493,1411 1568,1411 1644,1410 1720,1409 1796,1408"/>
                <TextEquiv>
                    <Unicode>uomant &amp; flammas anhelent, non existi</Unicode>
                </TextEquiv>
            </TextLine>
            <TextLine id="r1l24" custom="readingOrder {index:12;}">
                <Coords points="264,1515 280,1515 284,1519 319,1519 323,1523 325,1523 327,1525 334,1525 336,1523 338,1523 342,1519 346,1519 348,1517 350,1517 352,1515 358,1515 362,1519 373,1519 379,1525 389,1525 391,1523 393,1523 397,1519 401,1519 414,1532 430,1532 432,1530 440,1538 442,1538 444,1540 445,1542 451,1542 453,1540 455,1540 463,1532 471,1532 477,1526 488,1526 490,1524 498,1524 500,1522 502,1521 504,1519 516,1519 518,1517 535,1517 537,1519 539,1520 543,1524 553,1524 555,1522 556,1520 558,1519 564,1513 566,1513 572,1519 574,1520 576,1522 590,1522 592,1524 601,1524 607,1518 615,1518 619,1522 621,1522 623,1524 632,1524 638,1518 640,1518 644,1522 646,1522 648,1524 664,1524 666,1522 667,1522 671,1526 675,1526 677,1524 697,1524 699,1522 701,1522 703,1524 710,1524 712,1522 714,1522 720,1516 728,1516 730,1514 732,1513 734,1511 736,1511 738,1513 740,1514 745,1514 749,1518 751,1518 755,1522 757,1522 759,1524 777,1524 778,1522 782,1518 792,1518 798,1524 815,1524 821,1518 827,1524 847,1524 849,1522 851,1524 876,1524 878,1522 880,1522 882,1524 895,1524 901,1518 921,1518 925,1522 926,1524 940,1524 942,1522 948,1522 950,1524 960,1524 962,1522 963,1520 967,1516 969,1516 971,1514 975,1514 979,1518 1039,1518 1045,1524 1055,1524 1065,1514 1067,1514 1075,1522 1076,1522 1078,1524 1096,1524 1110,1510 1111,1510 1119,1518 1121,1518 1129,1526 1143,1526 1149,1532 1150,1534 1152,1535 1160,1543 1162,1543 1168,1549 1178,1549 1180,1547 1182,1547 1186,1543 1187,1541 1193,1535 1195,1534 1209,1520 1211,1520 1215,1524 1224,1524 1226,1526 1232,1526 1240,1518 1250,1518 1252,1516 1261,1516 1269,1524 1273,1524 1275,1526 1281,1526 1283,1524 1285,1526 1291,1526 1293,1524 1298,1524 1304,1530 1306,1531 1324,1549 1343,1549 1363,1529 1365,1528 1371,1522 1372,1520 1376,1516 1380,1516 1388,1524 1394,1524 1396,1526 1406,1526 1408,1524 1417,1524 1419,1526 1427,1526 1429,1524 1431,1524 1433,1525 1452,1525 1454,1524 1470,1524 1472,1525 1478,1525 1480,1524 1482,1524 1483,1522 1487,1518 1499,1518 1501,1516 1536,1516 1544,1508 1550,1508 1556,1514 1557,1516 1561,1520 1563,1521 1565,1523 1567,1523 1569,1525 1577,1525 1579,1523 1585,1523 1587,1521 1589,1520 1593,1516 1596,1516 1598,1518 1641,1518 1643,1516 1651,1516 1653,1514 1655,1516 1657,1517 1688,1517 1696,1525 1704,1525 1705,1523 1707,1521 1709,1521 1713,1525 1727,1525 1735,1517 1746,1517 1748,1515 1776,1515 1783,1508 1803,1508 1803,1478 1787,1478 1785,1476 1783,1475 1777,1469 1776,1467 1774,1467 1766,1459 1744,1459 1742,1461 1740,1461 1739,1463 1737,1465 1725,1465 1719,1459 1715,1459 1713,1461 1711,1459 1702,1459 1700,1457 1663,1457 1649,1443 1647,1442 1639,1434 1622,1434 1616,1440 1608,1440 1604,1444 1602,1445 1592,1455 1591,1457 1589,1459 1567,1459 1559,1467 1557,1467 1555,1469 1554,1471 1548,1471 1534,1457 1532,1457 1530,1459 1511,1459 1503,1467 1501,1467 1499,1465 1497,1465 1495,1463 1493,1463 1491,1465 1483,1465 1481,1467 1480,1467 1478,1465 1476,1465 1474,1467 1472,1467 1470,1465 1468,1465 1466,1463 1464,1463 1460,1459 1458,1459 1456,1457 1450,1457 1448,1459 1444,1455 1443,1453 1441,1451 1439,1450 1425,1436 1421,1436 1419,1434 1405,1434 1404,1432 1396,1432 1394,1434 1390,1434 1386,1438 1380,1438 1374,1432 1372,1432 1370,1434 1368,1434 1367,1436 1365,1434 1361,1434 1341,1454 1339,1455 1335,1459 1333,1459 1332,1457 1318,1457 1308,1467 1304,1467 1296,1459 1295,1457 1293,1456 1289,1452 1283,1452 1281,1450 1277,1450 1275,1452 1273,1452 1257,1436 1256,1434 1240,1434 1236,1438 1232,1434 1219,1434 1217,1432 1211,1432 1185,1458 1182,1458 1166,1442 1154,1442 1152,1440 1129,1440 1119,1450 1111,1450 1109,1448 1108,1446 1094,1432 1092,1432 1088,1436 1076,1436 1072,1440 1069,1440 1065,1436 1061,1436 1057,1432 1041,1432 1035,1438 1034,1440 1012,1462 1008,1458 985,1458 977,1466 965,1466 961,1462 960,1460 958,1458 899,1458 895,1462 891,1462 889,1460 887,1460 886,1458 874,1458 872,1460 856,1460 854,1458 827,1458 821,1464 817,1460 804,1460 802,1458 790,1458 784,1464 780,1464 776,1460 773,1460 771,1458 751,1458 745,1464 734,1464 730,1460 726,1460 724,1458 712,1458 702,1448 701,1446 695,1440 693,1439 689,1435 683,1435 681,1433 673,1433 650,1456 636,1456 628,1448 627,1446 625,1444 623,1443 607,1427 597,1427 595,1425 589,1425 588,1427 570,1445 568,1446 554,1460 549,1460 547,1458 541,1458 539,1460 535,1460 533,1458 527,1458 521,1464 517,1464 516,1462 512,1458 502,1458 500,1460 498,1460 496,1458 477,1458 475,1460 473,1460 471,1458 395,1458 391,1462 385,1462 381,1458 366,1458 358,1466 350,1466 342,1458 264,1458"/>
                <Baseline points="274,1507 350,1507 426,1507 502,1508 578,1508 654,1508 730,1509 806,1509 882,1509 958,1509 1034,1509 1110,1509 1186,1509 1262,1509 1338,1509 1414,1508 1490,1508 1566,1507 1642,1506 1718,1505 1794,1504"/>
                <TextEquiv>
                    <Unicode>marunt satis commode Syllogismis cum mo</Unicode>
                </TextEquiv>
            </TextLine>
            <TextLine id="r1l26" custom="readingOrder {index:13;}">
                <Coords points="273,1613 343,1613 345,1614 351,1620 358,1620 364,1614 366,1613 374,1613 382,1605 384,1605 401,1622 415,1622 421,1628 438,1628 440,1626 442,1626 448,1620 464,1620 466,1618 467,1616 469,1614 471,1613 477,1607 481,1607 487,1613 489,1614 495,1620 506,1620 508,1618 510,1618 536,1644 577,1644 578,1642 600,1620 664,1620 670,1614 676,1620 697,1620 705,1612 707,1611 711,1607 713,1607 717,1611 719,1612 725,1618 726,1620 832,1620 836,1616 837,1614 865,1614 867,1612 876,1612 880,1616 890,1616 894,1620 902,1620 910,1612 912,1611 915,1611 917,1612 919,1614 939,1614 941,1612 952,1612 954,1611 956,1612 964,1620 989,1620 991,1618 993,1618 995,1616 1011,1616 1013,1618 1024,1618 1030,1612 1032,1611 1038,1611 1040,1612 1048,1620 1083,1620 1087,1616 1089,1616 1093,1620 1110,1620 1112,1618 1114,1618 1116,1616 1134,1634 1135,1636 1143,1644 1171,1644 1172,1642 1202,1612 1204,1612 1208,1616 1209,1618 1211,1620 1231,1620 1239,1612 1243,1612 1245,1614 1246,1616 1248,1616 1252,1620 1309,1620 1313,1616 1315,1618 1320,1618 1326,1612 1334,1620 1359,1620 1367,1612 1369,1611 1371,1609 1373,1611 1375,1612 1379,1612 1381,1614 1393,1614 1394,1612 1406,1612 1414,1620 1472,1620 1496,1644 1527,1644 1541,1630 1542,1628 1550,1620 1568,1620 1572,1616 1576,1616 1578,1618 1579,1620 1599,1620 1605,1626 1607,1626 1609,1628 1624,1628 1638,1614 1648,1614 1654,1620 1673,1620 1679,1614 1683,1614 1687,1618 1696,1618 1700,1614 1776,1614 1778,1612 1780,1612 1782,1611 1784,1611 1790,1605 1817,1605 1817,1572 1807,1572 1805,1573 1803,1575 1802,1577 1798,1577 1794,1573 1792,1572 1776,1556 1774,1556 1772,1554 1766,1554 1765,1552 1749,1536 1747,1535 1743,1531 1718,1531 1714,1535 1712,1536 1694,1554 1667,1554 1653,1540 1652,1538 1650,1537 1644,1531 1632,1531 1626,1537 1624,1538 1616,1546 1615,1548 1607,1556 1601,1556 1599,1554 1581,1554 1579,1556 1578,1558 1576,1560 1566,1560 1560,1554 1550,1554 1544,1560 1519,1560 1515,1556 1511,1556 1509,1554 1486,1554 1480,1560 1470,1560 1468,1558 1467,1556 1465,1554 1447,1554 1441,1560 1437,1560 1433,1556 1431,1556 1430,1554 1422,1554 1406,1538 1404,1537 1398,1531 1383,1531 1377,1537 1375,1538 1357,1556 1356,1558 1354,1560 1350,1560 1346,1564 1344,1562 1336,1562 1320,1546 1319,1544 1313,1538 1311,1537 1305,1531 1262,1531 1256,1537 1254,1537 1252,1538 1246,1544 1245,1546 1235,1556 1233,1554 1204,1554 1200,1558 1171,1558 1169,1556 1167,1556 1165,1554 1151,1554 1149,1556 1143,1556 1135,1548 1134,1546 1126,1538 1124,1537 1118,1531 1093,1531 1087,1537 1085,1538 1079,1544 1077,1544 1071,1538 1046,1538 1036,1548 1032,1548 1024,1540 1023,1538 1021,1537 1015,1531 976,1531 970,1537 968,1538 950,1556 947,1556 945,1554 925,1554 919,1560 917,1560 913,1556 910,1556 908,1554 876,1554 874,1556 873,1556 871,1554 861,1554 859,1556 857,1556 855,1554 847,1554 837,1544 836,1542 832,1538 824,1538 816,1546 814,1546 806,1554 800,1548 799,1546 791,1538 789,1537 783,1531 742,1531 736,1537 734,1538 726,1546 725,1548 711,1562 695,1546 678,1546 670,1554 606,1554 598,1562 582,1562 578,1558 577,1556 575,1554 555,1554 532,1531 518,1531 514,1535 510,1531 503,1531 495,1539 493,1540 473,1560 469,1560 467,1558 466,1556 464,1554 456,1554 442,1540 440,1539 411,1539 409,1540 407,1540 393,1554 392,1556 384,1564 380,1564 378,1562 376,1562 368,1554 351,1554 337,1540 335,1539 327,1531 304,1531 296,1539 294,1540 282,1552 273,1552"/>
                <Baseline points="282,1602 358,1603 434,1603 510,1604 587,1604 663,1605 739,1605 816,1605 892,1606 968,1606 1045,1606 1121,1606 1197,1605 1273,1605 1350,1605 1426,1605 1502,1604 1579,1604 1655,1603 1731,1603 1808,1602"/>
                <TextEquiv>
                    <Unicode>do &amp; figura facere se id posse: itaque in la</Unicode>
                </TextEquiv>
            </TextLine>
            <TextLine id="r1l27" custom="readingOrder {index:14;}">
                <Coords points="272,1706 284,1706 294,1716 301,1716 303,1715 313,1715 315,1714 317,1715 344,1715 346,1714 350,1710 352,1710 356,1714 358,1714 360,1715 385,1715 387,1713 389,1713 391,1715 426,1715 428,1713 430,1712 432,1710 463,1710 465,1711 469,1715 506,1715 508,1713 510,1713 512,1715 525,1715 527,1713 529,1713 531,1715 547,1715 549,1713 551,1713 553,1715 560,1715 562,1713 566,1717 572,1717 574,1715 603,1715 607,1711 609,1711 613,1715 634,1715 638,1711 640,1711 644,1715 652,1715 654,1717 685,1717 687,1715 704,1715 708,1711 712,1711 716,1715 718,1715 720,1717 724,1717 726,1715 730,1715 732,1717 740,1717 741,1715 747,1715 749,1717 759,1717 761,1715 784,1715 786,1717 794,1717 800,1711 815,1711 821,1717 847,1717 849,1715 856,1715 858,1717 862,1717 864,1715 870,1715 872,1717 880,1717 882,1715 884,1715 886,1717 901,1717 913,1705 917,1709 919,1709 925,1715 926,1717 934,1717 940,1723 954,1723 956,1721 962,1721 963,1723 971,1731 973,1732 993,1752 1006,1752 1008,1750 1010,1750 1014,1754 1016,1754 1018,1752 1030,1752 1038,1744 1039,1742 1051,1730 1053,1729 1065,1717 1074,1717 1076,1715 1080,1715 1086,1709 1104,1709 1110,1715 1123,1715 1127,1711 1129,1711 1131,1709 1166,1709 1174,1717 1184,1717 1185,1715 1187,1713 1195,1713 1197,1715 1201,1715 1203,1713 1205,1715 1228,1715 1236,1723 1238,1724 1254,1740 1256,1740 1258,1742 1265,1742 1267,1740 1291,1740 1293,1738 1297,1738 1298,1736 1302,1732 1304,1732 1314,1722 1316,1721 1320,1717 1328,1717 1332,1713 1333,1711 1335,1711 1339,1715 1341,1715 1343,1717 1349,1717 1351,1715 1359,1715 1361,1717 1367,1717 1369,1715 1370,1713 1374,1709 1382,1709 1384,1707 1388,1711 1394,1711 1400,1717 1409,1717 1411,1715 1417,1715 1423,1709 1444,1709 1446,1707 1452,1707 1460,1715 1462,1716 1476,1716 1478,1715 1483,1715 1485,1716 1593,1716 1594,1714 1596,1712 1598,1711 1600,1709 1606,1709 1608,1711 1610,1712 1614,1716 1637,1716 1641,1712 1643,1711 1645,1709 1647,1711 1649,1712 1653,1716 1670,1716 1676,1710 1678,1709 1704,1709 1705,1707 1707,1707 1709,1705 1711,1705 1713,1707 1715,1708 1758,1708 1766,1716 1783,1716 1789,1710 1791,1710 1797,1716 1824,1716 1824,1681 1815,1681 1803,1669 1801,1668 1781,1648 1774,1648 1760,1634 1756,1634 1754,1633 1733,1633 1731,1634 1713,1652 1711,1650 1702,1650 1700,1648 1690,1648 1686,1652 1684,1652 1680,1656 1678,1656 1674,1652 1661,1652 1657,1656 1647,1656 1641,1650 1637,1650 1635,1648 1612,1648 1602,1638 1600,1637 1590,1627 1589,1627 1587,1625 1575,1625 1561,1639 1559,1640 1555,1644 1554,1646 1552,1648 1542,1648 1534,1656 1513,1656 1511,1654 1509,1654 1505,1650 1493,1650 1491,1648 1462,1648 1456,1642 1454,1641 1442,1629 1441,1627 1439,1627 1437,1625 1423,1625 1419,1629 1417,1629 1415,1627 1405,1627 1404,1625 1402,1625 1382,1645 1380,1646 1374,1652 1341,1652 1339,1650 1333,1650 1331,1648 1304,1648 1300,1652 1298,1650 1291,1650 1289,1648 1263,1648 1259,1652 1242,1652 1240,1650 1232,1650 1230,1649 1209,1649 1207,1650 1201,1656 1199,1656 1197,1658 1182,1658 1180,1660 1176,1660 1168,1668 1152,1652 1150,1651 1148,1649 1039,1649 1035,1653 1034,1655 1032,1656 1022,1656 1020,1655 1016,1651 1008,1651 998,1641 997,1639 991,1633 961,1633 960,1635 942,1653 940,1651 924,1651 923,1653 917,1659 915,1660 911,1664 907,1660 905,1659 901,1659 899,1657 893,1657 889,1653 887,1653 886,1651 884,1649 878,1649 864,1635 858,1635 856,1633 837,1633 829,1641 821,1641 813,1649 812,1651 810,1653 808,1651 798,1651 792,1657 773,1657 765,1649 755,1649 737,1631 736,1629 734,1628 732,1626 718,1626 716,1628 714,1629 702,1641 701,1643 695,1649 685,1649 681,1653 677,1653 673,1649 656,1649 648,1657 630,1657 628,1655 627,1653 623,1649 613,1649 605,1657 586,1657 584,1659 568,1659 566,1657 560,1657 558,1659 539,1659 537,1657 529,1657 527,1659 506,1659 496,1649 477,1649 475,1651 473,1651 469,1655 449,1655 445,1659 443,1657 432,1657 424,1649 418,1649 416,1651 414,1649 397,1649 391,1655 381,1655 377,1651 373,1651 371,1649 358,1649 348,1659 321,1659 319,1657 313,1657 307,1651 293,1651 292,1649 284,1649 282,1651 272,1651"/>
                <Baseline points="282,1702 358,1702 435,1702 511,1702 588,1702 665,1702 741,1702 818,1702 894,1701 971,1701 1048,1701 1124,1701 1201,1701 1277,1701 1354,1701 1431,1701 1507,1701 1584,1701 1660,1701 1737,1701 1814,1702"/>
                <TextEquiv>
                    <Unicode>tiorem orationis campum ingredi maluerunt. </Unicode>
                </TextEquiv>
            </TextLine>
            <TextLine id="r1l28" custom="readingOrder {index:15;}">
                <Coords points="381,1799 391,1799 395,1803 401,1803 405,1807 411,1807 415,1811 417,1811 419,1813 420,1815 424,1815 428,1819 430,1820 438,1820 446,1828 496,1828 506,1818 508,1817 512,1813 551,1813 555,1809 557,1809 561,1813 576,1813 578,1811 586,1811 588,1813 605,1813 607,1811 613,1811 615,1813 621,1813 623,1811 625,1811 633,1803 637,1803 641,1807 642,1809 644,1811 650,1811 652,1812 654,1814 660,1814 678,1832 679,1834 681,1836 697,1836 701,1832 707,1832 715,1824 716,1822 726,1812 759,1812 767,1820 769,1820 771,1822 781,1822 785,1818 787,1818 789,1816 790,1814 792,1812 837,1812 841,1808 843,1808 847,1812 853,1812 859,1806 861,1805 863,1803 864,1801 868,1797 870,1797 876,1803 878,1804 886,1812 958,1812 968,1802 974,1802 975,1804 981,1810 983,1810 985,1812 999,1812 1001,1810 1007,1810 1009,1812 1012,1812 1014,1810 1018,1814 1022,1814 1030,1806 1032,1806 1036,1810 1038,1810 1040,1812 1048,1812 1049,1810 1051,1812 1057,1812 1059,1810 1065,1810 1071,1804 1073,1804 1075,1802 1081,1802 1085,1806 1086,1808 1106,1828 1116,1828 1120,1832 1122,1833 1124,1835 1125,1837 1129,1837 1133,1833 1135,1832 1155,1812 1176,1812 1184,1804 1188,1804 1198,1814 1203,1814 1205,1812 1207,1812 1209,1814 1217,1814 1219,1812 1221,1812 1223,1814 1227,1814 1229,1812 1233,1812 1235,1810 1236,1808 1242,1802 1246,1806 1248,1806 1256,1814 1270,1814 1272,1812 1285,1812 1287,1810 1291,1810 1299,1818 1301,1818 1305,1822 1312,1822 1322,1812 1328,1812 1334,1806 1336,1806 1344,1814 1367,1814 1371,1810 1373,1812 1383,1812 1384,1810 1386,1810 1388,1812 1400,1812 1418,1794 1420,1794 1421,1796 1439,1814 1529,1814 1531,1812 1532,1814 1566,1814 1568,1812 1579,1812 1581,1814 1589,1814 1591,1812 1595,1812 1597,1814 1605,1814 1606,1812 1608,1812 1620,1800 1626,1800 1638,1812 1645,1812 1647,1813 1655,1813 1657,1812 1663,1812 1671,1804 1686,1804 1692,1810 1694,1811 1704,1811 1706,1810 1712,1804 1756,1804 1760,1808 1762,1809 1766,1813 1782,1813 1790,1821 1807,1821 1807,1759 1797,1759 1791,1753 1789,1753 1788,1751 1782,1745 1766,1745 1764,1747 1758,1747 1756,1749 1754,1749 1752,1747 1751,1747 1749,1745 1743,1745 1741,1747 1739,1747 1737,1745 1721,1745 1719,1747 1717,1747 1715,1749 1710,1749 1698,1737 1696,1736 1682,1722 1671,1722 1669,1724 1667,1724 1665,1722 1663,1722 1661,1720 1655,1720 1641,1734 1640,1736 1638,1738 1636,1739 1618,1757 1612,1757 1610,1755 1608,1755 1604,1751 1603,1749 1601,1747 1593,1747 1591,1745 1585,1745 1583,1747 1581,1747 1579,1749 1577,1749 1571,1743 1569,1742 1567,1740 1566,1738 1558,1730 1544,1730 1542,1728 1529,1728 1527,1730 1517,1730 1507,1740 1505,1740 1495,1730 1480,1730 1472,1722 1454,1722 1453,1724 1433,1744 1427,1744 1419,1736 1418,1734 1406,1722 1404,1722 1402,1720 1390,1720 1388,1722 1384,1722 1380,1726 1379,1728 1363,1744 1351,1744 1347,1748 1345,1746 1342,1746 1338,1750 1336,1751 1332,1751 1330,1750 1328,1748 1326,1748 1324,1746 1293,1746 1291,1748 1287,1748 1285,1746 1262,1746 1256,1752 1250,1752 1248,1753 1246,1755 1242,1755 1240,1757 1236,1757 1234,1755 1231,1755 1229,1754 1215,1754 1207,1746 1190,1746 1182,1754 1178,1750 1172,1750 1170,1748 1157,1748 1155,1750 1153,1748 1151,1748 1149,1746 1139,1746 1135,1750 1133,1750 1129,1754 1127,1754 1121,1748 1120,1748 1118,1746 1112,1746 1110,1748 1102,1748 1100,1746 1094,1746 1086,1754 1085,1756 1081,1760 1079,1760 1073,1754 1071,1754 1063,1746 1046,1746 1040,1752 1036,1752 1034,1750 1032,1752 1018,1752 1016,1754 1014,1754 1012,1756 1010,1754 1009,1752 997,1752 995,1754 993,1752 991,1752 987,1756 985,1754 981,1754 973,1762 972,1764 970,1764 956,1750 913,1750 909,1746 903,1746 901,1744 894,1744 888,1750 781,1750 777,1746 775,1746 773,1744 769,1744 767,1746 765,1746 763,1744 757,1744 751,1738 750,1736 748,1735 744,1731 728,1731 726,1729 720,1729 699,1750 691,1750 679,1738 677,1737 676,1735 662,1721 658,1721 627,1752 623,1752 617,1746 559,1746 551,1754 473,1754 465,1746 463,1745 455,1737 453,1737 452,1735 448,1731 446,1731 444,1729 430,1729 428,1731 426,1729 416,1729 415,1731 413,1731 411,1729 399,1729 393,1735 381,1735"/>
                <Baseline points="392,1796 462,1797 532,1798 602,1798 673,1799 743,1799 813,1799 884,1799 954,1798 1024,1798 1095,1798 1165,1797 1235,1797 1305,1797 1376,1796 1446,1796 1516,1796 1587,1797 1657,1797 1727,1798 1798,1799"/>
                <TextEquiv>
                    <Unicode>Quum igitur ex iis quae ante dicta sunt, </Unicode>
                </TextEquiv>
            </TextLine>
            <TextLine id="r1l30" custom="readingOrder {index:16;}">
                <Coords points="260,1902 272,1902 273,1904 279,1910 287,1910 291,1906 293,1906 297,1910 301,1910 303,1908 309,1908 310,1910 316,1910 318,1908 363,1908 371,1916 384,1916 392,1908 402,1908 404,1910 408,1910 410,1908 445,1908 447,1910 453,1910 455,1908 464,1908 466,1910 472,1910 474,1908 486,1908 490,1912 495,1912 501,1918 515,1918 517,1916 521,1916 527,1910 540,1910 542,1908 544,1910 550,1910 552,1908 558,1908 560,1910 566,1910 568,1908 569,1910 579,1910 581,1908 589,1908 591,1910 601,1910 603,1908 622,1908 624,1910 634,1910 636,1908 642,1908 643,1910 653,1910 655,1908 659,1908 661,1910 679,1910 680,1908 682,1910 688,1910 690,1909 710,1909 712,1908 723,1908 725,1909 737,1909 739,1907 743,1907 745,1909 753,1909 755,1907 772,1907 774,1909 780,1909 782,1907 784,1907 788,1911 793,1911 799,1917 817,1917 827,1907 844,1907 846,1909 852,1909 854,1907 862,1907 864,1909 871,1909 881,1899 883,1899 893,1909 908,1909 910,1907 912,1909 918,1909 920,1907 928,1907 930,1909 938,1909 940,1907 945,1907 947,1909 957,1909 959,1907 961,1909 1004,1909 1006,1907 1008,1907 1012,1903 1025,1903 1029,1907 1031,1907 1033,1909 1054,1909 1056,1907 1058,1909 1084,1909 1086,1907 1088,1907 1089,1909 1095,1909 1097,1907 1101,1907 1103,1909 1109,1909 1111,1907 1123,1907 1125,1909 1134,1909 1136,1907 1146,1907 1148,1909 1156,1909 1158,1907 1175,1907 1177,1909 1189,1909 1191,1907 1193,1907 1195,1909 1216,1909 1220,1905 1226,1905 1230,1909 1239,1909 1243,1905 1249,1905 1253,1909 1378,1909 1380,1908 1432,1908 1434,1906 1436,1905 1442,1899 1446,1899 1452,1905 1454,1906 1456,1908 1497,1908 1498,1906 1500,1906 1502,1908 1547,1908 1549,1906 1551,1908 1565,1908 1567,1906 1576,1906 1578,1908 1584,1908 1590,1902 1592,1902 1598,1908 1606,1908 1608,1906 1611,1906 1615,1910 1664,1910 1670,1916 1683,1916 1689,1910 1695,1910 1703,1902 1728,1902 1734,1908 1754,1908 1756,1906 1757,1906 1761,1910 1777,1910 1779,1908 1785,1908 1793,1900 1794,1898 1796,1896 1808,1896 1808,1842 1796,1842 1790,1836 1789,1834 1781,1826 1753,1826 1752,1824 1744,1816 1736,1816 1734,1818 1724,1818 1722,1816 1716,1816 1714,1818 1711,1818 1687,1842 1679,1834 1678,1832 1666,1820 1664,1819 1648,1819 1646,1820 1640,1826 1639,1828 1617,1850 1586,1850 1566,1830 1565,1828 1561,1824 1559,1823 1553,1817 1545,1817 1537,1825 1535,1826 1529,1832 1528,1834 1516,1846 1514,1846 1496,1828 1494,1827 1485,1827 1483,1829 1479,1829 1477,1827 1463,1827 1461,1829 1459,1830 1457,1832 1455,1832 1454,1834 1444,1844 1442,1842 1413,1842 1411,1844 1401,1844 1399,1842 1383,1842 1382,1844 1376,1844 1374,1842 1370,1842 1368,1844 1364,1844 1360,1848 1358,1848 1352,1842 1294,1842 1288,1848 1286,1848 1282,1844 1278,1844 1276,1842 1263,1842 1261,1844 1259,1844 1255,1848 1204,1848 1200,1844 1198,1843 1191,1843 1175,1827 1159,1827 1158,1829 1140,1847 1134,1847 1122,1835 1121,1833 1117,1829 1111,1829 1109,1827 1105,1827 1085,1847 1074,1847 1070,1851 1041,1851 1039,1849 1035,1849 1033,1851 1023,1851 1011,1839 1010,1837 992,1819 990,1819 988,1818 978,1818 976,1819 974,1818 965,1818 963,1820 961,1818 953,1818 951,1820 949,1821 947,1823 939,1823 937,1825 936,1827 932,1827 912,1847 899,1847 895,1851 885,1851 877,1859 873,1859 867,1853 865,1853 863,1851 862,1849 858,1849 856,1851 842,1851 840,1849 791,1849 789,1847 788,1845 786,1845 782,1841 772,1841 766,1847 764,1847 735,1818 721,1818 719,1820 717,1820 713,1824 712,1826 704,1834 702,1835 694,1843 688,1843 682,1837 680,1836 676,1832 675,1830 663,1818 645,1818 639,1824 638,1826 632,1832 628,1832 624,1828 608,1828 602,1834 601,1836 597,1840 595,1841 585,1851 577,1843 575,1842 567,1834 564,1834 562,1836 560,1836 558,1834 552,1834 544,1842 542,1843 538,1847 527,1847 523,1851 515,1851 513,1849 503,1849 501,1851 493,1851 492,1849 480,1849 478,1851 455,1851 453,1849 445,1849 443,1851 441,1849 433,1849 431,1850 429,1850 427,1851 425,1850 423,1850 417,1844 416,1842 400,1826 396,1826 394,1828 384,1828 382,1826 375,1826 357,1844 343,1844 342,1842 320,1820 318,1819 314,1819 312,1817 299,1817 297,1819 295,1819 293,1820 271,1842 260,1842"/>
                <Baseline points="269,1895 345,1896 421,1896 498,1896 574,1896 651,1896 727,1896 804,1896 880,1896 957,1896 1033,1895 1109,1895 1186,1895 1262,1895 1339,1895 1415,1895 1492,1895 1568,1894 1645,1894 1721,1894 1798,1894"/>
                <TextEquiv>
                    <Unicode>satis manifestum esse arbitremur Scholasti</Unicode>
                </TextEquiv>
            </TextLine>
            <TextLine id="r1l33" custom="readingOrder {index:17;}">
                <Coords points="271,2000 283,2000 287,2004 388,2004 390,2002 394,2002 396,2000 402,2000 403,2002 405,2004 522,2004 526,2000 530,2000 534,2004 567,2004 581,1990 583,1990 585,1992 587,1992 588,1994 598,2004 637,2004 639,2002 641,2002 643,2000 645,2000 649,2004 701,2004 703,2006 715,2006 717,2004 810,2004 812,2006 828,2006 830,2004 832,2004 838,2010 840,2010 842,2012 861,2012 863,2010 865,2010 871,2004 908,2004 910,2002 914,2002 916,2004 945,2004 947,2002 951,2006 986,2006 988,2004 1001,2004 1009,1996 1013,1996 1023,2006 1097,2006 1112,2021 1114,2021 1130,2037 1134,2037 1144,2027 1145,2025 1155,2015 1157,2014 1165,2006 1202,2006 1204,2004 1484,2004 1492,2012 1494,2013 1500,2019 1521,2019 1527,2013 1529,2012 1537,2012 1547,2002 1549,2004 1599,2004 1601,2002 1603,2002 1607,2006 1665,2006 1667,2004 1681,2004 1693,1992 1699,1992 1700,1994 1710,2004 1728,2004 1736,1996 1741,1996 1749,2004 1776,2004 1784,1996 1808,1996 1810,1994 1811,1992 1821,1992 1821,1967 1806,1967 1784,1945 1774,1945 1773,1947 1771,1947 1769,1945 1751,1945 1749,1947 1747,1947 1745,1945 1734,1945 1732,1947 1730,1945 1722,1945 1720,1947 1716,1947 1714,1945 1697,1945 1691,1951 1687,1951 1683,1947 1681,1947 1679,1945 1671,1945 1669,1947 1665,1947 1663,1945 1648,1945 1646,1947 1644,1947 1642,1945 1607,1945 1605,1947 1601,1947 1599,1945 1578,1945 1576,1947 1574,1945 1551,1945 1529,1967 1525,1967 1515,1957 1514,1955 1504,1945 1346,1945 1342,1949 1338,1949 1336,1947 1317,1947 1315,1945 1313,1947 1311,1945 1305,1945 1301,1941 1299,1940 1297,1938 1276,1938 1274,1940 1272,1941 1268,1945 1239,1945 1235,1949 1233,1947 1231,1947 1225,1941 1223,1940 1221,1938 1212,1938 1210,1940 1208,1941 1204,1945 1173,1945 1171,1947 1169,1945 1157,1945 1153,1941 1151,1940 1143,1932 1142,1930 1128,1916 1126,1916 1124,1914 1110,1914 1106,1918 1105,1920 1103,1922 1095,1922 1089,1916 1085,1916 1083,1914 1069,1914 1068,1916 1062,1922 1038,1922 1032,1928 1031,1930 1021,1940 1019,1941 1017,1940 999,1922 966,1922 958,1930 957,1932 947,1942 941,1942 939,1943 935,1947 916,1947 914,1945 906,1945 904,1947 892,1947 890,1945 886,1945 863,1922 842,1922 822,1942 820,1942 810,1932 809,1930 793,1914 773,1914 772,1916 766,1922 760,1922 756,1926 750,1926 746,1922 727,1922 711,1938 699,1938 698,1940 696,1942 694,1943 692,1945 608,1945 606,1944 592,1930 583,1930 577,1924 575,1924 573,1922 542,1922 520,1944 518,1945 335,1945 333,1944 327,1938 310,1938 302,1946 285,1946 283,1947 281,1949 271,1949"/>
                <Baseline points="281,1992 357,1992 434,1993 510,1993 587,1993 663,1993 740,1993 816,1993 893,1993 969,1993 1046,1993 1122,1993 1199,1993 1275,1993 1352,1993 1428,1993 1505,1993 1581,1993 1658,1992 1734,1992 1811,1992"/>
                <TextEquiv>
                    <Unicode>corum Pontificiorum disputaitones, nec ve</Unicode>
                </TextEquiv>
            </TextLine>
            <TextLine id="r1l35" custom="readingOrder {index:18;}">
                <Coords points="261,2095 273,2095 279,2101 304,2101 312,2093 326,2107 328,2107 330,2108 337,2108 339,2107 343,2107 357,2093 365,2093 366,2095 374,2103 376,2104 380,2108 392,2108 398,2102 402,2102 404,2104 405,2106 407,2106 409,2108 413,2108 415,2106 423,2106 429,2100 431,2099 437,2093 439,2093 441,2095 442,2097 444,2099 446,2100 454,2108 460,2108 462,2106 464,2106 470,2100 495,2100 497,2098 499,2098 501,2100 505,2100 507,2098 511,2098 513,2100 530,2100 532,2098 534,2098 536,2096 538,2096 540,2094 542,2094 546,2098 550,2098 552,2100 553,2102 631,2102 649,2120 651,2121 663,2133 674,2133 676,2131 694,2131 702,2123 703,2121 709,2115 711,2114 715,2114 719,2110 731,2110 737,2104 738,2104 740,2102 742,2102 748,2108 754,2108 756,2106 762,2106 766,2102 772,2108 785,2108 791,2102 824,2102 828,2106 830,2107 838,2115 842,2115 844,2117 850,2117 851,2115 853,2115 855,2117 863,2117 875,2105 877,2107 896,2107 902,2101 904,2100 912,2100 914,2099 972,2099 974,2101 982,2101 984,2099 996,2099 997,2097 1001,2097 1003,2095 1011,2095 1015,2099 1064,2099 1066,2101 1079,2101 1081,2099 1087,2099 1089,2101 1101,2101 1103,2099 1109,2099 1110,2101 1126,2101 1128,2099 1136,2099 1140,2095 1147,2095 1161,2109 1173,2109 1175,2107 1177,2107 1183,2101 1251,2101 1257,2095 1258,2097 1270,2109 1274,2109 1276,2108 1288,2108 1290,2107 1294,2103 1295,2101 1297,2101 1307,2091 1317,2101 1377,2101 1379,2100 1401,2100 1403,2099 1405,2097 1406,2095 1410,2091 1416,2091 1420,2095 1424,2095 1426,2097 1428,2098 1430,2100 1438,2100 1442,2104 1443,2106 1445,2108 1465,2108 1475,2098 1477,2098 1479,2100 1480,2102 1488,2102 1494,2108 1502,2108 1504,2106 1506,2106 1512,2100 1527,2100 1529,2098 1541,2098 1543,2100 1560,2100 1562,2098 1564,2098 1566,2100 1576,2100 1582,2094 1586,2094 1590,2098 1591,2100 1595,2104 1642,2104 1654,2116 1656,2117 1667,2117 1669,2115 1671,2115 1673,2114 1687,2100 1699,2100 1701,2098 1706,2098 1710,2094 1712,2094 1716,2098 1720,2098 1722,2100 1730,2100 1732,2098 1734,2100 1825,2100 1825,2051 1784,2051 1772,2039 1771,2037 1767,2033 1765,2032 1761,2028 1759,2028 1757,2026 1743,2026 1735,2034 1734,2036 1722,2036 1704,2018 1689,2018 1667,2040 1665,2041 1661,2045 1660,2047 1658,2049 1640,2049 1636,2053 1613,2053 1609,2049 1558,2049 1556,2050 1535,2050 1533,2051 1531,2053 1515,2053 1513,2052 1512,2050 1496,2034 1476,2034 1475,2036 1469,2042 1455,2042 1445,2052 1420,2052 1418,2050 1412,2050 1410,2052 1402,2044 1401,2042 1381,2042 1379,2040 1334,2040 1330,2044 1327,2044 1325,2042 1317,2042 1315,2044 1313,2044 1301,2032 1299,2031 1295,2027 1293,2027 1289,2023 1288,2021 1284,2017 1272,2017 1254,2035 1252,2036 1251,2038 1249,2040 1247,2040 1245,2038 1243,2037 1241,2035 1231,2035 1215,2019 1214,2017 1200,2017 1178,2039 1177,2041 1167,2041 1165,2043 1163,2044 1143,2044 1142,2045 1140,2045 1136,2041 1134,2041 1114,2021 1112,2021 1102,2011 1101,2011 1091,2021 1077,2021 1073,2017 1069,2017 1067,2019 1066,2021 1046,2041 1042,2041 1038,2045 1036,2043 1030,2043 1029,2041 1021,2041 1017,2045 1005,2045 1003,2043 997,2043 995,2041 968,2041 964,2045 962,2043 955,2043 953,2041 927,2041 923,2045 916,2045 914,2043 904,2043 902,2041 871,2041 855,2057 845,2047 844,2045 842,2043 840,2043 838,2041 832,2041 828,2045 826,2043 822,2043 820,2041 816,2041 812,2045 807,2045 803,2041 775,2041 771,2045 770,2043 768,2041 744,2041 742,2039 740,2038 732,2030 731,2028 727,2024 713,2024 697,2040 696,2042 670,2042 668,2044 666,2045 662,2049 655,2049 653,2047 651,2046 649,2044 647,2044 645,2042 631,2042 621,2032 620,2030 608,2018 606,2018 604,2016 600,2016 598,2018 590,2018 584,2024 583,2024 569,2038 551,2038 549,2040 548,2042 546,2044 544,2044 540,2048 526,2048 522,2044 520,2044 518,2042 511,2042 505,2048 501,2048 475,2022 473,2021 472,2019 470,2017 466,2017 464,2019 454,2019 452,2017 444,2017 442,2019 440,2017 436,2017 435,2019 429,2019 423,2025 405,2025 399,2019 398,2019 396,2017 392,2017 390,2019 384,2019 382,2017 374,2017 362,2029 361,2031 359,2032 357,2032 355,2031 341,2017 335,2017 333,2019 325,2019 323,2017 320,2017 302,2035 300,2036 296,2040 294,2040 290,2044 288,2042 287,2040 283,2040 279,2044 277,2044 273,2048 261,2048"/>
                <Baseline points="271,2090 348,2091 425,2091 502,2092 580,2092 657,2092 734,2092 811,2092 889,2092 966,2092 1043,2092 1120,2091 1198,2091 1275,2090 1352,2090 1429,2090 1507,2089 1584,2089 1661,2089 1738,2089 1816,2089"/>
                <TextEquiv>
                    <Unicode>re Theologicas, nec esse rite ex  </Unicode>
                </TextEquiv>
            </TextLine>
            <TextLine id="r1l37" custom="readingOrder {index:19;}">
                <Coords points="265,2205 296,2205 304,2197 306,2197 310,2193 312,2193 316,2197 327,2197 357,2227 358,2229 362,2231 374,2231 376,2232 380,2236 397,2236 399,2234 401,2233 425,2209 427,2209 429,2211 436,2211 448,2199 450,2198 487,2198 491,2202 493,2203 495,2205 518,2205 520,2204 526,2198 536,2198 544,2190 546,2192 547,2194 559,2206 577,2206 579,2204 584,2204 590,2198 598,2198 606,2206 612,2206 620,2198 625,2198 627,2196 629,2196 631,2194 635,2194 639,2198 680,2198 682,2196 684,2196 686,2194 694,2202 701,2202 705,2206 715,2206 719,2202 723,2202 725,2204 732,2204 734,2202 736,2202 738,2204 746,2204 748,2202 754,2202 758,2206 766,2206 768,2204 775,2204 781,2198 808,2198 814,2204 857,2204 859,2202 863,2202 865,2204 879,2204 880,2202 882,2202 888,2196 890,2196 894,2200 898,2200 902,2204 919,2204 927,2196 935,2204 951,2204 953,2202 954,2200 958,2196 966,2204 984,2204 995,2193 999,2197 1005,2197 1007,2198 1013,2204 1015,2204 1027,2216 1028,2218 1038,2228 1069,2228 1093,2204 1095,2203 1101,2197 1118,2197 1126,2205 1153,2205 1157,2201 1161,2201 1165,2205 1192,2205 1196,2209 1198,2210 1212,2224 1213,2226 1215,2228 1247,2228 1248,2226 1260,2214 1262,2213 1270,2205 1286,2205 1287,2207 1293,2213 1303,2213 1311,2205 1319,2205 1323,2201 1324,2199 1326,2197 1334,2197 1342,2205 1360,2205 1361,2203 1367,2197 1389,2197 1397,2205 1426,2205 1428,2203 1430,2203 1436,2197 1437,2195 1439,2195 1441,2193 1445,2197 1478,2197 1486,2205 1519,2205 1525,2199 1539,2199 1543,2203 1556,2203 1558,2205 1566,2205 1568,2203 1572,2203 1574,2205 1585,2205 1587,2203 1589,2205 1593,2205 1595,2203 1607,2203 1609,2205 1630,2205 1632,2203 1634,2203 1636,2205 1648,2205 1650,2203 1652,2202 1658,2196 1661,2196 1667,2202 1669,2203 1671,2205 1679,2205 1681,2204 1685,2200 1689,2200 1693,2204 1700,2204 1702,2205 1708,2205 1710,2206 1726,2206 1732,2200 1733,2198 1735,2196 1739,2196 1747,2204 1763,2204 1765,2202 1769,2202 1770,2200 1774,2196 1776,2196 1784,2188 1811,2188 1811,2139 1759,2139 1757,2141 1741,2141 1737,2137 1669,2137 1665,2141 1644,2141 1642,2139 1632,2139 1626,2133 1625,2131 1621,2127 1619,2126 1615,2122 1601,2122 1599,2124 1597,2125 1589,2133 1588,2135 1586,2137 1566,2137 1562,2141 1525,2141 1523,2139 1521,2139 1519,2137 1517,2137 1515,2135 1514,2133 1500,2119 1498,2118 1494,2114 1463,2114 1461,2115 1447,2129 1445,2129 1441,2125 1440,2123 1432,2115 1426,2115 1424,2113 1418,2113 1416,2115 1412,2115 1408,2119 1391,2119 1385,2113 1369,2113 1367,2115 1366,2117 1348,2135 1336,2135 1332,2139 1243,2139 1241,2138 1134,2138 1130,2142 1126,2142 1122,2138 1101,2138 1091,2148 1083,2148 1081,2146 1075,2146 1069,2140 1062,2140 1060,2138 1044,2138 1040,2142 1038,2142 1034,2138 1007,2138 999,2146 968,2146 960,2138 935,2138 931,2142 925,2142 921,2138 894,2138 888,2144 884,2144 883,2142 879,2138 873,2138 871,2140 869,2138 857,2138 855,2140 847,2140 846,2138 834,2138 832,2140 828,2140 826,2138 814,2138 810,2142 809,2144 807,2144 801,2138 797,2138 773,2114 772,2112 768,2108 766,2107 764,2105 758,2105 756,2107 754,2108 746,2116 740,2116 736,2112 717,2112 715,2114 711,2114 699,2126 698,2128 686,2140 684,2141 682,2143 676,2143 672,2139 668,2139 666,2138 662,2138 660,2139 659,2139 657,2138 651,2138 649,2139 645,2139 641,2143 618,2143 614,2139 604,2139 600,2143 586,2143 585,2141 581,2141 579,2143 516,2143 512,2139 511,2137 503,2129 501,2128 493,2120 477,2120 476,2118 472,2114 466,2114 464,2116 462,2114 454,2114 444,2124 442,2125 440,2127 439,2129 415,2129 411,2133 405,2133 401,2137 400,2139 394,2139 392,2137 382,2137 380,2139 378,2139 376,2137 361,2137 359,2139 326,2139 322,2143 316,2143 312,2139 290,2139 289,2137 283,2137 281,2139 279,2139 275,2143 265,2143"/>
                <Baseline points="274,2188 350,2187 426,2187 503,2187 579,2188 656,2188 732,2188 808,2188 885,2189 961,2189 1038,2189 1114,2189 1190,2190 1267,2190 1343,2190 1420,2190 1496,2190 1572,2189 1649,2189 1725,2189 1802,2188"/>
                <TextEquiv>
                    <Unicode>regulis constitutas: operaepretium fuerit me</Unicode>
                </TextEquiv>
            </TextLine>
            <TextLine id="r1l39" custom="readingOrder {index:20;}">
                <Coords points="263,2289 273,2289 274,2291 276,2292 278,2292 286,2300 306,2300 310,2296 313,2296 317,2300 352,2300 358,2294 360,2293 372,2293 374,2294 380,2300 393,2300 397,2296 403,2296 413,2306 421,2306 422,2308 428,2308 430,2306 432,2306 434,2304 438,2308 456,2308 458,2306 459,2304 463,2300 555,2300 557,2301 578,2301 582,2297 586,2297 590,2301 674,2301 678,2297 680,2299 681,2301 685,2305 687,2306 705,2324 707,2322 717,2322 718,2324 722,2320 724,2320 736,2308 738,2307 744,2301 810,2301 818,2309 820,2310 828,2318 829,2320 847,2338 851,2338 853,2336 855,2336 857,2334 863,2334 865,2332 866,2330 884,2312 886,2311 904,2293 905,2291 911,2291 919,2299 921,2299 923,2301 937,2301 939,2299 941,2301 942,2303 952,2313 954,2314 958,2318 960,2318 962,2320 978,2320 979,2318 981,2316 983,2315 1003,2295 1009,2295 1015,2301 1032,2301 1034,2299 1040,2299 1044,2295 1048,2295 1052,2299 1053,2301 1061,2301 1063,2299 1073,2299 1075,2297 1079,2301 1106,2301 1110,2297 1116,2297 1120,2301 1151,2301 1153,2299 1168,2299 1174,2293 1184,2293 1190,2299 1209,2299 1211,2297 1223,2309 1238,2309 1246,2301 1250,2301 1274,2325 1295,2325 1311,2309 1312,2307 1318,2301 1377,2301 1379,2299 1385,2299 1386,2297 1390,2293 1392,2292 1394,2290 1396,2292 1398,2293 1406,2301 1429,2301 1433,2297 1437,2301 1449,2301 1451,2299 1466,2299 1470,2295 1472,2294 1476,2294 1478,2292 1480,2292 1482,2290 1484,2290 1488,2294 1496,2294 1501,2299 1525,2299 1527,2301 1540,2301 1542,2299 1546,2299 1548,2297 1550,2298 1554,2298 1556,2299 1558,2301 1587,2301 1589,2299 1591,2299 1593,2298 1605,2298 1607,2299 1609,2298 1614,2298 1616,2300 1618,2301 1649,2301 1651,2300 1653,2298 1659,2298 1661,2300 1663,2301 1665,2301 1667,2302 1686,2302 1690,2298 1692,2298 1694,2300 1706,2300 1708,2298 1718,2298 1720,2300 1729,2300 1731,2298 1733,2298 1735,2300 1755,2300 1757,2298 1758,2300 1768,2300 1784,2284 1786,2284 1788,2286 1797,2286 1799,2284 1809,2284 1809,2255 1797,2255 1796,2257 1794,2259 1792,2257 1790,2257 1774,2241 1764,2241 1762,2243 1760,2243 1759,2241 1749,2241 1739,2231 1737,2230 1725,2218 1718,2218 1716,2220 1708,2220 1706,2218 1704,2218 1694,2228 1692,2229 1686,2235 1675,2235 1673,2233 1661,2233 1653,2241 1612,2241 1611,2239 1597,2225 1595,2224 1581,2210 1560,2210 1558,2212 1556,2212 1552,2216 1527,2216 1521,2222 1519,2222 1515,2218 1501,2218 1500,2220 1496,2220 1494,2218 1486,2218 1484,2220 1482,2221 1472,2231 1463,2231 1459,2235 1455,2235 1441,2221 1439,2220 1437,2218 1435,2218 1433,2219 1431,2219 1429,2218 1414,2218 1412,2219 1390,2241 1295,2241 1289,2235 1262,2235 1256,2241 1248,2241 1237,2252 1235,2252 1233,2250 1231,2249 1225,2243 1223,2243 1221,2241 1196,2241 1194,2243 1192,2243 1190,2241 1178,2241 1176,2243 1165,2243 1163,2241 1141,2241 1139,2243 1120,2243 1118,2241 1110,2241 1108,2243 1100,2243 1098,2241 1094,2241 1092,2239 1091,2237 1087,2233 1085,2233 1083,2235 1077,2235 1075,2233 1061,2233 1055,2239 1054,2241 997,2241 991,2235 978,2235 976,2233 960,2233 954,2239 952,2240 948,2240 946,2239 944,2237 943,2235 941,2233 917,2233 911,2239 909,2240 904,2235 894,2235 892,2237 890,2237 888,2235 886,2235 884,2233 880,2233 878,2235 876,2235 874,2237 872,2238 870,2240 830,2240 826,2236 824,2235 806,2217 775,2217 752,2240 701,2240 693,2232 691,2231 685,2225 684,2223 670,2209 664,2209 658,2215 652,2215 650,2213 647,2213 645,2211 637,2211 621,2227 619,2228 609,2238 608,2240 592,2240 580,2252 574,2252 572,2250 571,2248 567,2244 565,2244 563,2242 547,2242 545,2240 502,2240 498,2236 497,2234 469,2234 461,2226 460,2224 458,2223 444,2209 442,2211 436,2211 434,2213 430,2213 426,2217 425,2219 423,2221 421,2222 403,2240 358,2240 350,2232 349,2230 339,2220 337,2219 329,2211 310,2211 304,2217 302,2218 286,2234 263,2234"/>
                <Baseline points="273,2285 349,2285 425,2285 501,2285 578,2285 654,2285 730,2285 807,2286 883,2286 959,2286 1036,2286 1112,2287 1188,2287 1264,2287 1341,2287 1417,2287 1493,2287 1570,2286 1646,2286 1722,2285 1799,2284"/>
                <TextEquiv>
                    <Unicode>thodum aliquam proponere, qua &amp; Theolo</Unicode>
                </TextEquiv>
            </TextLine>
            <TextLine id="r1l41" custom="readingOrder {index:21;}">
                <Coords points="270,2421 319,2421 346,2394 352,2394 354,2392 360,2392 364,2396 383,2396 385,2394 389,2394 393,2390 397,2394 420,2394 422,2396 432,2396 442,2386 445,2386 455,2396 488,2396 490,2394 494,2394 496,2396 519,2396 529,2386 535,2386 543,2394 547,2394 549,2396 556,2396 558,2394 560,2394 562,2396 578,2396 580,2394 592,2394 593,2396 599,2396 601,2394 603,2394 605,2396 609,2396 611,2394 621,2394 623,2396 636,2396 638,2394 640,2396 671,2396 673,2394 675,2394 677,2396 712,2396 714,2394 718,2394 720,2396 753,2396 755,2394 773,2394 775,2396 786,2396 788,2394 796,2394 798,2396 802,2396 804,2394 814,2394 815,2396 823,2396 825,2394 827,2394 829,2396 833,2396 835,2394 837,2396 864,2396 866,2394 872,2394 874,2396 882,2396 886,2392 891,2392 893,2394 897,2394 899,2392 901,2391 905,2391 907,2392 911,2396 927,2396 928,2394 936,2394 938,2392 940,2391 944,2387 956,2387 962,2393 964,2394 975,2394 977,2396 985,2396 987,2394 989,2396 1001,2396 1002,2395 1018,2395 1020,2396 1036,2396 1038,2395 1057,2395 1059,2397 1067,2397 1071,2393 1073,2393 1075,2391 1080,2391 1084,2395 1100,2395 1102,2397 1112,2397 1113,2395 1115,2395 1117,2397 1141,2397 1143,2395 1145,2395 1149,2391 1150,2389 1152,2387 1156,2387 1166,2397 1182,2397 1184,2395 1197,2395 1199,2397 1215,2397 1223,2389 1224,2387 1226,2385 1228,2385 1236,2393 1240,2393 1244,2397 1254,2397 1260,2403 1289,2403 1295,2397 1326,2397 1328,2395 1330,2395 1332,2393 1334,2395 1335,2397 1357,2397 1363,2403 1369,2403 1371,2405 1380,2405 1382,2403 1384,2405 1392,2405 1404,2393 1406,2395 1423,2395 1433,2385 1435,2385 1445,2395 1446,2397 1458,2397 1460,2395 1470,2395 1472,2393 1480,2393 1482,2395 1497,2395 1499,2393 1505,2393 1507,2395 1573,2395 1593,2415 1594,2417 1596,2418 1598,2420 1606,2420 1608,2422 1633,2422 1635,2420 1641,2420 1643,2419 1647,2419 1669,2397 1670,2395 1783,2395 1789,2389 1791,2388 1813,2388 1813,2337 1799,2337 1783,2321 1782,2319 1778,2315 1776,2314 1774,2314 1772,2313 1758,2313 1750,2321 1746,2317 1745,2315 1743,2313 1741,2312 1735,2306 1719,2306 1715,2310 1713,2311 1711,2313 1702,2313 1678,2337 1550,2337 1526,2313 1511,2313 1480,2344 1478,2344 1474,2340 1472,2339 1470,2337 1462,2337 1454,2329 1390,2329 1384,2335 1382,2336 1380,2335 1374,2329 1349,2329 1339,2319 1338,2317 1334,2313 1314,2313 1300,2327 1299,2329 1297,2331 1295,2332 1279,2348 1267,2336 1205,2336 1203,2338 1201,2338 1199,2336 1191,2336 1189,2334 1188,2332 1184,2328 1178,2328 1176,2330 1160,2330 1158,2328 1151,2328 1149,2330 1145,2330 1143,2328 1131,2328 1129,2330 1127,2330 1123,2326 1121,2325 1115,2319 1114,2317 1102,2305 1096,2305 1094,2307 1073,2307 1071,2305 1057,2305 1051,2311 1045,2311 1041,2315 1040,2317 1038,2319 1032,2313 1008,2313 1004,2309 1003,2307 1001,2305 993,2305 979,2319 977,2320 975,2320 973,2322 966,2322 962,2326 956,2326 948,2318 946,2317 938,2309 936,2309 934,2307 927,2307 925,2305 921,2305 909,2317 907,2318 895,2330 876,2330 872,2334 856,2334 855,2336 853,2336 851,2338 849,2338 825,2314 823,2313 819,2309 818,2307 816,2305 802,2305 800,2307 798,2307 794,2311 792,2312 782,2322 781,2324 767,2338 765,2338 745,2318 744,2316 742,2314 730,2314 706,2338 671,2338 669,2336 668,2334 640,2306 638,2305 627,2305 625,2306 623,2306 599,2330 597,2330 595,2328 594,2326 582,2314 560,2314 559,2312 551,2312 549,2314 543,2314 521,2336 520,2338 516,2338 514,2336 510,2336 496,2322 494,2322 486,2314 471,2314 463,2322 461,2322 449,2334 447,2334 446,2332 420,2306 412,2306 411,2304 409,2304 381,2332 379,2333 377,2335 372,2335 370,2333 368,2332 348,2312 338,2312 336,2314 335,2316 321,2330 319,2331 315,2335 290,2335 286,2339 270,2339"/>
                <Baseline points="280,2384 356,2384 432,2383 508,2383 584,2383 660,2383 736,2383 812,2383 888,2383 964,2383 1041,2383 1117,2383 1193,2383 1269,2383 1345,2384 1421,2384 1497,2384 1573,2384 1649,2385 1725,2385 1802,2385"/>
                <TextEquiv>
                    <Unicode>gice &amp; Scholastice disserere, &amp;, vt Augusti</Unicode>
                </TextEquiv>
            </TextLine>
            <TextLine id="r1l44" custom="readingOrder {index:22;}">
                <Coords points="263,2493 337,2493 339,2491 361,2491 362,2489 364,2487 366,2486 372,2480 378,2480 386,2488 388,2489 390,2489 394,2493 401,2493 403,2491 405,2490 409,2486 411,2486 413,2484 419,2490 421,2491 423,2493 472,2493 473,2494 485,2494 487,2492 503,2492 505,2494 510,2494 512,2492 520,2492 522,2494 565,2494 569,2490 583,2490 584,2492 586,2492 588,2494 592,2494 594,2492 639,2492 651,2504 653,2505 655,2507 656,2509 664,2517 686,2517 688,2515 690,2515 692,2513 693,2511 697,2507 699,2506 719,2486 721,2486 727,2492 744,2492 746,2494 750,2494 752,2492 758,2492 766,2500 768,2500 769,2502 783,2502 793,2492 795,2492 797,2494 803,2494 805,2492 820,2492 822,2494 830,2494 832,2492 851,2492 853,2494 857,2494 859,2492 888,2492 890,2494 896,2494 898,2492 904,2492 906,2494 912,2494 914,2492 939,2492 941,2494 947,2494 949,2492 958,2492 960,2494 964,2494 966,2492 982,2492 990,2500 991,2502 1001,2502 1003,2500 1007,2500 1009,2498 1017,2498 1027,2488 1028,2490 1030,2492 1069,2492 1071,2490 1073,2490 1075,2489 1077,2490 1079,2492 1103,2492 1104,2494 1126,2516 1145,2516 1165,2496 1167,2495 1169,2493 1175,2493 1182,2500 1194,2500 1196,2498 1198,2497 1202,2493 1369,2493 1373,2489 1377,2493 1424,2493 1432,2485 1445,2485 1453,2493 1603,2493 1605,2491 1609,2491 1611,2489 1615,2489 1619,2493 1652,2493 1656,2489 1661,2489 1665,2493 1784,2493 1786,2492 1798,2492 1800,2494 1817,2494 1817,2435 1790,2435 1788,2433 1782,2433 1780,2435 1767,2435 1749,2417 1747,2416 1741,2410 1728,2410 1724,2414 1722,2415 1700,2437 1699,2437 1697,2435 1685,2435 1683,2433 1671,2433 1667,2437 1665,2435 1656,2435 1654,2437 1652,2435 1621,2435 1619,2433 1599,2433 1595,2437 1588,2437 1586,2435 1574,2435 1552,2413 1551,2411 1543,2411 1541,2409 1527,2409 1515,2421 1514,2423 1504,2433 1463,2433 1459,2437 1457,2438 1451,2444 1449,2444 1443,2438 1441,2437 1440,2435 1414,2409 1391,2409 1367,2433 1366,2432 1321,2432 1319,2430 1317,2429 1315,2427 1313,2427 1293,2407 1292,2405 1290,2403 1260,2403 1256,2407 1255,2409 1251,2413 1245,2413 1243,2411 1237,2411 1235,2409 1223,2409 1219,2413 1218,2415 1212,2421 1210,2421 1190,2401 1182,2401 1181,2403 1175,2403 1157,2421 1155,2422 1143,2434 1128,2434 1124,2438 1122,2438 1118,2434 1095,2434 1077,2416 1075,2415 1071,2411 1046,2411 1044,2409 1040,2409 1036,2413 1034,2414 1033,2416 1001,2448 999,2449 992,2449 990,2448 976,2434 783,2434 775,2426 756,2426 748,2434 727,2434 725,2435 723,2437 715,2437 713,2435 705,2435 703,2433 639,2433 635,2437 633,2437 631,2435 620,2435 618,2433 592,2433 588,2437 573,2437 569,2433 565,2433 563,2435 553,2435 551,2433 544,2433 542,2435 538,2435 526,2423 524,2422 514,2412 513,2410 489,2410 479,2420 477,2421 476,2423 464,2435 456,2435 454,2433 450,2433 448,2435 444,2435 442,2433 437,2433 435,2435 433,2433 429,2433 427,2435 423,2435 421,2433 405,2433 403,2435 401,2435 400,2433 396,2433 394,2435 392,2435 390,2433 372,2433 370,2435 331,2435 329,2433 326,2433 324,2435 263,2435"/>
                <Baseline points="273,2479 349,2479 426,2480 503,2481 580,2481 656,2481 733,2481 810,2481 887,2481 963,2481 1040,2481 1117,2481 1194,2481 1270,2481 1347,2481 1424,2481 1501,2482 1577,2482 1654,2482 1731,2482 1808,2483"/>
                <TextEquiv>
                    <Unicode>ni verba repetamus, Sophistarum calumnias</Unicode>
                </TextEquiv>
            </TextLine>
            <TextLine id="line_1560863343734_2216" custom="readingOrder {index:23;}">
                <Coords points="270,2588 313,2588 315,2586 317,2588 369,2588 371,2586 375,2590 406,2590 412,2596 434,2596 438,2592 439,2590 463,2590 469,2596 480,2596 488,2588 504,2588 510,2582 514,2586 515,2588 517,2590 525,2590 539,2604 541,2605 547,2611 551,2611 552,2609 556,2605 558,2604 566,2596 576,2596 584,2604 586,2605 588,2607 589,2609 591,2611 597,2611 599,2613 601,2613 611,2603 613,2602 625,2590 626,2588 632,2588 634,2586 640,2592 714,2592 718,2596 730,2596 736,2590 737,2588 761,2588 763,2586 767,2586 771,2590 880,2590 882,2588 887,2588 889,2586 891,2586 893,2588 901,2588 903,2590 911,2590 919,2598 921,2599 922,2601 924,2603 946,2603 952,2597 954,2596 958,2592 959,2590 963,2586 967,2586 977,2596 979,2597 995,2613 996,2615 998,2617 1000,2617 1004,2621 1022,2621 1032,2611 1033,2609 1047,2595 1049,2594 1055,2588 1061,2588 1063,2590 1069,2590 1070,2588 1104,2588 1106,2590 1111,2590 1113,2588 1166,2588 1168,2590 1176,2590 1180,2586 1181,2584 1189,2576 1207,2576 1215,2584 1217,2584 1218,2586 1220,2588 1232,2588 1234,2590 1240,2590 1246,2584 1248,2584 1252,2588 1275,2588 1277,2590 1281,2590 1283,2588 1296,2588 1298,2590 1310,2590 1312,2588 1331,2588 1333,2590 1335,2589 1337,2589 1339,2588 1353,2588 1355,2589 1363,2589 1365,2588 1367,2589 1370,2589 1372,2588 1374,2588 1376,2589 1380,2589 1382,2588 1390,2588 1392,2589 1398,2589 1400,2588 1437,2588 1439,2587 1444,2587 1446,2589 1450,2589 1452,2587 1462,2587 1478,2603 1479,2605 1493,2619 1501,2619 1503,2617 1505,2617 1509,2621 1518,2621 1552,2587 1573,2587 1581,2595 1583,2595 1585,2597 1596,2597 1598,2595 1610,2595 1612,2597 1620,2597 1622,2595 1624,2595 1626,2593 1627,2591 1629,2589 1631,2589 1633,2587 1657,2587 1659,2589 1680,2589 1682,2587 1684,2589 1690,2589 1692,2587 1715,2587 1717,2589 1727,2589 1737,2599 1748,2599 1762,2613 1774,2613 1775,2611 1805,2581 1822,2581 1824,2580 1834,2580 1834,2548 1822,2548 1818,2544 1801,2544 1797,2548 1795,2546 1791,2546 1789,2544 1787,2543 1775,2531 1774,2529 1750,2529 1748,2531 1746,2529 1735,2529 1729,2535 1723,2535 1717,2529 1703,2529 1699,2525 1698,2523 1684,2509 1682,2508 1676,2508 1674,2506 1653,2506 1651,2508 1647,2508 1645,2506 1641,2506 1639,2508 1637,2509 1625,2521 1624,2523 1618,2529 1588,2529 1587,2531 1585,2533 1581,2533 1577,2529 1546,2529 1530,2513 1518,2513 1514,2517 1513,2519 1505,2527 1503,2527 1499,2531 1483,2531 1481,2533 1468,2533 1466,2531 1460,2531 1458,2529 1454,2529 1440,2515 1439,2513 1431,2513 1415,2529 1365,2529 1361,2533 1357,2533 1353,2529 1343,2529 1339,2533 1335,2529 1333,2529 1329,2525 1328,2523 1322,2517 1320,2516 1312,2508 1296,2508 1294,2506 1285,2506 1279,2512 1271,2512 1267,2516 1265,2517 1255,2527 1254,2529 1224,2529 1220,2533 1218,2531 1217,2529 1205,2529 1201,2533 1195,2533 1168,2506 1154,2506 1144,2516 1143,2518 1141,2519 1127,2533 1125,2533 1121,2529 1078,2529 1074,2533 1070,2529 1004,2529 1002,2531 996,2531 995,2529 985,2529 983,2531 981,2531 959,2553 932,2553 922,2543 921,2541 911,2531 903,2531 901,2533 899,2533 895,2529 887,2529 885,2531 883,2531 882,2529 831,2529 829,2531 827,2531 825,2529 782,2529 780,2527 778,2526 772,2520 771,2518 759,2506 700,2506 698,2508 697,2510 679,2528 677,2529 675,2531 673,2531 671,2529 652,2529 650,2531 626,2531 624,2529 605,2529 603,2528 589,2514 584,2514 568,2530 566,2531 562,2535 558,2535 554,2531 552,2530 543,2530 541,2531 525,2531 523,2530 490,2530 488,2532 482,2532 480,2533 478,2535 476,2535 475,2533 473,2532 471,2530 463,2530 461,2532 459,2530 451,2530 449,2532 447,2533 445,2535 443,2533 441,2532 439,2530 414,2530 412,2532 408,2532 406,2530 395,2530 393,2532 391,2530 379,2530 375,2534 373,2535 365,2535 360,2530 350,2530 348,2532 344,2532 342,2530 315,2530 313,2532 311,2530 290,2530 288,2532 284,2532 280,2536 270,2536"/>
                <Baseline points="280,2579 358,2578 436,2578 514,2578 592,2578 670,2578 748,2578 826,2578 904,2578 982,2578 1060,2579 1138,2579 1216,2579 1294,2579 1372,2579 1450,2579 1528,2578 1606,2578 1684,2577 1762,2576 1825,2575"/>
                <TextEquiv>
                    <Unicode>enecare possimus, quod vtinam praestan</Unicode>
                </TextEquiv>
            </TextLine>
            <TextLine id="line_1560863343734_2218" custom="readingOrder {index:24;}">
                <Coords points="259,2686 271,2686 273,2688 275,2689 277,2691 284,2691 286,2689 292,2689 294,2691 304,2691 306,2689 308,2688 310,2686 312,2686 314,2688 316,2689 318,2691 327,2691 329,2689 331,2691 362,2691 364,2689 366,2689 368,2691 386,2691 388,2689 390,2688 392,2686 393,2686 395,2688 397,2689 401,2689 403,2691 429,2691 430,2689 436,2689 438,2691 510,2691 512,2689 514,2688 526,2676 538,2688 540,2689 541,2691 553,2691 555,2689 557,2688 575,2688 577,2689 586,2689 588,2688 592,2684 596,2688 598,2689 600,2691 653,2691 654,2689 656,2688 658,2688 660,2689 662,2691 678,2691 680,2689 682,2688 686,2684 703,2684 707,2688 709,2689 711,2691 727,2691 728,2689 730,2688 734,2684 736,2684 740,2688 742,2689 744,2691 754,2691 756,2689 758,2688 762,2684 773,2684 777,2688 779,2689 781,2691 797,2691 801,2695 802,2697 822,2717 828,2717 830,2715 836,2715 838,2713 839,2713 841,2711 843,2711 845,2709 857,2709 875,2691 876,2689 878,2688 882,2688 884,2689 894,2699 910,2699 912,2697 913,2695 919,2689 921,2688 929,2680 933,2684 945,2684 947,2686 960,2686 962,2684 964,2686 984,2686 986,2684 989,2684 993,2688 1013,2688 1015,2689 1017,2691 1024,2691 1026,2689 1028,2688 1034,2688 1036,2689 1038,2691 1048,2691 1050,2689 1052,2688 1056,2684 1063,2684 1065,2686 1130,2686 1132,2688 1134,2689 1135,2691 1161,2717 1176,2717 1204,2689 1206,2688 1208,2686 1219,2686 1221,2684 1233,2684 1235,2686 1256,2686 1258,2684 1264,2684 1268,2680 1272,2680 1276,2684 1287,2684 1289,2686 1305,2686 1307,2684 1313,2684 1315,2686 1324,2686 1326,2684 1332,2684 1334,2686 1348,2686 1350,2684 1369,2684 1371,2686 1393,2686 1394,2684 1396,2686 1416,2686 1418,2684 1422,2684 1424,2686 1435,2686 1437,2684 1439,2686 1453,2686 1455,2684 1463,2684 1467,2688 1469,2689 1470,2691 1478,2691 1504,2717 1531,2717 1543,2705 1544,2703 1560,2687 1562,2686 1585,2686 1587,2687 1589,2689 1593,2689 1595,2691 1630,2691 1634,2687 1636,2686 1638,2686 1640,2684 1648,2684 1650,2686 1652,2687 1654,2689 1655,2691 1706,2691 1710,2687 1722,2687 1726,2691 1747,2691 1751,2687 1753,2686 1774,2686 1776,2684 1780,2684 1782,2686 1784,2687 1788,2691 1835,2691 1835,2629 1821,2629 1817,2625 1776,2625 1768,2617 1749,2617 1741,2625 1728,2625 1716,2613 1714,2612 1704,2602 1687,2602 1677,2612 1675,2613 1663,2625 1654,2625 1650,2629 1644,2629 1640,2625 1609,2625 1607,2627 1605,2625 1558,2625 1556,2627 1533,2627 1531,2625 1527,2625 1525,2627 1523,2627 1521,2625 1513,2625 1511,2627 1507,2627 1506,2629 1504,2631 1502,2631 1496,2625 1474,2625 1472,2627 1470,2627 1469,2629 1467,2631 1463,2631 1459,2635 1457,2635 1447,2625 1424,2625 1422,2627 1416,2627 1402,2613 1400,2612 1394,2606 1393,2604 1391,2602 1367,2602 1357,2612 1356,2614 1354,2615 1346,2623 1322,2623 1320,2621 1319,2619 1315,2615 1313,2614 1301,2602 1287,2602 1283,2606 1282,2608 1276,2614 1274,2615 1266,2623 1254,2623 1250,2627 1248,2627 1246,2625 1237,2625 1231,2631 1229,2631 1223,2625 1147,2625 1137,2615 1135,2614 1134,2612 1124,2602 1098,2602 1097,2600 1091,2594 1079,2594 1061,2612 1060,2614 1058,2615 1050,2623 1042,2623 1038,2627 1026,2627 1024,2625 1003,2625 993,2615 991,2614 987,2610 986,2608 980,2602 952,2602 950,2604 949,2606 941,2614 939,2615 913,2641 912,2643 908,2647 888,2627 884,2627 880,2631 863,2631 857,2625 832,2625 830,2627 820,2627 816,2631 812,2631 808,2627 789,2627 787,2625 781,2625 771,2615 769,2614 765,2610 764,2608 758,2602 740,2602 732,2610 719,2610 715,2614 713,2614 711,2615 695,2631 684,2631 678,2625 666,2625 664,2627 660,2627 656,2631 651,2631 635,2615 633,2614 621,2602 614,2602 604,2612 600,2612 598,2614 596,2612 588,2612 586,2610 555,2610 553,2612 549,2612 547,2610 545,2610 541,2606 540,2604 538,2602 526,2602 514,2614 508,2614 506,2612 503,2612 501,2610 485,2610 481,2614 479,2615 469,2625 464,2625 462,2627 456,2627 454,2625 430,2625 429,2623 421,2615 419,2614 407,2602 399,2602 397,2604 393,2604 392,2602 386,2602 384,2604 382,2602 356,2602 355,2604 353,2602 347,2602 345,2604 341,2604 337,2608 333,2608 327,2602 310,2602 298,2614 296,2615 288,2623 282,2623 281,2625 279,2627 259,2627"/>
                <Baseline points="269,2675 347,2676 425,2676 503,2677 581,2677 660,2677 738,2677 816,2677 894,2677 972,2677 1051,2677 1129,2676 1207,2676 1285,2676 1363,2676 1442,2676 1520,2676 1598,2676 1676,2677 1754,2677 1825,2677"/>
                <TextEquiv>
                    <Unicode>tissimi Theologi, simulque in hac praeclara</Unicode>
                </TextEquiv>
            </TextLine>
            <TextLine id="line_1560863343735_2220" custom="readingOrder {index:25;}">
                <Coords points="259,2789 372,2789 374,2791 384,2791 386,2789 399,2789 403,2785 407,2789 456,2789 458,2790 462,2794 463,2796 477,2796 479,2794 481,2794 487,2788 489,2787 497,2787 499,2785 500,2783 506,2777 514,2777 518,2781 520,2781 526,2787 528,2788 600,2788 602,2786 606,2786 608,2788 633,2788 635,2786 637,2786 639,2788 648,2788 650,2786 652,2786 654,2788 664,2788 668,2784 670,2783 678,2783 680,2784 684,2788 685,2790 693,2790 695,2788 703,2788 705,2786 707,2786 711,2782 715,2782 721,2788 742,2788 744,2786 754,2786 758,2790 769,2790 771,2788 810,2788 812,2786 824,2786 826,2788 841,2788 843,2786 849,2786 853,2790 861,2790 863,2788 865,2788 869,2784 870,2782 880,2782 888,2790 960,2790 962,2788 980,2788 981,2786 985,2790 1032,2790 1048,2806 1057,2806 1059,2804 1063,2804 1067,2800 1077,2810 1079,2811 1104,2811 1106,2813 1110,2813 1114,2809 1116,2808 1130,2794 1131,2792 1133,2790 1157,2790 1159,2788 1161,2788 1163,2786 1167,2786 1168,2788 1170,2790 1213,2790 1227,2776 1233,2782 1250,2782 1252,2780 1262,2780 1270,2788 1278,2788 1279,2790 1289,2790 1291,2788 1297,2788 1305,2780 1311,2780 1315,2784 1316,2786 1318,2788 1328,2788 1332,2784 1338,2784 1342,2788 1352,2788 1353,2786 1355,2784 1359,2784 1363,2788 1390,2788 1392,2790 1402,2790 1404,2788 1412,2788 1414,2790 1431,2790 1433,2788 1441,2788 1445,2784 1449,2784 1455,2790 1464,2790 1466,2788 1472,2788 1474,2790 1490,2790 1492,2788 1505,2788 1509,2784 1511,2784 1517,2790 1521,2790 1523,2788 1533,2788 1535,2786 1538,2786 1542,2790 1595,2790 1597,2788 1607,2788 1611,2784 1612,2782 1614,2782 1620,2788 1649,2788 1655,2782 1657,2782 1659,2780 1661,2780 1669,2788 1683,2788 1685,2790 1690,2790 1692,2788 1706,2788 1708,2790 1712,2790 1714,2788 1716,2788 1718,2790 1725,2790 1727,2788 1733,2788 1735,2790 1745,2790 1747,2788 1753,2788 1755,2790 1759,2790 1760,2788 1770,2788 1772,2790 1815,2790 1817,2788 1835,2788 1834,2712 1823,2712 1817,2706 1799,2706 1797,2708 1796,2710 1790,2716 1788,2717 1780,2725 1766,2725 1762,2721 1751,2721 1747,2725 1737,2725 1733,2721 1727,2721 1723,2725 1716,2725 1714,2723 1712,2723 1710,2721 1704,2721 1700,2725 1696,2721 1681,2721 1677,2725 1630,2725 1628,2727 1611,2727 1607,2723 1603,2723 1601,2722 1591,2722 1589,2723 1581,2723 1577,2727 1533,2727 1531,2725 1529,2724 1527,2722 1511,2722 1509,2724 1507,2725 1505,2724 1503,2724 1501,2722 1484,2722 1482,2724 1480,2725 1470,2725 1468,2724 1464,2724 1459,2729 1449,2729 1447,2727 1445,2726 1441,2722 1416,2722 1412,2726 1410,2727 1408,2729 1398,2729 1396,2727 1394,2726 1390,2722 1373,2722 1367,2728 1365,2729 1363,2728 1351,2716 1350,2714 1334,2698 1324,2698 1322,2696 1313,2696 1287,2722 1270,2722 1266,2726 1260,2726 1258,2724 1250,2724 1240,2714 1239,2712 1225,2698 1223,2698 1221,2696 1205,2696 1203,2698 1200,2698 1174,2724 1172,2724 1168,2728 1166,2728 1165,2726 1161,2722 1153,2722 1151,2724 1149,2724 1147,2722 1139,2722 1133,2728 1118,2728 1112,2722 1102,2722 1100,2724 1094,2724 1092,2722 1077,2722 1075,2724 1073,2724 1063,2714 1048,2714 1034,2700 1032,2699 1030,2697 1015,2697 1013,2699 1011,2700 987,2724 978,2724 976,2722 964,2722 962,2724 960,2724 942,2706 941,2704 939,2702 937,2701 933,2697 913,2697 911,2699 904,2699 902,2701 900,2699 884,2699 880,2703 878,2704 868,2714 867,2716 853,2730 849,2730 847,2732 839,2732 831,2724 830,2722 804,2722 802,2724 798,2724 796,2722 781,2722 779,2724 769,2714 757,2714 756,2716 754,2718 750,2718 740,2708 738,2707 736,2705 730,2705 728,2707 720,2707 719,2705 713,2705 711,2707 709,2708 695,2722 691,2722 685,2728 676,2728 672,2724 668,2724 666,2722 654,2722 652,2724 650,2724 648,2722 645,2722 643,2724 637,2724 629,2732 611,2732 609,2730 524,2730 512,2742 510,2742 498,2730 495,2730 487,2722 479,2722 471,2714 469,2713 461,2705 460,2703 456,2699 446,2699 430,2715 428,2716 424,2720 423,2722 417,2716 415,2715 405,2705 399,2705 395,2709 382,2709 374,2717 372,2718 360,2730 343,2730 331,2718 329,2717 311,2699 306,2699 304,2697 286,2697 276,2707 275,2709 271,2713 259,2713"/>
                <Baseline points="268,2775 346,2775 424,2774 502,2774 580,2774 658,2774 736,2774 814,2774 892,2774 970,2774 1049,2774 1127,2774 1205,2774 1283,2774 1361,2774 1439,2774 1517,2774 1595,2774 1673,2773 1751,2773 1825,2773"/>
                <TextEquiv>
                    <Unicode>scientia exercitatissimi (quales hac aetate mul </Unicode>
                </TextEquiv>
            </TextLine>
            <TextLine id="line_1560863343735_2222" custom="readingOrder {index:26;}">
                <Coords points="264,2878 274,2878 280,2884 305,2884 311,2878 317,2884 365,2884 373,2892 383,2892 391,2884 393,2884 395,2882 396,2880 404,2872 408,2872 420,2884 545,2884 546,2882 550,2878 552,2878 558,2884 589,2884 591,2886 733,2886 735,2884 747,2884 749,2882 753,2882 757,2886 768,2886 770,2884 802,2884 804,2882 805,2884 846,2884 854,2876 862,2876 870,2884 883,2884 885,2882 887,2882 891,2886 992,2886 994,2884 1016,2884 1018,2882 1031,2882 1035,2886 1061,2886 1063,2884 1064,2882 1068,2882 1072,2886 1109,2886 1111,2884 1113,2884 1115,2882 1117,2882 1121,2886 1133,2886 1135,2884 1138,2884 1140,2882 1148,2882 1152,2886 1156,2886 1160,2882 1164,2882 1168,2886 1174,2886 1175,2884 1177,2884 1179,2882 1181,2884 1195,2884 1197,2882 1199,2884 1207,2884 1209,2882 1213,2882 1214,2884 1236,2884 1242,2890 1248,2890 1251,2893 1263,2893 1265,2892 1273,2892 1281,2884 1310,2884 1312,2886 1359,2886 1361,2884 1362,2882 1368,2876 1374,2876 1384,2886 1407,2886 1409,2884 1417,2884 1419,2882 1421,2882 1423,2884 1436,2884 1438,2882 1440,2882 1442,2884 1448,2884 1450,2882 1454,2886 1475,2886 1477,2884 1495,2884 1497,2886 1505,2886 1507,2884 1510,2884 1514,2888 1516,2889 1518,2889 1520,2891 1528,2891 1530,2889 1532,2888 1536,2884 1538,2884 1540,2886 1551,2886 1553,2884 1577,2884 1579,2886 1598,2886 1600,2884 1602,2886 1608,2886 1610,2884 1612,2884 1614,2886 1618,2886 1620,2884 1627,2884 1629,2886 1672,2886 1676,2882 1680,2886 1684,2886 1694,2876 1695,2878 1703,2886 1732,2886 1734,2885 1740,2885 1742,2884 1744,2882 1754,2882 1756,2884 1758,2885 1768,2885 1771,2882 1777,2882 1779,2884 1783,2884 1785,2882 1787,2882 1797,2872 1836,2872 1836,2843 1808,2843 1806,2841 1805,2843 1803,2841 1797,2841 1795,2843 1793,2843 1783,2833 1781,2833 1775,2827 1762,2827 1760,2825 1752,2825 1750,2827 1746,2827 1744,2825 1740,2825 1738,2827 1736,2825 1732,2825 1731,2827 1709,2827 1707,2825 1703,2825 1695,2833 1694,2835 1692,2835 1682,2825 1678,2825 1676,2827 1662,2827 1660,2825 1647,2825 1645,2827 1639,2827 1637,2825 1633,2825 1631,2827 1623,2827 1621,2825 1614,2825 1610,2829 1604,2829 1600,2825 1493,2825 1491,2827 1468,2827 1466,2825 1456,2825 1454,2827 1446,2827 1444,2825 1440,2825 1438,2827 1415,2827 1413,2825 1409,2825 1407,2827 1386,2827 1374,2839 1372,2839 1360,2827 1359,2825 1335,2825 1333,2827 1331,2825 1325,2825 1323,2827 1322,2827 1320,2825 1302,2825 1300,2827 1292,2827 1290,2829 1288,2829 1286,2827 1285,2825 1279,2819 1277,2818 1269,2810 1253,2810 1249,2814 1246,2814 1242,2810 1232,2810 1224,2818 1222,2819 1214,2827 1203,2827 1201,2825 1195,2825 1193,2827 1181,2827 1179,2825 1170,2825 1168,2827 1140,2827 1138,2825 1129,2825 1127,2827 1125,2825 1115,2825 1113,2827 1111,2825 1101,2825 1100,2823 1098,2821 1096,2820 1094,2818 1078,2818 1076,2820 1074,2821 1072,2823 1061,2823 1059,2822 1055,2818 1045,2818 1029,2802 1014,2802 998,2818 990,2810 989,2808 975,2794 959,2794 953,2800 952,2802 936,2818 934,2818 916,2800 915,2798 911,2794 885,2794 877,2802 876,2804 860,2820 856,2820 840,2804 839,2802 831,2794 825,2794 823,2796 817,2796 803,2810 802,2812 788,2826 786,2827 784,2827 782,2826 770,2826 768,2827 759,2827 757,2826 747,2826 745,2827 743,2826 733,2826 731,2827 708,2827 706,2826 704,2826 702,2827 700,2827 698,2826 692,2820 691,2818 683,2810 673,2810 657,2826 655,2826 654,2828 636,2828 634,2826 630,2826 628,2828 626,2826 558,2826 544,2812 543,2810 527,2794 515,2794 513,2796 507,2796 506,2794 502,2794 500,2796 496,2796 492,2800 470,2800 469,2802 447,2824 443,2824 439,2828 437,2828 435,2826 426,2826 424,2828 422,2828 420,2830 418,2831 410,2839 404,2839 398,2833 396,2832 395,2830 391,2826 367,2826 361,2832 358,2832 352,2826 344,2826 342,2828 332,2828 330,2826 321,2826 319,2828 311,2828 309,2826 305,2826 297,2818 278,2818 276,2820 264,2820"/>
                <Baseline points="274,2871 351,2871 429,2871 506,2871 584,2871 662,2871 739,2871 817,2871 894,2871 972,2871 1050,2872 1127,2872 1205,2872 1282,2872 1360,2871 1438,2871 1515,2871 1593,2871 1670,2870 1748,2870 1825,2869"/>
                <TextEquiv>
                    <Unicode>tos esse minime dubitamus) in animum in</Unicode>
                </TextEquiv>
            </TextLine>
            <TextLine id="r1l49" custom="readingOrder {index:27;}">
                <Coords points="270,2979 293,2979 301,2987 315,2987 316,2985 318,2983 322,2983 326,2987 342,2987 344,2985 352,2985 353,2983 357,2979 375,2979 377,2981 392,2981 394,2979 410,2979 412,2981 416,2981 418,2979 420,2979 422,2981 439,2981 441,2979 447,2979 449,2981 453,2981 455,2979 505,2979 507,2981 517,2981 519,2979 529,2979 533,2975 538,2975 542,2979 562,2979 564,2981 568,2981 570,2979 583,2979 585,2981 597,2981 599,2979 601,2981 607,2981 609,2979 614,2979 624,2989 640,2989 648,2981 649,2979 653,2979 655,2981 663,2981 665,2979 669,2979 671,2981 675,2981 681,2975 685,2979 686,2981 690,2981 692,2979 710,2979 718,2971 720,2971 722,2973 723,2975 731,2983 737,2983 749,2995 751,2996 760,2996 762,2995 764,2993 768,2993 770,2995 772,2996 782,2996 784,2994 794,2994 796,2993 797,2991 817,2971 821,2971 829,2979 831,2979 833,2981 858,2981 860,2979 862,2979 864,2981 871,2981 873,2979 875,2979 877,2981 885,2981 887,2979 889,2979 891,2981 895,2981 901,2975 903,2975 907,2979 908,2979 910,2981 916,2981 918,2979 936,2979 938,2977 940,2977 944,2981 961,2981 965,2977 969,2977 973,2981 1057,2981 1058,2979 1060,2979 1062,2977 1066,2977 1070,2981 1094,2981 1095,2979 1097,2979 1099,2977 1109,2977 1113,2981 1123,2981 1127,2977 1131,2977 1132,2979 1134,2981 1152,2981 1154,2980 1203,2980 1205,2982 1210,2982 1228,3000 1236,3000 1238,2998 1242,2998 1243,2996 1247,2996 1249,2994 1251,2994 1267,2978 1290,2978 1292,2980 1335,2980 1341,2974 1343,2973 1345,2974 1351,2980 1567,2980 1575,2988 1576,2990 1586,3000 1588,3001 1598,3011 1602,3011 1612,3001 1614,3000 1615,2998 1633,2980 1695,2980 1697,2978 1701,2978 1703,2980 1750,2980 1752,2978 1754,2980 1777,2980 1785,2972 1793,2972 1795,2970 1806,2970 1808,2972 1818,2972 1818,2935 1798,2935 1797,2933 1785,2921 1752,2921 1750,2920 1728,2898 1726,2898 1722,2894 1721,2892 1719,2890 1701,2890 1685,2906 1684,2908 1672,2920 1652,2920 1648,2924 1645,2924 1643,2925 1639,2929 1633,2929 1631,2927 1629,2926 1627,2924 1623,2924 1621,2922 1582,2922 1580,2924 1569,2924 1567,2922 1536,2922 1534,2924 1524,2924 1522,2922 1510,2922 1508,2924 1506,2922 1458,2922 1456,2924 1440,2924 1438,2922 1430,2922 1426,2918 1425,2916 1423,2914 1405,2914 1397,2922 1360,2922 1358,2920 1354,2920 1352,2922 1321,2922 1319,2920 1304,2920 1300,2924 1284,2924 1280,2920 1236,2920 1232,2924 1226,2924 1224,2922 1222,2922 1220,2920 1206,2920 1204,2918 1203,2916 1201,2914 1191,2914 1189,2912 1175,2912 1167,2920 1142,2920 1134,2928 1132,2928 1130,2926 1129,2924 1127,2922 1117,2922 1115,2920 1101,2920 1097,2924 1092,2924 1090,2922 1074,2922 1072,2924 1070,2924 1056,2910 1054,2909 1053,2907 1037,2891 1035,2891 1033,2889 1023,2889 1017,2895 1016,2897 1002,2911 1000,2912 992,2920 975,2920 967,2928 965,2928 957,2920 932,2920 930,2922 928,2922 926,2920 920,2920 914,2926 908,2926 906,2924 905,2922 899,2916 897,2915 881,2915 871,2905 869,2905 868,2903 864,2899 856,2899 854,2897 844,2897 836,2905 834,2905 832,2907 831,2909 821,2919 819,2920 803,2936 801,2936 795,2942 794,2944 792,2946 784,2946 760,2922 758,2921 749,2921 747,2922 745,2921 739,2921 737,2922 735,2921 721,2921 720,2922 718,2922 716,2923 712,2923 710,2921 706,2921 704,2923 692,2923 690,2921 684,2921 683,2923 681,2921 665,2921 663,2923 661,2921 655,2921 653,2923 651,2923 649,2921 646,2921 644,2923 636,2923 634,2921 620,2921 610,2911 609,2909 591,2891 589,2890 560,2890 558,2891 536,2913 535,2915 531,2919 525,2919 511,2905 503,2905 499,2909 498,2911 486,2923 482,2923 480,2921 470,2921 468,2923 459,2923 457,2921 445,2921 443,2923 439,2923 437,2921 431,2921 429,2923 427,2923 425,2921 418,2921 416,2923 406,2923 404,2921 388,2921 387,2923 383,2923 381,2921 375,2921 373,2923 348,2923 346,2921 344,2921 324,2901 322,2900 320,2898 303,2898 301,2900 299,2901 281,2919 270,2919"/>
                <Baseline points="279,2970 355,2969 432,2969 508,2969 585,2969 661,2969 738,2969 814,2969 891,2970 967,2970 1044,2970 1120,2970 1197,2970 1273,2970 1350,2969 1426,2969 1503,2969 1579,2968 1656,2968 1732,2967 1809,2966"/>
                <TextEquiv>
                    <Unicode>ducant facere, &amp; nobis atque etiam poste</Unicode>
                </TextEquiv>
            </TextLine>
            <TextLine id="r1l50" custom="readingOrder {index:28;}">
                <Coords points="265,3084 285,3084 287,3086 290,3086 292,3084 298,3084 306,3076 320,3076 322,3074 324,3074 326,3076 327,3078 333,3078 335,3076 341,3076 343,3074 347,3078 374,3078 380,3084 390,3084 400,3074 401,3074 403,3076 413,3076 415,3074 417,3074 423,3068 429,3074 440,3074 444,3078 450,3078 452,3076 462,3076 464,3074 470,3074 474,3078 479,3078 485,3084 493,3084 495,3082 499,3082 505,3076 536,3076 538,3074 540,3076 549,3076 551,3075 567,3075 577,3065 579,3065 585,3071 586,3073 592,3079 594,3080 598,3084 606,3084 610,3080 612,3079 614,3077 622,3077 623,3075 629,3075 631,3077 664,3077 666,3075 676,3075 680,3079 694,3079 696,3081 697,3083 699,3085 713,3085 719,3079 721,3079 727,3085 734,3085 736,3083 738,3083 742,3079 768,3079 770,3081 771,3083 773,3085 781,3085 783,3083 787,3083 793,3077 797,3077 799,3075 803,3075 807,3079 816,3079 822,3085 847,3085 855,3077 892,3077 894,3075 900,3075 902,3077 914,3077 916,3075 918,3077 925,3077 927,3075 937,3075 939,3077 943,3077 945,3075 947,3075 949,3077 972,3077 974,3076 986,3076 988,3078 993,3078 995,3076 997,3078 1003,3078 1005,3076 1015,3076 1021,3082 1023,3083 1025,3085 1036,3085 1038,3083 1040,3083 1042,3082 1048,3076 1060,3076 1062,3078 1067,3078 1069,3076 1071,3076 1073,3074 1075,3074 1087,3086 1091,3086 1093,3084 1103,3084 1104,3082 1110,3076 1120,3076 1126,3070 1159,3070 1161,3072 1169,3072 1173,3076 1177,3076 1179,3078 1204,3078 1206,3076 1210,3076 1212,3074 1217,3074 1219,3072 1225,3072 1231,3078 1334,3078 1340,3084 1348,3084 1350,3082 1352,3082 1356,3078 1362,3078 1364,3080 1365,3082 1367,3084 1379,3084 1381,3082 1383,3084 1393,3084 1397,3080 1399,3079 1416,3079 1418,3081 1420,3082 1436,3098 1437,3100 1445,3108 1455,3108 1457,3106 1463,3106 1467,3110 1478,3110 1480,3108 1486,3108 1504,3090 1506,3089 1510,3085 1519,3085 1525,3079 1529,3079 1535,3085 1552,3085 1556,3081 1562,3081 1566,3085 1591,3085 1605,3071 1617,3071 1621,3075 1623,3075 1624,3077 1632,3085 1681,3085 1683,3083 1685,3083 1687,3081 1691,3081 1697,3075 1751,3075 1757,3081 1769,3081 1771,3083 1772,3085 1788,3085 1790,3083 1792,3083 1794,3081 1796,3080 1800,3076 1802,3076 1804,3078 1813,3078 1814,2994 1792,2994 1782,3004 1780,3005 1779,3007 1767,3019 1699,3019 1697,3017 1695,3017 1673,2995 1671,2994 1669,2994 1668,2993 1638,2993 1632,2999 1631,3001 1613,3019 1607,3019 1601,3013 1599,3013 1593,3007 1592,3005 1580,2993 1574,2993 1556,3011 1555,3013 1549,3019 1545,3019 1521,2995 1520,2993 1502,2993 1479,3016 1475,3016 1471,3020 1461,3020 1459,3018 1414,3018 1408,3012 1407,3010 1403,3006 1401,3005 1389,2993 1373,2993 1372,2995 1366,3001 1364,3002 1348,3018 1327,3018 1323,3022 1317,3022 1313,3018 1288,3018 1284,3022 1282,3022 1260,3000 1259,2998 1253,2992 1251,2994 1249,2994 1247,2996 1243,2996 1241,2998 1237,2998 1235,3000 1229,3000 1227,2998 1223,3002 1216,3002 1208,2994 1204,2994 1202,2992 1192,2992 1190,2994 1177,2994 1175,2992 1161,2992 1149,3004 1148,3006 1136,3018 1134,3019 1132,3021 1126,3021 1122,3017 1093,3017 1091,3015 1089,3014 1077,3002 1070,3002 1062,3010 1060,3011 1056,3015 1050,3015 1042,3023 1036,3023 1035,3021 1033,3021 1031,3019 1021,3019 1019,3017 1015,3017 1013,3019 998,3019 996,3017 988,3017 986,3019 984,3019 968,3003 966,3002 964,3000 963,2998 953,2988 943,2988 941,2986 933,2986 927,2992 926,2994 922,2998 920,2999 900,3019 888,3019 887,3017 871,3017 867,3021 853,3021 851,3019 742,3019 740,3018 618,3018 616,3020 614,3018 600,3018 598,3020 579,3020 569,3010 555,3010 554,3012 548,3018 458,3018 456,3020 439,3020 437,3018 359,3018 335,2994 310,2994 296,3008 295,3010 291,3014 289,3015 287,3017 265,3017"/>
                <Baseline points="274,3066 350,3066 426,3066 503,3066 579,3066 656,3066 732,3066 809,3066 885,3067 962,3067 1038,3067 1114,3067 1191,3068 1267,3068 1344,3068 1420,3068 1497,3068 1573,3069 1650,3069 1726,3069 1803,3069"/>
                <TextEquiv>
                    <Unicode>ris viam commonstrare Theologice simul</Unicode>
                </TextEquiv>
            </TextLine>
            <TextLine id="r1l53" custom="readingOrder {index:29;}">
                <Coords points="268,3180 311,3180 313,3178 330,3178 332,3180 344,3180 354,3170 355,3168 357,3166 363,3172 365,3172 373,3180 391,3180 392,3178 394,3178 400,3172 422,3172 424,3174 480,3174 488,3182 494,3182 502,3174 624,3174 632,3182 644,3182 646,3180 648,3180 650,3178 651,3180 653,3182 669,3182 671,3180 673,3180 679,3174 700,3174 708,3182 720,3182 722,3180 727,3180 731,3176 743,3176 749,3182 764,3182 766,3180 776,3180 786,3170 794,3170 800,3176 801,3178 803,3180 821,3180 823,3179 825,3179 827,3181 835,3181 837,3179 840,3179 842,3178 844,3179 846,3181 850,3181 852,3179 858,3179 860,3178 864,3174 874,3174 875,3176 877,3177 897,3197 899,3197 911,3209 912,3211 914,3213 916,3214 920,3218 926,3218 928,3216 936,3216 940,3212 942,3211 948,3205 949,3203 973,3179 992,3179 994,3181 1000,3181 1004,3177 1008,3181 1027,3181 1029,3179 1031,3181 1103,3181 1109,3175 1111,3175 1117,3181 1208,3181 1208,3117 1199,3117 1175,3093 1173,3092 1171,3090 1144,3090 1142,3092 1138,3092 1136,3090 1130,3090 1129,3092 1127,3092 1125,3094 1123,3095 1101,3117 1099,3117 1097,3115 1094,3115 1092,3113 1031,3113 1025,3119 1021,3119 1020,3121 1018,3123 1016,3121 1014,3121 1008,3115 1006,3115 1004,3113 969,3113 965,3117 963,3117 959,3113 942,3113 938,3117 924,3103 922,3102 910,3090 879,3090 871,3098 870,3096 864,3090 836,3090 834,3092 831,3092 829,3090 827,3090 811,3106 809,3107 799,3117 798,3119 796,3121 782,3107 780,3106 764,3090 759,3090 757,3092 749,3092 733,3108 731,3109 729,3111 727,3111 723,3115 722,3115 716,3109 714,3108 712,3106 710,3106 694,3090 679,3090 671,3098 663,3090 632,3090 612,3110 611,3112 609,3113 599,3113 597,3112 575,3090 560,3090 538,3112 537,3114 509,3114 507,3116 505,3117 503,3119 498,3119 496,3117 494,3116 468,3090 457,3090 455,3092 449,3092 427,3114 422,3114 406,3098 367,3098 353,3112 352,3114 334,3114 318,3098 283,3098 279,3102 268,3102"/>
                <Baseline points="278,3167 324,3167 370,3166 416,3166 462,3165 508,3165 554,3165 600,3165 646,3165 692,3165 738,3165 784,3165 830,3165 876,3165 922,3165 968,3165 1014,3165 1060,3165 1106,3165 1152,3166 1199,3166"/>
                <TextEquiv>
                    <Unicode>&amp; Scholastice disputandi. </Unicode>
                </TextEquiv>
            </TextLine>
            <TextLine id="line_1560863343736_2224" custom="readingOrder {index:30;}">
                <Coords points="370,3283 399,3283 401,3281 403,3281 405,3279 503,3279 507,3283 508,3285 510,3286 516,3292 524,3292 526,3290 534,3290 542,3282 544,3281 545,3279 596,3279 598,3278 600,3278 606,3284 618,3284 619,3282 623,3278 627,3276 713,3276 727,3290 746,3290 758,3302 799,3302 801,3301 805,3301 806,3300 808,3300 832,3276 958,3276 960,3278 962,3278 964,3280 991,3280 995,3284 1009,3284 1017,3276 1130,3276 1132,3278 1134,3279 1138,3279 1139,3281 1141,3283 1153,3283 1157,3279 1178,3279 1182,3283 1198,3283 1204,3277 1266,3277 1270,3281 1282,3281 1284,3283 1289,3283 1295,3289 1313,3289 1323,3279 1324,3277 1457,3277 1459,3275 1461,3275 1463,3273 1474,3273 1476,3275 1478,3275 1480,3277 1519,3277 1521,3275 1539,3275 1541,3273 1556,3273 1560,3277 1566,3277 1570,3273 1580,3283 1582,3284 1584,3286 1693,3286 1695,3288 1696,3290 1716,3310 1718,3310 1720,3308 1735,3308 1741,3302 1743,3302 1767,3278 1768,3276 1805,3276 1807,3274 1809,3274 1815,3268 1835,3268 1835,3208 1821,3208 1807,3194 1805,3193 1799,3187 1790,3187 1786,3191 1780,3191 1774,3185 1766,3185 1762,3189 1761,3191 1755,3197 1753,3198 1737,3214 1731,3214 1727,3210 1726,3208 1718,3200 1716,3199 1704,3187 1702,3187 1700,3185 1696,3185 1694,3187 1692,3187 1688,3191 1687,3191 1683,3195 1673,3195 1665,3187 1663,3187 1661,3185 1653,3185 1651,3187 1648,3187 1646,3185 1634,3185 1632,3187 1628,3187 1624,3191 1622,3191 1618,3187 1607,3187 1605,3185 1599,3185 1597,3187 1593,3187 1591,3185 1587,3185 1585,3187 1583,3187 1581,3185 1577,3185 1576,3187 1552,3211 1550,3212 1542,3220 1541,3222 1533,3214 1531,3213 1527,3209 1509,3209 1505,3213 1504,3211 1502,3211 1500,3209 1494,3209 1478,3193 1474,3193 1472,3195 1470,3193 1466,3193 1465,3195 1463,3195 1449,3209 1385,3209 1381,3213 1379,3213 1377,3211 1369,3211 1367,3213 1363,3209 1352,3209 1348,3213 1338,3213 1336,3211 1330,3211 1328,3209 1254,3209 1248,3215 1245,3215 1241,3211 1233,3211 1231,3209 1215,3209 1213,3211 1202,3211 1200,3209 1192,3209 1186,3215 1180,3215 1174,3209 1167,3209 1165,3211 1161,3211 1159,3209 1139,3209 1137,3211 1135,3211 1133,3209 1132,3207 1130,3205 1128,3204 1110,3186 1089,3186 1067,3208 1065,3209 1059,3215 989,3215 987,3214 985,3212 984,3210 968,3210 966,3212 964,3212 960,3216 958,3217 947,3217 943,3221 941,3219 939,3218 937,3216 935,3216 933,3218 923,3218 921,3219 919,3218 911,3210 910,3208 898,3196 896,3196 884,3184 882,3184 880,3185 871,3185 869,3186 843,3212 839,3212 837,3214 836,3216 834,3218 828,3218 826,3216 814,3216 812,3218 799,3218 793,3212 785,3212 783,3210 775,3210 767,3218 738,3218 736,3216 732,3216 730,3218 713,3218 693,3198 691,3197 689,3195 678,3195 676,3193 672,3193 666,3199 664,3200 652,3212 651,3214 639,3202 637,3201 623,3187 619,3187 617,3185 612,3185 610,3187 598,3187 596,3185 592,3185 576,3201 575,3203 573,3205 571,3206 563,3214 557,3214 553,3210 541,3210 539,3208 538,3209 534,3209 532,3210 524,3210 522,3209 514,3209 512,3210 510,3210 508,3211 506,3209 499,3209 497,3211 493,3211 491,3212 489,3214 487,3214 485,3212 483,3211 477,3211 475,3209 471,3209 465,3203 464,3201 456,3193 423,3193 415,3201 407,3201 399,3193 370,3193"/>
                <Baseline points="379,3267 459,3267 540,3267 621,3267 702,3267 782,3267 863,3267 944,3266 1025,3266 1105,3266 1186,3266 1267,3266 1348,3266 1428,3265 1509,3265 1590,3265 1671,3265 1751,3265 1825,3265"/>
                <TextEquiv>
                    <Unicode>Nam si Augustinus humanarum discipli </Unicode>
                </TextEquiv>
            </TextLine>
            <TextEquiv>
                <Unicode>ab Ecclesia repellendam. Haec, inquam, di
cant, ac tum fatebor me nihil habere quam
obrem merito repugnem. Caeterum huius
aetatis doctores Pontificij paulo aliam sibi
rationem scribendi proposuerunt. Nec e
nim nudos Syllogismos contexunt, vt sole
bant illi, sed vtuntur continuis &amp; prolixis
declamationibus, praesertim adversus eos,
qui puram Euangelij doctrinam profiten
tur: qua in re libenter a Syllogismis absti
nent. Quum enim conuitia, vt plurimum, e
uomant &amp; flammas anhelent, non existi
marunt satis commode Syllogismis cum mo
do &amp; figura facere se id posse: itaque in la
tiorem orationis campum ingredi maluerunt. 
Quum igitur ex iis quae ante dicta sunt, 
satis manifestum esse arbitremur Scholasti
corum Pontificiorum disputaitones, nec ve
re Theologicas, nec esse rite ex  
regulis constitutas: operaepretium fuerit me
thodum aliquam proponere, qua &amp; Theolo
gice &amp; Scholastice disserere, &amp;, vt Augusti
ni verba repetamus, Sophistarum calumnias
enecare possimus, quod vtinam praestan
tissimi Theologi, simulque in hac praeclara
scientia exercitatissimi (quales hac aetate mul 
tos esse minime dubitamus) in animum in
ducant facere, &amp; nobis atque etiam poste
ris viam commonstrare Theologice simul
&amp; Scholastice disputandi. 
Nam si Augustinus humanarum discipli </Unicode>
            </TextEquiv>
        </TextRegion>
    </Page>
</PcGts>
