<?xml version="1.0" encoding="UTF-8" standalone="yes"?>
<PcGts xmlns="http://schema.primaresearch.org/PAGE/gts/pagecontent/2013-07-15" xmlns:xsi="http://www.w3.org/2001/XMLSchema-instance" xsi:schemaLocation="http://schema.primaresearch.org/PAGE/gts/pagecontent/2013-07-15 http://schema.primaresearch.org/PAGE/gts/pagecontent/2013-07-15/pagecontent.xsd">
    <Metadata>
        <Creator>prov=University of Rostock/Institute of Mathematics/CITlab/Gundram Leifert/gundram.leifert@uni-rostock.de:name=cod-uySe7d-m4(htr_id=14832)::::v=2.3.1
prov=University of Rostock/Institute of Mathematics/CITlab/Tobias Gruening/tobias.gruening@uni-rostock.de:name=de.uros.citlab.module.baseline2polygon.B2PSeamMultiOriented:v=2.3.1
prov=University of Rostock/Institute of Mathematics/CITlab/Tobias Gruening/tobias.gruening@uni-rostock.de:name=/net_tf/LA73_249_0mod360.pb:de.uros.citlab.segmentation.CITlab_LA_ML:v=2.3.1
TRP</Creator>
        <Created>2019-06-17T14:03:28.245-04:00</Created>
        <LastChange>2019-06-19T17:58:45.882+02:00</LastChange>
        <TranskribusMetadata docId="174119" pageId="6620087" pageNr="50" tsid="11531889" status="FINAL" userId="25065" imgUrl="https://dbis-thure.uibk.ac.at/f/Get?id=QIUSUIIDPYLGLDGVSZLWVAOW&amp;fileType=view" xmlUrl="https://dbis-thure.uibk.ac.at/f/Get?id=UNTVDBPHWDEQPEECXFVRKQBS" imageId="3984667"/>
    </Metadata>
    <Page imageFilename="050.jpg" imageWidth="2446" imageHeight="3914">
        <ReadingOrder>
            <OrderedGroup id="ro_1562356270183" caption="Regions reading order">
                <RegionRefIndexed index="0" regionRef="TextRegion_1560878217660_726"/>
            </OrderedGroup>
        </ReadingOrder>
        <TextRegion orientation="0.0" id="TextRegion_1560878217660_726" custom="readingOrder {index:0;}">
            <Coords points="235,258 1815,258 1815,3312 235,3312"/>
            <TextLine id="r1l3" custom="readingOrder {index:0;}">
                <Coords points="241,339 257,339 261,343 263,343 271,351 279,351 281,353 282,355 284,357 296,357 304,349 345,349 349,345 353,349 399,349 403,345 404,347 406,349 418,349 422,345 426,345 430,349 446,349 448,347 454,347 456,349 463,349 469,343 471,342 481,332 483,332 491,340 493,340 497,344 499,344 501,346 515,346 517,348 519,349 521,349 523,350 532,350 534,348 536,350 544,350 546,348 558,348 560,350 574,350 576,348 582,348 584,346 585,344 591,344 595,348 684,348 686,350 690,350 692,348 922,348 924,349 928,349 934,343 938,343 944,349 991,349 997,343 999,343 1005,349 1028,349 1030,347 1032,347 1034,349 1042,349 1044,347 1046,347 1048,349 1058,349 1060,347 1071,347 1073,349 1087,349 1089,347 1093,347 1095,349 1105,349 1107,347 1115,347 1117,349 1125,349 1127,347 1136,347 1138,349 1154,349 1156,347 1160,347 1186,373 1213,373 1237,349 1268,349 1270,347 1290,347 1292,345 1306,345 1308,347 1310,347 1311,349 1317,349 1319,347 1325,347 1327,348 1343,348 1345,350 1353,350 1355,348 1384,348 1386,350 1390,350 1392,348 1400,348 1402,350 1408,350 1410,348 1463,348 1465,346 1471,352 1475,352 1489,366 1490,368 1494,372 1496,373 1502,373 1504,374 1524,374 1550,348 1557,348 1559,350 1563,350 1565,348 1607,348 1615,340 1616,338 1620,338 1630,348 1664,348 1674,338 1676,339 1685,348 1689,348 1691,346 1693,346 1695,348 1709,348 1711,346 1713,346 1715,344 1717,343 1721,343 1723,345 1725,346 1727,346 1729,348 1742,348 1744,349 1756,349 1758,347 1760,349 1766,349 1774,341 1786,341 1790,337 1794,337 1796,339 1797,341 1821,341 1821,294 1782,294 1780,293 1772,293 1770,295 1766,295 1762,291 1760,290 1754,290 1752,289 1701,289 1693,281 1691,280 1685,274 1666,274 1658,266 1630,266 1611,285 1589,285 1583,291 1577,291 1575,289 1567,289 1565,291 1538,291 1536,289 1530,289 1528,291 1501,291 1499,289 1491,289 1489,291 1479,291 1477,289 1414,289 1398,273 1396,273 1394,275 1388,269 1386,269 1384,267 1383,267 1381,265 1367,265 1345,287 1323,287 1321,286 1308,286 1304,290 1302,288 1296,288 1294,290 1268,290 1266,288 1251,288 1249,290 1245,290 1243,288 1235,288 1233,290 1225,290 1223,288 1213,288 1211,290 1180,290 1178,292 1154,292 1150,288 1140,288 1138,286 1137,284 1119,266 1105,266 1103,264 1093,264 1083,274 1080,274 1064,258 1054,258 1020,292 1015,292 1013,290 1003,290 1001,292 995,292 993,290 975,290 967,282 950,282 942,290 940,291 928,291 926,289 893,289 891,287 887,287 883,283 881,283 879,281 861,281 855,287 837,287 836,285 824,273 822,272 808,258 792,258 784,266 782,267 778,271 777,273 769,281 759,281 739,261 737,260 735,260 733,258 725,258 723,259 718,259 716,257 698,257 696,259 694,259 692,257 686,257 680,263 678,263 654,287 633,287 627,293 623,289 566,289 564,291 544,291 534,281 521,281 517,285 511,285 509,287 507,288 505,290 501,290 489,302 485,302 473,290 472,288 466,282 462,282 460,280 454,280 450,284 444,284 442,282 440,282 434,276 432,275 416,259 415,257 407,257 405,259 399,259 397,257 383,257 373,267 371,268 353,286 352,284 328,260 326,259 324,257 318,257 316,259 314,258 304,258 294,268 293,270 279,284 277,284 273,288 265,288 259,294 257,294 251,300 241,300"/>
                <Baseline points="252,337 330,336 408,335 486,334 564,334 642,334 720,334 798,335 876,335 954,336 1032,337 1110,337 1188,338 1266,338 1344,339 1422,339 1500,339 1578,338 1656,337 1734,336 1812,335"/>
                <TextEquiv>
                    <Unicode>clesiae necessarium nobis primum per Pro</Unicode>
                </TextEquiv>
            </TextLine>
            <TextLine id="line_1560878205198_701" custom="readingOrder {index:1;}">
                <Coords points="246,473 258,473 260,475 272,475 278,469 291,469 293,467 295,467 301,461 303,460 317,446 325,446 329,442 331,444 339,444 341,442 349,442 351,444 360,444 362,442 368,448 376,448 380,452 382,452 384,454 392,454 402,444 433,444 435,442 439,442 443,446 447,446 449,444 498,444 500,443 504,439 506,439 512,445 538,445 539,443 547,435 551,435 561,445 606,445 608,443 616,443 618,445 630,445 632,443 644,443 646,445 650,445 652,443 654,443 656,445 679,445 681,443 683,445 715,445 721,439 722,441 726,445 785,445 817,477 833,477 834,475 838,475 840,477 846,477 860,463 862,462 878,446 884,446 886,444 888,446 913,446 915,444 929,444 935,438 961,438 963,440 964,442 966,442 970,446 1067,446 1069,447 1094,447 1096,445 1112,445 1114,443 1126,443 1128,445 1136,445 1138,443 1155,443 1157,445 1167,445 1169,443 1171,445 1197,445 1199,443 1212,443 1214,445 1260,445 1262,443 1269,443 1277,451 1283,451 1285,449 1291,449 1293,451 1295,451 1303,443 1305,443 1309,439 1311,439 1313,440 1336,440 1342,446 1344,447 1350,453 1356,453 1358,451 1366,451 1368,452 1393,452 1399,446 1407,446 1413,440 1417,440 1423,446 1429,446 1431,444 1433,446 1450,446 1452,444 1464,444 1498,478 1500,478 1501,476 1503,476 1505,474 1517,474 1519,476 1525,476 1555,446 1598,446 1604,452 1614,452 1616,450 1618,452 1626,452 1627,450 1629,450 1631,452 1645,452 1647,453 1653,447 1665,447 1671,453 1687,453 1688,451 1694,445 1740,445 1748,453 1757,453 1759,451 1761,451 1767,445 1805,445 1811,439 1812,437 1814,435 1824,435 1824,386 1811,386 1809,384 1805,384 1803,386 1793,386 1791,384 1785,384 1783,386 1781,386 1777,390 1771,390 1769,388 1767,388 1765,386 1748,386 1726,364 1722,364 1720,362 1703,362 1681,384 1679,384 1675,388 1665,388 1645,368 1644,366 1640,362 1608,362 1590,380 1588,381 1582,387 1581,385 1551,385 1545,391 1541,391 1537,387 1531,387 1529,385 1496,385 1494,387 1490,387 1480,377 1478,377 1470,369 1459,369 1457,371 1453,371 1425,399 1423,399 1409,385 1399,385 1398,383 1386,371 1384,371 1382,369 1378,369 1376,371 1362,371 1360,369 1352,369 1340,381 1339,383 1337,384 1319,402 1303,386 1301,386 1299,384 1291,384 1289,386 1287,384 1260,384 1258,386 1256,384 1238,384 1236,386 1199,386 1175,362 1171,362 1169,360 1152,360 1150,362 1140,362 1136,366 1134,366 1130,362 1110,362 1100,372 1099,374 1087,386 1077,386 1075,388 1073,389 1071,387 1069,386 1045,362 973,362 971,364 969,365 949,385 925,385 923,387 914,387 912,385 898,385 896,387 884,387 882,385 872,385 864,393 862,393 856,387 854,387 853,385 823,385 821,387 813,387 811,389 809,390 807,390 805,389 803,387 799,387 797,385 790,385 760,355 752,355 750,353 744,353 740,357 739,359 727,371 725,372 711,386 687,386 675,374 674,372 662,360 648,360 624,384 622,384 614,376 613,374 601,362 597,362 595,360 589,360 587,362 583,362 555,390 542,390 538,386 516,386 514,385 512,385 508,389 498,389 496,387 494,387 492,385 424,385 418,379 416,379 414,377 406,377 398,385 363,385 333,355 331,355 329,353 325,353 321,357 317,353 312,353 284,381 282,381 278,377 270,377 258,389 252,389 250,388 247,388"/>
                <Baseline points="257,432 335,432 413,432 491,432 569,432 647,432 725,433 803,433 881,433 959,434 1038,434 1116,435 1194,435 1272,436 1350,436 1428,436 1506,436 1584,436 1662,436 1740,436 1815,436"/>
                <TextEquiv>
                    <Unicode>phetas: deinde per Christum &amp; Apostolos </Unicode>
                </TextEquiv>
            </TextLine>
            <TextLine id="r1l5" custom="readingOrder {index:2;}">
                <Coords points="248,528 260,528 274,542 280,542 281,540 299,540 301,538 307,538 309,540 321,540 327,534 329,534 333,538 337,538 339,540 346,540 348,538 358,538 364,544 374,544 376,546 380,546 390,556 398,556 400,554 401,554 415,540 417,541 423,541 425,542 439,556 447,556 453,550 455,549 461,543 463,543 464,541 472,541 474,539 476,539 480,543 488,543 494,549 502,549 504,547 506,547 510,543 555,543 557,541 563,541 565,539 567,539 571,543 575,543 579,547 583,547 584,545 590,539 594,539 598,535 602,535 616,549 636,549 638,547 642,547 644,545 645,543 649,539 655,539 659,543 665,543 671,549 687,549 697,539 701,539 703,540 712,540 714,542 716,543 720,543 726,549 744,549 746,548 754,540 760,540 762,542 766,542 767,540 797,540 807,550 811,550 813,548 825,548 826,546 836,536 864,536 868,540 905,540 907,538 913,544 923,544 927,548 945,548 946,546 954,538 960,544 966,544 1000,578 1001,580 1005,584 1015,584 1047,552 1049,551 1059,541 1065,541 1067,539 1069,541 1070,543 1072,545 1076,545 1080,549 1092,549 1094,547 1096,547 1102,541 1106,541 1108,539 1110,539 1116,545 1129,545 1133,549 1169,549 1177,541 1189,541 1190,539 1208,539 1212,543 1234,543 1238,547 1244,547 1248,551 1249,553 1253,553 1281,581 1297,581 1303,575 1304,573 1308,573 1332,549 1334,548 1342,540 1344,540 1348,544 1358,544 1364,550 1389,550 1391,548 1395,548 1397,546 1403,546 1430,573 1446,573 1448,572 1472,548 1488,548 1492,544 1493,542 1497,542 1503,548 1525,548 1533,540 1553,540 1554,542 1568,542 1570,540 1574,540 1582,548 1610,548 1612,547 1615,547 1617,545 1619,545 1623,549 1680,549 1682,547 1688,547 1696,539 1698,539 1700,537 1706,537 1718,549 1733,549 1741,541 1743,541 1751,549 1806,549 1808,547 1820,547 1820,472 1809,472 1803,466 1801,465 1795,459 1771,459 1769,458 1763,458 1761,460 1759,460 1749,470 1748,472 1736,484 1692,484 1690,482 1673,482 1671,484 1661,484 1659,482 1622,482 1620,484 1618,484 1616,482 1598,482 1596,483 1588,483 1586,481 1576,481 1574,483 1565,483 1563,481 1541,481 1539,483 1535,483 1533,481 1502,481 1486,465 1472,465 1460,477 1448,465 1447,463 1441,457 1415,457 1391,481 1374,481 1368,487 1366,487 1362,483 1352,483 1350,481 1342,481 1336,487 1322,487 1321,486 1319,486 1317,485 1315,483 1303,483 1301,482 1297,482 1293,480 1289,480 1287,482 1285,482 1281,486 1260,486 1258,484 1256,484 1254,482 1240,482 1236,486 1214,486 1210,482 1191,482 1183,490 1173,490 1145,462 1144,460 1134,460 1132,458 1120,458 1096,482 1079,482 1075,486 1071,486 1067,482 1008,482 1006,481 1002,481 998,485 996,485 992,481 941,481 925,465 923,464 919,460 911,460 909,458 904,458 902,460 900,461 852,509 850,510 842,518 840,518 834,512 833,510 829,506 827,505 783,461 782,459 780,457 764,457 762,459 724,459 722,461 721,463 719,463 715,459 695,459 683,471 677,471 663,457 662,455 658,451 636,451 628,459 626,459 624,461 622,462 596,488 595,490 593,490 585,482 473,482 465,474 457,474 441,458 433,458 431,460 427,460 425,458 398,458 396,460 394,460 382,472 380,473 368,485 366,485 362,481 295,481 294,479 292,477 290,477 288,475 276,475 274,477 272,477 270,475 248,475"/>
                <Baseline points="257,525 334,527 412,529 489,530 567,531 645,531 722,532 800,532 878,533 955,533 1033,533 1111,533 1188,533 1266,533 1344,533 1421,533 1499,533 1577,533 1654,533 1732,533 1810,533"/>
                <TextEquiv>
                    <Unicode>traditum fuisse. Atque hoc perspicuum est</Unicode>
                </TextEquiv>
            </TextLine>
            <TextLine id="r1l6" custom="readingOrder {index:3;}">
                <Coords points="255,636 257,637 367,637 383,653 389,653 391,651 393,651 395,653 403,653 405,651 407,651 421,637 454,637 460,643 487,643 493,637 501,637 507,643 527,643 529,641 531,640 533,638 541,638 543,640 544,642 546,644 564,644 566,642 568,644 578,644 588,634 602,648 603,650 605,652 613,652 625,640 633,640 637,644 655,644 657,642 659,642 665,636 672,636 678,630 680,630 690,640 692,640 694,642 704,642 706,640 708,640 720,652 737,652 741,648 747,648 767,668 771,668 773,666 779,666 780,668 786,668 808,646 810,645 818,637 832,637 844,649 845,651 857,651 863,645 871,645 873,643 881,643 883,641 891,641 893,643 897,643 899,641 901,643 912,643 920,635 924,635 932,643 952,643 958,637 960,637 966,643 985,643 987,645 995,645 997,643 1025,643 1032,636 1042,636 1050,628 1141,628 1149,636 1150,638 1154,638 1160,644 1182,644 1190,652 1209,652 1217,644 1269,644 1270,646 1274,650 1276,650 1278,652 1292,652 1294,650 1300,650 1302,652 1312,652 1314,650 1316,652 1320,652 1324,648 1326,647 1328,645 1341,645 1347,651 1377,651 1383,645 1385,645 1393,637 1394,635 1396,633 1406,643 1412,643 1414,645 1424,645 1426,643 1434,643 1436,645 1448,645 1450,643 1459,643 1469,653 1479,653 1495,669 1508,669 1510,667 1514,667 1516,669 1524,669 1550,643 1558,643 1560,644 1621,644 1631,654 1656,654 1670,668 1674,668 1676,670 1682,670 1684,668 1701,668 1731,638 1737,644 1792,644 1796,640 1798,639 1806,631 1816,631 1816,583 1804,583 1802,581 1796,581 1794,583 1792,583 1788,579 1786,579 1784,577 1774,577 1770,581 1769,583 1741,583 1737,587 1719,587 1717,585 1713,585 1711,587 1706,587 1704,585 1702,585 1698,581 1696,581 1694,579 1688,579 1684,583 1682,583 1678,587 1676,587 1660,603 1656,603 1646,593 1645,591 1639,585 1633,585 1627,579 1623,579 1599,555 1582,555 1558,579 1552,579 1550,581 1548,582 1546,580 1544,579 1542,579 1540,578 1525,578 1517,586 1511,580 1505,580 1503,578 1493,578 1487,584 1430,584 1426,580 1422,584 1412,584 1410,586 1406,586 1405,588 1391,602 1389,603 1385,607 1383,607 1377,601 1351,601 1336,586 1316,586 1314,585 1284,585 1283,583 1277,577 1275,576 1261,562 1216,562 1214,561 1212,561 1208,565 1204,565 1202,563 1192,563 1184,555 1180,553 1171,553 1169,555 1165,555 1161,559 1153,559 1115,597 1113,598 1101,610 1056,610 1048,602 1035,602 1017,584 1005,584 989,568 987,567 986,565 982,561 974,561 972,563 966,563 964,562 948,578 926,578 924,576 923,574 913,564 911,564 901,554 871,554 869,556 867,556 866,558 848,576 840,576 838,578 824,578 816,586 808,586 806,585 804,585 802,584 800,582 799,580 787,580 785,578 773,578 771,577 767,577 765,579 763,579 759,583 757,583 745,571 743,570 742,568 738,564 736,564 734,562 732,562 730,560 720,560 716,564 714,565 684,595 682,595 678,591 677,589 673,585 671,585 663,577 657,577 655,579 645,579 643,577 639,577 637,579 635,579 631,583 629,583 625,579 623,579 621,577 620,575 614,569 608,569 590,587 582,587 576,581 568,581 566,579 559,579 535,555 523,555 521,553 513,553 503,563 502,565 496,571 494,572 488,578 462,578 458,582 452,582 450,580 442,580 440,578 413,578 409,582 403,582 383,562 382,560 376,554 374,554 372,552 366,552 364,554 360,554 336,578 318,578 316,580 315,582 299,582 297,580 289,580 287,578 265,578 263,577 256,577"/>
                <Baseline points="265,627 342,627 419,627 496,628 573,628 650,629 727,629 804,630 881,630 958,631 1035,631 1112,631 1189,632 1266,632 1343,632 1420,632 1497,632 1574,632 1651,632 1728,632 1805,632"/>
                <TextEquiv>
                    <Unicode>ex hoc loco Apostoli. Qlim, inquit, per</Unicode>
                </TextEquiv>
            </TextLine>
            <TextLine id="r1l7" custom="readingOrder {index:4;}">
                <Coords points="249,735 259,735 273,749 281,749 283,747 289,747 293,743 294,741 304,731 314,731 316,733 338,733 340,731 344,731 348,735 354,735 356,737 357,739 365,747 367,747 369,749 375,749 377,747 389,747 401,759 405,759 409,763 412,763 414,761 416,761 438,739 479,739 481,740 485,736 489,736 493,740 517,740 519,738 523,738 525,736 527,738 529,738 531,740 568,740 572,744 574,744 578,748 590,748 596,742 597,740 643,740 645,738 649,738 661,726 662,724 666,720 672,720 676,722 694,740 710,740 712,738 714,738 721,731 723,731 725,732 731,738 735,738 737,740 757,740 759,739 763,739 767,735 769,735 775,741 792,741 794,739 798,739 800,741 818,741 820,739 822,739 824,741 839,741 847,733 849,733 857,741 873,741 877,737 881,737 883,735 887,735 893,741 899,741 900,739 902,741 910,741 912,739 916,739 918,741 928,741 930,739 936,739 942,733 944,733 946,731 952,731 954,729 958,733 960,733 962,735 963,737 965,739 989,739 991,737 999,737 1003,741 1009,741 1011,739 1019,739 1021,737 1022,737 1024,739 1030,739 1032,738 1034,738 1036,739 1040,739 1042,740 1052,740 1054,738 1056,740 1064,740 1070,734 1072,734 1078,740 1089,740 1091,738 1093,740 1105,740 1111,734 1119,734 1123,738 1129,738 1131,740 1188,740 1200,752 1201,754 1213,766 1215,766 1221,772 1231,772 1239,764 1243,764 1245,762 1247,762 1261,748 1262,746 1268,740 1318,740 1320,739 1326,733 1327,731 1335,731 1349,745 1351,746 1353,748 1359,748 1361,747 1369,739 1371,739 1373,741 1430,741 1436,747 1447,747 1453,741 1471,741 1473,739 1475,741 1493,741 1495,739 1497,739 1499,741 1573,741 1575,739 1591,739 1593,737 1595,736 1597,734 1601,734 1607,740 1609,741 1623,755 1624,757 1630,763 1662,763 1670,755 1672,754 1686,740 1747,740 1748,738 1750,736 1754,736 1758,740 1768,740 1770,738 1776,738 1778,740 1782,740 1784,738 1798,738 1800,740 1813,740 1814,652 1804,652 1802,650 1776,650 1772,654 1770,655 1766,659 1765,661 1745,681 1688,681 1686,683 1654,683 1652,681 1648,681 1646,683 1644,681 1633,681 1631,683 1621,683 1619,682 1471,682 1461,672 1460,670 1446,656 1430,656 1426,660 1424,658 1408,658 1406,656 1404,656 1403,654 1397,648 1383,648 1379,652 1371,652 1369,650 1367,650 1337,680 1336,682 1334,681 1271,681 1263,689 1261,689 1253,681 1221,681 1219,683 1212,683 1208,687 1206,687 1202,683 1198,683 1190,675 1172,675 1168,679 1149,679 1145,675 1135,675 1133,673 1127,673 1123,677 1121,677 1101,657 1100,655 1094,649 1072,649 1048,673 1044,673 1038,667 1037,665 1021,649 1013,649 1009,653 1003,653 1001,651 997,651 995,649 981,649 980,651 968,663 966,664 954,676 948,676 946,674 940,674 938,672 932,672 918,658 917,656 913,652 911,651 909,649 901,649 899,648 895,648 869,674 855,674 854,672 848,672 846,674 840,674 816,650 806,650 796,660 795,662 785,672 771,672 747,648 743,652 741,652 737,656 712,656 708,660 706,658 702,658 694,650 678,650 677,652 675,654 671,654 667,658 663,658 661,659 647,673 631,673 627,677 625,677 623,675 596,675 594,677 580,677 578,675 558,675 556,673 545,673 543,675 523,675 521,673 501,673 493,681 491,679 490,677 464,651 450,651 448,649 440,649 434,655 433,657 423,667 421,668 417,672 389,672 383,666 375,666 373,664 366,664 358,672 330,672 326,676 324,674 322,674 312,664 309,664 305,660 301,660 299,658 295,658 287,650 273,650 271,652 267,652 263,648 250,648"/>
                <Baseline points="259,724 336,725 413,725 490,725 567,725 645,725 722,726 799,726 876,726 953,727 1031,727 1108,727 1185,727 1262,728 1339,728 1417,728 1494,729 1571,729 1648,729 1725,729 1803,730"/>
                <TextEquiv>
                    <Unicode>Prophetas: Vltimis diebus per filium: quod </Unicode>
                </TextEquiv>
            </TextLine>
            <TextLine id="r1l8" custom="readingOrder {index:5;}">
                <Coords points="246,860 280,860 286,854 288,853 289,851 309,831 311,831 317,837 329,837 331,835 337,835 339,837 347,837 349,835 351,837 352,839 358,845 364,845 366,843 368,843 374,837 378,837 380,835 382,835 392,845 396,845 398,843 410,843 411,841 421,831 423,831 429,837 437,837 439,835 445,835 447,837 457,837 459,835 461,837 467,837 469,835 472,835 474,837 482,837 484,835 486,837 498,837 500,835 516,835 518,837 528,837 530,835 532,837 533,839 553,839 557,843 561,843 563,845 567,845 583,829 585,829 587,828 589,826 594,826 598,830 600,831 606,837 648,837 652,841 653,843 663,843 667,839 669,838 687,838 689,836 705,836 707,838 713,838 714,836 722,836 726,832 728,832 732,836 760,836 762,834 764,834 768,838 793,838 799,844 815,844 833,826 835,826 836,828 838,828 846,836 880,836 882,834 886,838 888,838 894,844 895,846 907,846 921,860 945,860 953,852 954,850 974,830 980,836 988,836 990,834 994,834 996,836 1010,836 1012,834 1014,836 1025,836 1027,834 1039,834 1041,836 1053,836 1055,834 1057,836 1075,836 1077,834 1078,834 1080,836 1112,836 1114,834 1116,834 1118,836 1134,836 1136,837 1159,837 1161,835 1163,835 1165,837 1183,837 1185,835 1193,835 1195,837 1218,837 1220,835 1222,835 1236,849 1238,850 1240,852 1256,852 1263,845 1265,845 1273,853 1275,854 1289,868 1299,868 1303,864 1309,864 1311,862 1313,862 1315,860 1317,859 1318,857 1338,837 1340,837 1342,835 1362,835 1364,837 1378,837 1380,835 1381,835 1383,837 1397,837 1399,835 1407,835 1437,865 1438,867 1440,869 1450,869 1452,867 1454,867 1476,845 1482,845 1484,843 1490,843 1496,837 1498,837 1500,835 1505,835 1507,833 1511,837 1527,837 1529,839 1539,839 1559,859 1560,861 1568,869 1574,869 1582,861 1588,861 1614,835 1616,834 1618,832 1622,836 1625,836 1627,837 1631,837 1633,838 1645,838 1647,836 1653,836 1655,838 1659,838 1661,836 1684,836 1686,838 1726,838 1730,834 1734,838 1763,838 1765,836 1767,836 1779,824 1783,828 1801,828 1805,824 1814,824 1814,773 1779,773 1761,755 1757,755 1755,757 1744,757 1740,753 1736,753 1714,775 1687,775 1685,777 1630,777 1628,776 1529,776 1527,778 1525,776 1521,776 1519,778 1517,776 1511,776 1509,778 1488,778 1486,776 1474,776 1472,778 1458,778 1456,776 1452,776 1450,778 1448,778 1447,776 1441,776 1439,778 1431,778 1429,776 1423,776 1421,778 1413,778 1409,782 1405,782 1399,776 1389,776 1387,778 1327,778 1325,776 1321,776 1319,778 1301,778 1299,776 1273,776 1265,784 1264,786 1260,790 1258,791 1254,795 1248,795 1242,789 1240,788 1230,778 1167,778 1149,760 1148,758 1142,752 1134,752 1132,754 1128,754 1110,772 1108,773 1104,777 1092,777 1061,746 1029,746 1028,748 1016,760 1014,761 998,777 943,777 935,769 927,769 923,773 917,773 905,761 904,759 898,753 878,753 852,779 848,779 844,775 843,773 815,745 799,745 785,759 784,761 768,777 760,777 758,779 746,779 744,777 734,777 724,767 723,765 703,745 677,745 673,749 671,749 669,747 665,747 664,745 654,745 626,773 624,774 622,776 599,776 595,780 589,780 585,776 583,776 579,772 573,772 569,768 559,768 555,772 545,772 543,770 530,770 528,768 526,768 518,760 516,759 502,745 496,745 486,755 484,756 482,758 481,760 473,768 455,768 451,772 437,772 435,770 421,770 419,772 418,770 416,770 408,762 406,762 400,756 398,756 388,746 380,746 378,748 364,748 362,750 361,752 345,768 319,768 315,772 299,772 298,770 246,770"/>
                <Baseline points="257,821 334,821 411,821 489,822 566,822 644,822 721,823 798,823 876,824 953,824 1031,825 1108,825 1185,825 1263,826 1340,826 1418,825 1495,825 1572,824 1650,824 1727,822 1805,821"/>
                <TextEquiv>
                    <Unicode>posterius esse ad Apostolos quoque porri</Unicode>
                </TextEquiv>
            </TextLine>
            <TextLine id="r1l9" custom="readingOrder {index:6;}">
                <Coords points="259,949 269,949 273,953 274,953 278,957 280,957 282,955 284,957 294,957 314,937 316,936 320,932 322,932 324,934 336,934 338,932 339,932 341,934 351,934 353,932 365,932 367,934 377,934 379,932 383,932 385,934 393,934 395,932 406,932 408,930 410,932 422,932 424,930 426,930 430,934 440,934 444,930 446,930 450,934 515,934 519,930 520,932 522,934 554,934 576,956 577,958 579,960 585,954 587,954 589,952 593,952 611,934 613,933 617,933 619,931 621,933 629,933 631,931 635,935 639,935 640,937 642,939 646,939 650,941 654,941 660,935 662,935 668,941 682,941 690,933 713,933 717,929 721,933 762,933 766,929 772,929 776,933 806,933 812,939 823,939 825,937 827,937 835,929 839,933 849,933 853,929 857,929 861,933 879,933 881,931 900,931 902,933 914,933 916,931 918,933 932,933 934,934 944,934 945,932 953,932 961,924 963,924 973,934 977,934 979,932 981,932 983,934 993,934 995,932 1003,932 1005,930 1006,928 1010,928 1026,944 1030,944 1040,954 1042,955 1058,971 1059,971 1061,973 1063,973 1065,971 1079,971 1087,963 1089,962 1119,932 1158,932 1160,934 1164,934 1166,932 1168,932 1176,924 1182,924 1186,928 1187,930 1189,932 1225,932 1243,950 1244,952 1256,964 1284,964 1286,962 1288,962 1304,946 1305,944 1307,943 1315,935 1319,935 1323,939 1325,939 1327,941 1343,941 1353,931 1355,931 1357,929 1359,931 1363,931 1365,933 1380,933 1388,941 1406,941 1414,933 1471,933 1479,941 1487,941 1488,939 1494,933 1530,933 1546,949 1559,949 1567,941 1569,941 1575,935 1577,934 1624,934 1632,942 1642,942 1648,948 1650,949 1656,955 1679,955 1681,957 1685,957 1687,955 1689,954 1711,932 1784,932 1786,934 1790,934 1792,932 1793,930 1805,918 1807,917 1817,917 1817,899 1784,899 1758,873 1756,873 1754,875 1741,875 1739,873 1725,873 1715,883 1709,883 1707,881 1705,881 1697,873 1682,873 1680,875 1654,875 1652,877 1648,873 1622,873 1621,875 1619,877 1615,873 1591,873 1589,875 1587,876 1583,880 1581,880 1573,888 1550,888 1534,872 1526,872 1522,876 1514,876 1512,874 1508,874 1502,868 1501,866 1493,858 1491,857 1483,849 1473,849 1469,853 1467,854 1449,872 1438,872 1434,876 1408,850 1402,850 1400,848 1396,848 1392,844 1381,844 1377,848 1367,848 1341,874 1316,874 1308,882 1304,882 1296,874 1262,874 1260,875 1257,875 1255,873 1253,872 1231,850 1215,850 1203,862 1201,863 1199,865 1198,867 1182,883 1178,883 1176,881 1174,881 1146,853 1144,852 1142,850 1141,848 1137,844 1131,844 1129,842 1121,842 1119,844 1117,844 1115,846 1113,847 1103,847 1079,871 1068,871 1046,849 1032,849 1030,851 1028,849 1024,849 1020,853 1019,855 999,875 997,873 983,873 981,875 979,875 977,873 969,873 967,875 955,875 954,873 950,873 948,875 942,875 940,874 920,874 916,870 914,869 898,853 897,851 887,841 883,841 881,843 879,841 867,841 851,857 849,858 835,872 776,872 774,874 773,876 771,876 767,880 765,880 751,866 731,866 725,872 708,872 706,874 696,874 692,878 684,870 682,870 678,866 658,866 652,872 651,874 625,874 623,875 621,877 617,877 615,875 613,875 611,873 576,873 574,871 485,871 479,865 464,865 460,869 432,841 418,841 416,843 415,845 391,869 389,869 387,871 381,871 375,865 371,865 369,867 363,867 361,865 357,865 355,867 350,867 346,871 342,871 338,867 332,867 330,865 326,865 324,867 308,867 304,871 302,871 298,867 294,867 292,865 275,865 273,867 271,865 259,865"/>
                <Baseline points="268,921 349,921 430,920 511,920 592,920 673,920 754,920 835,920 916,921 997,921 1078,922 1159,923 1240,923 1321,924 1402,924 1483,924 1564,924 1645,924 1726,923 1807,922"/>
                <TextEquiv>
                    <Unicode>gendum patet ex hoc ipso Apostolo, cap. 2.</Unicode>
                </TextEquiv>
            </TextLine>
            <TextLine id="r1l10" custom="readingOrder {index:7;}">
                <Coords points="237,1029 359,1029 365,1035 375,1035 377,1033 379,1033 383,1029 455,1029 457,1027 459,1026 465,1026 467,1027 471,1031 481,1031 507,1057 509,1057 513,1061 516,1061 546,1031 556,1031 558,1032 560,1032 562,1033 566,1033 570,1037 579,1037 581,1035 585,1035 587,1033 589,1032 593,1028 597,1028 603,1034 605,1035 615,1035 617,1034 619,1034 621,1035 625,1035 627,1036 633,1036 635,1034 636,1032 640,1028 648,1028 650,1030 658,1030 660,1028 664,1028 666,1030 672,1030 674,1028 707,1028 717,1038 735,1038 745,1028 749,1028 757,1036 758,1038 772,1038 774,1036 776,1038 780,1038 798,1020 816,1020 818,1022 819,1024 823,1028 843,1028 847,1024 853,1030 859,1030 861,1028 871,1028 877,1034 878,1036 888,1046 894,1046 914,1026 932,1026 936,1030 995,1030 997,1028 1012,1028 1014,1026 1018,1026 1022,1030 1028,1030 1036,1038 1040,1038 1042,1036 1044,1038 1048,1038 1060,1026 1061,1026 1065,1030 1081,1030 1087,1036 1105,1036 1115,1026 1119,1030 1126,1030 1132,1036 1140,1036 1142,1038 1152,1038 1154,1036 1156,1036 1162,1030 1166,1030 1168,1028 1227,1028 1229,1030 1237,1030 1239,1028 1242,1028 1246,1032 1266,1032 1270,1036 1290,1036 1296,1030 1303,1030 1305,1028 1309,1028 1311,1030 1321,1030 1323,1028 1325,1028 1335,1038 1339,1038 1341,1036 1349,1036 1355,1030 1357,1030 1359,1028 1370,1028 1380,1038 1386,1038 1388,1036 1400,1036 1414,1022 1420,1022 1422,1024 1423,1026 1431,1034 1441,1034 1443,1032 1453,1042 1457,1042 1459,1044 1469,1044 1471,1042 1473,1042 1479,1036 1486,1036 1488,1038 1494,1038 1498,1034 1500,1034 1506,1028 1510,1028 1514,1032 1522,1032 1526,1036 1532,1036 1534,1034 1540,1034 1544,1030 1561,1030 1563,1029 1605,1029 1606,1031 1608,1033 1610,1034 1636,1060 1658,1060 1664,1054 1665,1052 1671,1046 1679,1046 1687,1038 1689,1037 1699,1027 1701,1027 1703,1029 1746,1029 1748,1027 1750,1027 1752,1029 1766,1029 1774,1021 1786,1021 1787,1019 1817,1019 1817,972 1803,972 1801,970 1793,970 1791,972 1790,970 1766,946 1719,946 1695,970 1662,970 1654,962 1648,962 1640,970 1638,970 1636,972 1634,973 1628,973 1626,972 1624,972 1622,970 1583,970 1581,971 1577,971 1575,970 1567,970 1565,969 1549,969 1547,971 1546,971 1544,969 1540,969 1538,971 1530,971 1528,969 1508,969 1506,967 1504,966 1488,950 1487,948 1485,948 1483,946 1447,946 1445,948 1439,948 1437,946 1429,946 1428,948 1416,960 1414,961 1400,975 1398,975 1394,971 1392,971 1390,969 1376,969 1374,971 1368,971 1366,969 1355,969 1353,971 1351,969 1333,969 1331,971 1325,971 1323,969 1317,969 1315,971 1296,971 1294,969 1286,969 1284,971 1282,969 1278,969 1276,971 1272,971 1270,969 1260,969 1258,971 1256,969 1245,969 1243,971 1239,971 1217,949 1215,948 1209,948 1207,946 1195,946 1193,948 1191,948 1189,947 1187,947 1186,949 1182,949 1180,947 1178,946 1158,946 1156,945 1136,945 1126,955 1125,957 1109,973 1107,973 1105,971 1103,971 1101,969 1083,969 1081,971 1067,971 1065,973 1062,973 1060,971 1056,971 1054,969 1038,969 1014,945 959,945 943,961 942,961 926,945 918,945 916,947 912,947 910,945 906,945 904,947 902,947 890,959 884,953 883,951 871,939 869,939 867,937 859,937 849,947 847,947 825,969 808,969 792,985 790,986 784,992 782,992 774,984 772,983 760,971 759,969 753,969 751,971 743,971 741,969 733,969 731,971 727,971 703,947 692,947 690,945 682,945 656,971 650,971 648,969 646,969 640,963 639,961 615,937 609,937 595,951 593,951 591,953 587,953 579,961 578,963 570,971 552,971 550,972 548,972 546,970 538,970 536,972 534,970 528,970 526,972 524,970 467,970 465,972 461,972 459,970 458,970 456,968 452,968 450,966 446,964 440,964 438,963 428,963 426,964 424,966 393,966 389,962 387,961 371,945 361,945 347,959 345,960 339,966 332,966 328,970 322,970 320,968 310,968 308,970 292,970 275,953 273,953 269,949 253,949 249,953 247,954 237,954"/>
                <Baseline points="246,1015 324,1016 402,1016 480,1017 558,1017 636,1018 714,1018 792,1019 870,1019 948,1020 1026,1020 1104,1020 1182,1020 1260,1020 1338,1020 1416,1020 1494,1019 1572,1018 1650,1017 1728,1016 1807,1015"/>
                <TextEquiv>
                    <Unicode>huius epistolae, vbi dicit salutem Euangeli </Unicode>
                </TextEquiv>
            </TextLine>
            <TextLine id="r1l11" custom="readingOrder {index:8;}">
                <Coords points="235,1122 252,1122 254,1124 268,1124 270,1122 280,1122 282,1124 313,1124 315,1122 317,1122 319,1124 329,1124 331,1122 337,1122 343,1128 361,1128 365,1132 368,1132 370,1130 376,1130 382,1124 384,1124 386,1122 398,1122 400,1124 404,1124 406,1122 420,1122 422,1124 431,1124 433,1122 471,1122 473,1124 477,1124 479,1122 483,1122 485,1124 486,1126 488,1128 490,1128 494,1132 512,1132 522,1122 528,1128 540,1128 544,1132 561,1132 565,1128 569,1128 573,1132 579,1132 581,1130 599,1130 601,1128 610,1128 616,1134 626,1134 648,1156 650,1156 652,1158 665,1158 699,1124 713,1124 719,1130 721,1130 723,1132 727,1132 728,1130 738,1130 740,1132 750,1132 758,1124 782,1124 788,1130 789,1130 791,1132 795,1132 797,1130 805,1130 807,1132 821,1132 823,1130 825,1130 829,1126 831,1125 839,1125 841,1126 845,1130 847,1130 849,1132 864,1132 868,1128 870,1127 872,1125 955,1125 961,1119 967,1125 1049,1125 1057,1133 1061,1133 1063,1131 1065,1131 1071,1125 1146,1125 1152,1131 1153,1133 1159,1139 1161,1139 1163,1137 1171,1137 1177,1131 1183,1131 1185,1133 1272,1133 1273,1135 1277,1139 1299,1139 1305,1133 1319,1133 1327,1141 1334,1141 1336,1139 1338,1139 1344,1133 1374,1133 1380,1139 1405,1139 1407,1141 1413,1141 1427,1127 1429,1127 1433,1131 1441,1131 1447,1125 1449,1125 1453,1129 1454,1131 1462,1131 1464,1133 1472,1133 1474,1131 1498,1131 1510,1119 1512,1119 1516,1123 1517,1125 1531,1125 1537,1131 1594,1131 1600,1125 1606,1131 1618,1131 1620,1129 1624,1129 1626,1127 1628,1126 1714,1126 1720,1132 1746,1132 1752,1126 1754,1126 1756,1128 1757,1130 1785,1130 1791,1124 1795,1124 1801,1118 1811,1118 1811,1073 1799,1073 1787,1061 1781,1061 1779,1059 1775,1059 1769,1065 1756,1065 1734,1043 1728,1043 1726,1041 1685,1041 1683,1043 1677,1043 1673,1047 1671,1047 1653,1065 1638,1065 1636,1067 1634,1068 1632,1068 1630,1067 1606,1043 1604,1043 1602,1041 1583,1041 1579,1045 1573,1045 1571,1043 1547,1043 1545,1045 1539,1045 1535,1049 1529,1049 1510,1068 1506,1068 1494,1056 1492,1055 1480,1043 1470,1043 1468,1045 1466,1045 1464,1043 1457,1043 1447,1053 1445,1054 1425,1074 1417,1074 1409,1066 1374,1066 1366,1074 1337,1074 1329,1066 1295,1066 1291,1070 1285,1070 1283,1068 1278,1068 1252,1042 1240,1042 1218,1064 1217,1066 1161,1066 1159,1068 1150,1068 1148,1066 1100,1066 1098,1068 1096,1066 1087,1066 1085,1068 1083,1068 1081,1066 1071,1066 1069,1068 1067,1066 1063,1066 1057,1072 1055,1072 1049,1066 1039,1066 1037,1068 1034,1068 1032,1066 1022,1066 1020,1068 1018,1066 1004,1066 1002,1068 998,1068 996,1066 988,1066 986,1068 984,1068 982,1066 976,1066 975,1068 971,1072 967,1072 965,1074 963,1075 959,1079 955,1075 953,1075 951,1074 943,1066 896,1066 894,1068 892,1066 886,1066 858,1038 857,1036 855,1034 841,1034 813,1062 811,1063 795,1063 794,1065 792,1067 786,1067 784,1065 782,1065 778,1061 776,1060 758,1042 750,1042 748,1044 742,1044 740,1042 735,1042 721,1056 719,1057 713,1063 703,1063 695,1071 693,1071 687,1065 681,1065 679,1067 677,1067 675,1065 652,1065 644,1073 636,1073 628,1065 622,1065 614,1057 613,1055 605,1047 603,1046 601,1044 599,1044 597,1042 585,1042 583,1044 581,1045 569,1057 565,1057 553,1045 552,1043 550,1042 540,1042 538,1041 536,1041 512,1065 487,1065 479,1073 475,1069 471,1069 469,1067 449,1067 447,1065 433,1065 431,1067 430,1069 418,1081 412,1081 400,1069 398,1069 396,1067 372,1067 370,1065 335,1065 331,1069 329,1067 323,1067 321,1065 264,1065 252,1077 250,1077 247,1080 235,1080"/>
                <Baseline points="245,1113 322,1114 400,1114 478,1115 556,1115 634,1115 711,1116 789,1116 867,1116 945,1117 1023,1117 1100,1117 1178,1117 1256,1117 1334,1117 1412,1117 1489,1116 1567,1116 1645,1116 1723,1115 1801,1115"/>
                <TextEquiv>
                    <Unicode>cam nobis primum annuntiatam a Christo</Unicode>
                </TextEquiv>
            </TextLine>
            <TextLine id="r1l12" custom="readingOrder {index:9;}">
                <Coords points="234,1221 269,1221 271,1219 277,1219 279,1217 281,1217 285,1221 352,1221 354,1223 355,1225 357,1227 367,1227 373,1221 375,1221 381,1227 389,1227 391,1225 393,1225 397,1221 424,1221 438,1235 448,1235 450,1233 452,1235 460,1235 462,1233 464,1233 468,1229 470,1228 474,1228 475,1226 483,1218 489,1218 493,1222 513,1222 519,1228 536,1228 544,1220 572,1220 580,1228 649,1228 653,1224 655,1224 657,1226 658,1228 696,1228 702,1222 704,1221 729,1221 731,1219 733,1221 741,1221 743,1219 751,1219 753,1221 773,1221 775,1219 777,1221 798,1221 800,1219 802,1221 839,1221 843,1217 849,1217 853,1221 857,1221 861,1225 863,1225 865,1227 873,1227 879,1221 887,1229 897,1229 899,1227 900,1225 902,1227 906,1227 908,1229 912,1229 914,1227 916,1227 918,1229 924,1229 926,1227 928,1227 936,1219 950,1219 958,1227 983,1227 985,1226 991,1220 1003,1220 1007,1224 1011,1224 1013,1226 1034,1226 1036,1224 1042,1224 1046,1228 1064,1228 1066,1226 1070,1226 1072,1228 1087,1228 1089,1226 1091,1226 1095,1222 1113,1222 1117,1226 1123,1226 1125,1228 1133,1228 1135,1226 1139,1226 1141,1228 1164,1228 1166,1226 1170,1226 1172,1224 1178,1224 1182,1228 1213,1228 1215,1226 1219,1226 1221,1228 1239,1228 1241,1226 1243,1225 1245,1223 1249,1223 1253,1227 1262,1227 1264,1229 1284,1229 1288,1225 1292,1225 1296,1229 1310,1229 1314,1225 1316,1225 1320,1229 1353,1229 1357,1225 1363,1225 1367,1229 1418,1229 1420,1227 1424,1227 1432,1219 1434,1219 1436,1217 1442,1217 1444,1219 1445,1221 1469,1245 1473,1245 1475,1247 1495,1247 1501,1241 1502,1239 1514,1227 1516,1227 1518,1228 1550,1228 1552,1226 1554,1226 1556,1228 1569,1228 1571,1226 1577,1226 1581,1230 1583,1230 1599,1246 1601,1247 1605,1251 1620,1251 1622,1252 1644,1252 1668,1228 1680,1228 1682,1226 1699,1226 1701,1228 1719,1228 1721,1226 1723,1228 1733,1228 1735,1226 1737,1226 1739,1228 1745,1228 1747,1226 1748,1226 1750,1228 1772,1228 1774,1226 1776,1226 1778,1227 1780,1227 1782,1228 1784,1228 1786,1229 1790,1229 1792,1227 1804,1227 1804,1166 1782,1166 1778,1162 1768,1162 1766,1164 1764,1165 1762,1163 1751,1163 1749,1161 1727,1161 1723,1165 1709,1151 1707,1150 1705,1148 1704,1146 1694,1136 1688,1136 1686,1138 1672,1138 1670,1140 1668,1141 1644,1165 1642,1163 1633,1163 1631,1161 1623,1161 1607,1145 1603,1145 1595,1137 1589,1137 1585,1141 1584,1143 1574,1153 1568,1153 1560,1145 1546,1145 1530,1161 1520,1161 1519,1163 1517,1165 1509,1165 1507,1164 1495,1164 1489,1170 1452,1170 1450,1172 1428,1172 1426,1170 1404,1170 1402,1172 1398,1172 1396,1170 1385,1170 1377,1162 1365,1162 1355,1172 1353,1172 1345,1164 1343,1164 1341,1162 1334,1162 1328,1168 1326,1168 1322,1164 1312,1164 1308,1160 1304,1160 1300,1164 1296,1164 1294,1162 1288,1162 1286,1164 1282,1164 1280,1162 1271,1162 1267,1166 1263,1166 1261,1168 1259,1169 1249,1169 1245,1165 1243,1164 1241,1162 1233,1162 1231,1163 1229,1165 1227,1163 1221,1163 1219,1161 1208,1161 1204,1165 1202,1163 1182,1163 1180,1165 1176,1161 1164,1161 1158,1155 1157,1153 1147,1143 1145,1142 1141,1138 1127,1138 1125,1137 1109,1137 1099,1147 1098,1149 1086,1161 1054,1161 1052,1163 1044,1163 1040,1167 1036,1167 1034,1165 1033,1165 1031,1163 1005,1163 1001,1167 999,1167 995,1163 974,1163 972,1161 968,1161 966,1162 958,1170 950,1170 942,1162 928,1162 903,1137 865,1137 863,1138 861,1138 859,1140 858,1142 838,1162 812,1136 793,1136 765,1164 759,1164 755,1168 751,1168 749,1170 747,1171 745,1170 743,1170 735,1162 732,1162 730,1164 728,1162 724,1162 722,1164 720,1164 696,1140 684,1140 674,1150 673,1152 671,1154 669,1155 659,1165 653,1165 649,1161 623,1161 613,1151 612,1149 600,1137 584,1137 560,1161 558,1161 552,1155 551,1153 535,1137 525,1137 489,1173 487,1174 486,1176 476,1186 454,1164 452,1163 434,1145 433,1143 419,1129 413,1129 411,1131 407,1131 405,1129 397,1129 387,1139 383,1139 381,1137 370,1137 368,1139 364,1139 360,1143 356,1141 352,1137 334,1137 332,1138 324,1146 318,1146 314,1142 313,1140 303,1130 297,1130 295,1128 291,1128 289,1130 279,1130 277,1128 271,1128 265,1134 263,1134 251,1146 250,1148 244,1154 234,1154"/>
                <Baseline points="243,1208 320,1209 398,1209 475,1210 553,1211 630,1211 708,1212 785,1212 863,1212 940,1213 1018,1213 1095,1213 1173,1214 1250,1214 1328,1214 1405,1214 1483,1214 1560,1214 1638,1214 1715,1214 1793,1214"/>
                <TextEquiv>
                    <Unicode>fuisse, deinde ab iis confirmatam qui ipsum</Unicode>
                </TextEquiv>
            </TextLine>
            <TextLine id="line_1560878205199_703" custom="readingOrder {index:10;}">
                <Coords points="237,1321 251,1321 255,1325 284,1325 286,1323 288,1323 290,1321 292,1321 296,1317 330,1317 332,1318 349,1318 353,1322 355,1323 357,1323 359,1324 363,1324 367,1326 371,1326 373,1324 454,1324 455,1322 457,1322 461,1318 522,1318 528,1324 615,1324 617,1322 619,1323 621,1323 623,1324 625,1324 627,1325 664,1325 672,1317 674,1317 682,1309 703,1309 719,1325 743,1325 747,1321 749,1323 755,1323 756,1325 762,1325 764,1323 768,1323 770,1325 780,1325 782,1323 802,1323 804,1325 814,1325 818,1321 819,1319 821,1317 829,1317 835,1323 839,1323 845,1329 865,1329 873,1337 874,1339 876,1339 878,1341 880,1341 882,1343 884,1343 886,1345 888,1345 892,1349 902,1349 920,1331 922,1330 926,1326 963,1326 965,1324 1016,1324 1026,1314 1036,1314 1046,1324 1087,1324 1091,1320 1095,1324 1126,1324 1128,1322 1130,1322 1132,1320 1138,1326 1162,1326 1164,1327 1205,1327 1211,1333 1233,1333 1241,1325 1264,1325 1268,1321 1272,1321 1276,1325 1305,1325 1309,1321 1311,1321 1317,1327 1335,1327 1341,1333 1353,1333 1355,1331 1360,1331 1366,1325 1382,1325 1386,1321 1396,1321 1398,1323 1404,1323 1406,1322 1408,1323 1410,1325 1414,1325 1416,1324 1418,1324 1424,1318 1425,1316 1437,1316 1453,1332 1455,1333 1457,1333 1459,1334 1473,1334 1479,1328 1482,1328 1488,1334 1496,1334 1502,1340 1520,1340 1532,1328 1579,1328 1591,1340 1608,1340 1624,1324 1634,1324 1636,1322 1644,1322 1646,1324 1662,1324 1664,1322 1669,1322 1671,1324 1681,1324 1683,1325 1742,1325 1744,1323 1750,1323 1752,1325 1760,1325 1768,1317 1825,1317 1825,1280 1815,1280 1811,1284 1809,1284 1799,1274 1798,1272 1760,1234 1758,1234 1756,1232 1745,1232 1737,1240 1735,1240 1711,1264 1681,1264 1679,1265 1678,1267 1670,1267 1668,1265 1640,1265 1638,1267 1626,1267 1624,1265 1605,1265 1603,1267 1599,1267 1597,1265 1589,1265 1587,1267 1581,1267 1579,1265 1565,1265 1563,1267 1546,1267 1544,1265 1528,1265 1512,1249 1510,1249 1502,1241 1501,1241 1495,1247 1473,1247 1471,1245 1467,1245 1465,1243 1463,1243 1461,1241 1455,1241 1439,1257 1438,1259 1432,1265 1430,1266 1424,1266 1420,1264 1408,1264 1406,1266 1404,1264 1398,1264 1388,1274 1384,1274 1376,1266 1345,1266 1343,1264 1335,1264 1327,1256 1321,1256 1319,1258 1317,1258 1316,1260 1310,1266 1278,1266 1274,1270 1270,1270 1266,1266 1258,1266 1256,1264 1249,1264 1247,1266 1243,1266 1241,1264 1233,1264 1231,1266 1195,1266 1194,1264 1184,1264 1182,1266 1168,1266 1160,1258 1148,1258 1144,1262 1142,1263 1140,1265 1119,1265 1111,1257 1103,1257 1099,1261 1087,1249 1085,1248 1079,1242 1058,1242 1056,1241 1048,1241 1032,1257 1028,1257 1018,1247 1017,1245 1005,1233 991,1233 967,1257 944,1257 940,1261 938,1261 936,1259 928,1259 922,1265 894,1265 892,1264 883,1264 881,1266 875,1266 873,1264 871,1264 865,1258 863,1257 859,1257 857,1256 847,1256 841,1262 839,1262 831,1270 830,1268 826,1264 822,1264 818,1260 816,1260 812,1256 804,1256 802,1258 798,1258 778,1238 776,1237 775,1235 771,1235 769,1233 761,1233 759,1234 757,1234 753,1232 729,1232 713,1248 712,1250 686,1276 684,1277 674,1287 670,1287 664,1281 662,1281 652,1271 650,1270 648,1268 647,1266 639,1258 621,1258 617,1262 615,1261 611,1261 609,1260 607,1258 599,1258 597,1257 576,1257 568,1265 566,1265 558,1257 538,1257 536,1259 530,1259 529,1257 499,1257 497,1259 489,1259 487,1257 469,1257 468,1259 464,1263 462,1263 458,1259 454,1259 452,1257 428,1257 412,1241 411,1239 405,1233 391,1233 389,1235 383,1235 381,1233 359,1233 353,1239 352,1241 336,1257 334,1258 330,1258 328,1256 310,1256 308,1258 294,1258 292,1256 279,1256 275,1260 265,1260 261,1256 255,1256 247,1264 237,1264"/>
                <Baseline points="246,1305 337,1307 428,1308 520,1309 611,1310 703,1310 794,1311 885,1311 977,1312 1068,1312 1160,1312 1251,1312 1342,1312 1434,1312 1525,1312 1617,1312 1708,1313 1799,1313 1815,1313"/>
                <TextEquiv>
                    <Unicode>audiuerant. Et apud Ioannem: Quemad</Unicode>
                </TextEquiv>
            </TextLine>
            <TextLine id="line_1560878205200_705" custom="readingOrder {index:11;}">
                <Coords points="237,1413 254,1413 256,1415 258,1415 260,1413 274,1413 278,1417 298,1417 301,1420 313,1420 315,1418 317,1417 321,1413 327,1413 331,1417 333,1418 335,1420 359,1420 360,1418 362,1418 364,1416 370,1416 374,1420 453,1420 463,1430 475,1430 477,1428 490,1428 498,1420 557,1420 559,1418 561,1418 585,1442 591,1442 593,1444 599,1444 601,1446 608,1446 610,1444 616,1444 632,1428 642,1428 648,1422 679,1422 681,1420 689,1420 691,1418 695,1418 701,1424 705,1424 709,1428 713,1428 715,1430 724,1430 726,1428 736,1428 744,1420 791,1420 799,1428 809,1428 817,1420 829,1420 843,1434 844,1436 858,1436 868,1426 888,1426 890,1424 894,1428 913,1428 921,1420 923,1420 925,1422 998,1422 1000,1420 1008,1420 1010,1418 1014,1418 1016,1420 1025,1420 1027,1418 1039,1430 1047,1430 1063,1446 1086,1446 1110,1422 1116,1428 1138,1428 1144,1422 1153,1422 1159,1428 1175,1428 1183,1420 1197,1420 1199,1422 1240,1422 1248,1430 1260,1430 1262,1428 1281,1428 1289,1420 1291,1420 1293,1422 1301,1422 1303,1420 1336,1420 1338,1422 1342,1422 1344,1420 1358,1420 1368,1430 1384,1430 1388,1426 1389,1424 1391,1424 1397,1430 1437,1430 1447,1420 1456,1420 1466,1410 1470,1410 1482,1422 1490,1422 1510,1442 1511,1444 1519,1452 1549,1452 1551,1450 1553,1450 1559,1444 1563,1444 1569,1438 1574,1438 1586,1426 1588,1428 1594,1428 1596,1426 1600,1426 1606,1420 1608,1420 1620,1408 1626,1408 1630,1412 1631,1414 1637,1420 1645,1420 1647,1418 1651,1422 1710,1422 1718,1430 1734,1430 1744,1420 1750,1420 1752,1422 1755,1422 1757,1420 1761,1420 1769,1412 1791,1412 1805,1398 1824,1398 1824,1385 1797,1385 1793,1381 1791,1381 1787,1377 1775,1377 1759,1361 1751,1361 1750,1359 1748,1357 1746,1357 1742,1353 1736,1353 1728,1361 1726,1361 1724,1363 1700,1363 1698,1365 1696,1363 1689,1363 1687,1361 1665,1361 1663,1363 1641,1363 1639,1361 1630,1361 1622,1369 1614,1369 1606,1361 1543,1361 1541,1363 1535,1363 1533,1361 1494,1361 1492,1363 1490,1361 1480,1361 1470,1371 1464,1371 1454,1361 1447,1361 1433,1347 1431,1347 1429,1345 1419,1345 1417,1347 1413,1347 1411,1345 1407,1345 1405,1347 1403,1345 1391,1345 1387,1349 1386,1351 1372,1365 1368,1361 1328,1361 1327,1359 1321,1353 1311,1353 1297,1339 1295,1339 1293,1338 1279,1338 1277,1339 1267,1349 1266,1351 1258,1359 1246,1359 1240,1353 1230,1353 1224,1359 1210,1359 1206,1363 1193,1363 1191,1361 1175,1361 1167,1353 1149,1353 1145,1357 1144,1359 1142,1361 1112,1361 1108,1365 1104,1361 1088,1361 1086,1359 1085,1357 1083,1355 1063,1355 1053,1365 1051,1363 1043,1363 1041,1361 935,1361 931,1365 927,1361 921,1361 913,1353 896,1353 890,1347 888,1346 886,1344 884,1344 882,1342 878,1342 872,1336 870,1336 866,1332 862,1332 848,1346 846,1347 842,1351 841,1353 831,1363 819,1363 817,1361 766,1361 760,1355 758,1355 756,1353 744,1353 730,1367 726,1367 722,1363 721,1361 713,1361 701,1349 699,1348 689,1338 687,1338 681,1332 679,1332 677,1330 663,1330 661,1332 660,1334 644,1350 642,1351 630,1363 618,1363 616,1361 608,1361 606,1363 604,1361 587,1361 585,1363 583,1363 581,1361 571,1361 569,1363 565,1363 563,1361 541,1361 540,1359 534,1353 532,1352 510,1330 494,1330 480,1344 479,1346 473,1346 465,1338 451,1338 449,1340 447,1340 445,1338 427,1338 425,1340 419,1334 418,1332 416,1330 398,1330 374,1354 372,1355 370,1357 364,1357 362,1355 360,1355 358,1354 339,1354 337,1356 335,1357 333,1357 329,1361 327,1361 323,1357 321,1356 319,1354 237,1354"/>
                <Baseline points="246,1404 336,1404 426,1405 517,1407 607,1408 698,1409 788,1410 879,1411 969,1412 1060,1412 1150,1412 1241,1412 1331,1411 1422,1410 1512,1409 1603,1406 1693,1403 1784,1400 1815,1398"/>
                <TextEquiv>
                    <Unicode>modum, inquit, misit me pater, ita &amp; ego mit</Unicode>
                </TextEquiv>
            </TextLine>
            <TextLine id="r1l15" custom="readingOrder {index:12;}">
                <Coords points="239,1510 249,1510 253,1514 255,1515 257,1517 272,1517 274,1518 278,1518 286,1510 288,1510 296,1518 320,1518 326,1512 327,1510 331,1506 347,1506 367,1526 385,1526 386,1524 388,1522 398,1522 400,1520 402,1520 404,1518 408,1518 412,1514 418,1514 422,1518 440,1518 444,1514 446,1516 465,1516 467,1518 471,1518 473,1516 485,1516 487,1518 493,1518 495,1516 497,1518 501,1518 507,1512 508,1510 510,1508 540,1508 548,1516 552,1516 554,1518 560,1518 562,1516 566,1516 568,1518 579,1518 581,1516 593,1516 595,1514 605,1514 615,1524 623,1524 625,1522 627,1522 628,1520 630,1518 638,1518 646,1526 664,1526 684,1546 686,1544 687,1542 693,1542 717,1518 719,1518 725,1524 737,1524 745,1516 750,1516 752,1517 754,1517 756,1515 764,1515 766,1517 772,1517 786,1503 792,1503 800,1511 802,1511 808,1517 839,1517 841,1515 851,1515 853,1517 888,1517 890,1519 896,1519 898,1517 922,1517 926,1513 930,1517 951,1517 959,1525 967,1525 975,1517 1034,1517 1050,1533 1057,1533 1059,1531 1063,1531 1077,1517 1095,1517 1103,1509 1120,1509 1136,1525 1150,1525 1158,1517 1162,1517 1164,1515 1170,1515 1172,1513 1174,1515 1175,1517 1205,1517 1221,1533 1225,1533 1227,1535 1232,1535 1234,1537 1236,1537 1240,1541 1252,1541 1254,1539 1256,1541 1264,1541 1282,1523 1284,1522 1288,1518 1351,1518 1353,1520 1354,1522 1358,1526 1366,1526 1384,1508 1390,1508 1408,1526 1412,1526 1414,1524 1415,1524 1423,1516 1427,1516 1437,1526 1449,1526 1459,1516 1492,1516 1494,1518 1500,1518 1502,1516 1514,1516 1516,1518 1522,1518 1524,1516 1545,1516 1565,1536 1573,1536 1575,1538 1581,1538 1583,1540 1587,1540 1595,1532 1596,1530 1614,1512 1616,1512 1622,1518 1628,1518 1630,1516 1656,1516 1658,1514 1659,1512 1665,1512 1669,1516 1673,1516 1675,1518 1691,1518 1695,1514 1699,1514 1701,1516 1718,1516 1720,1515 1726,1515 1728,1517 1736,1517 1738,1515 1740,1517 1772,1517 1774,1515 1776,1517 1793,1517 1795,1515 1801,1515 1805,1511 1815,1511 1815,1456 1805,1456 1789,1440 1788,1438 1784,1434 1782,1434 1778,1430 1776,1430 1772,1426 1766,1426 1764,1428 1762,1426 1752,1426 1726,1452 1725,1454 1723,1456 1721,1455 1705,1455 1701,1459 1697,1459 1695,1457 1689,1457 1683,1451 1681,1450 1673,1450 1671,1449 1669,1449 1667,1451 1666,1453 1662,1457 1622,1457 1618,1461 1614,1461 1610,1457 1581,1457 1579,1459 1563,1459 1561,1461 1545,1461 1544,1459 1542,1457 1500,1457 1494,1463 1492,1463 1486,1457 1475,1457 1473,1459 1453,1459 1449,1463 1445,1463 1439,1457 1431,1457 1429,1459 1425,1459 1423,1457 1416,1457 1414,1459 1406,1459 1404,1457 1398,1457 1392,1463 1386,1463 1364,1441 1363,1439 1359,1435 1351,1435 1349,1433 1343,1433 1319,1457 1272,1457 1270,1459 1268,1460 1266,1460 1264,1459 1260,1459 1258,1458 1252,1458 1250,1457 1244,1457 1242,1456 1231,1456 1229,1455 1225,1451 1217,1451 1215,1453 1211,1453 1209,1454 1207,1456 1205,1456 1201,1460 1199,1458 1193,1458 1191,1460 1189,1460 1181,1468 1179,1468 1178,1466 1172,1460 1170,1460 1168,1458 1160,1458 1152,1450 1142,1450 1118,1474 1117,1476 1113,1476 1095,1458 1050,1458 1048,1460 1046,1460 1044,1458 1022,1458 1002,1438 1001,1436 999,1434 991,1434 989,1432 977,1432 953,1456 941,1456 939,1458 938,1460 936,1458 926,1458 924,1460 922,1460 920,1458 906,1458 904,1460 900,1460 898,1458 886,1458 884,1460 877,1460 875,1458 853,1458 851,1460 843,1460 841,1458 833,1458 831,1460 829,1458 808,1458 806,1460 786,1460 784,1458 776,1458 774,1459 768,1459 766,1458 758,1450 749,1450 745,1454 743,1455 739,1459 733,1459 731,1457 727,1457 725,1459 723,1459 721,1457 711,1457 709,1459 705,1459 703,1457 690,1457 688,1459 650,1459 648,1457 613,1457 601,1445 597,1445 595,1443 589,1443 587,1441 585,1441 583,1439 581,1439 579,1441 577,1441 576,1443 570,1449 568,1449 528,1489 526,1490 512,1490 511,1488 509,1486 507,1485 505,1483 501,1483 475,1457 469,1457 467,1459 465,1459 463,1457 454,1457 452,1459 450,1457 446,1457 442,1461 440,1459 410,1459 408,1457 400,1457 396,1461 394,1459 393,1459 391,1457 351,1457 343,1465 341,1466 339,1468 337,1466 335,1465 333,1463 332,1461 330,1459 328,1459 320,1451 312,1451 310,1449 302,1449 294,1457 286,1457 280,1451 261,1451 259,1449 239,1449"/>
                <Baseline points="248,1501 325,1502 403,1503 481,1504 559,1505 637,1506 715,1506 793,1507 871,1507 949,1507 1027,1507 1104,1507 1182,1507 1260,1507 1338,1507 1416,1507 1494,1507 1572,1506 1650,1506 1728,1505 1806,1505"/>
                <TextEquiv>
                    <Unicode>to vos. Atque omnino negari non potest</Unicode>
                </TextEquiv>
            </TextLine>
            <TextLine id="r1l16" custom="readingOrder {index:13;}">
                <Coords points="235,1612 253,1612 255,1614 256,1616 258,1617 260,1619 268,1619 270,1617 272,1617 274,1616 278,1612 424,1612 436,1624 437,1626 439,1627 455,1643 467,1643 473,1637 477,1637 479,1635 489,1635 512,1612 561,1612 581,1632 583,1633 585,1635 591,1635 593,1633 595,1632 599,1628 601,1628 617,1612 618,1610 626,1602 632,1608 634,1608 638,1612 678,1612 679,1614 685,1620 703,1620 711,1612 803,1612 805,1610 821,1610 823,1612 827,1612 829,1610 831,1612 837,1612 839,1610 841,1610 843,1612 851,1612 853,1610 857,1610 859,1612 864,1612 866,1610 886,1610 888,1612 900,1612 902,1610 906,1610 908,1612 916,1612 918,1610 927,1610 929,1612 951,1612 957,1606 979,1606 981,1608 982,1610 988,1610 990,1612 1006,1612 1008,1610 1010,1612 1014,1612 1016,1610 1028,1610 1038,1620 1055,1620 1065,1610 1067,1610 1069,1612 1091,1612 1093,1610 1104,1610 1106,1612 1110,1612 1112,1610 1126,1610 1128,1612 1134,1612 1136,1610 1138,1612 1146,1612 1148,1610 1158,1610 1160,1612 1163,1612 1165,1610 1171,1610 1175,1606 1181,1612 1197,1612 1205,1620 1215,1620 1219,1616 1223,1620 1232,1620 1240,1612 1244,1612 1246,1610 1264,1610 1268,1606 1270,1606 1276,1612 1325,1612 1343,1630 1344,1632 1358,1646 1370,1646 1376,1652 1388,1652 1404,1636 1405,1634 1425,1614 1427,1613 1543,1613 1545,1611 1563,1611 1565,1613 1577,1613 1579,1611 1585,1617 1586,1619 1588,1621 1604,1621 1608,1617 1610,1617 1614,1613 1618,1613 1620,1611 1622,1611 1624,1613 1632,1613 1634,1611 1636,1611 1638,1613 1644,1613 1646,1611 1647,1611 1657,1601 1661,1601 1671,1611 1677,1611 1687,1621 1703,1621 1705,1619 1707,1619 1708,1617 1712,1613 1744,1613 1746,1611 1752,1611 1754,1609 1756,1609 1760,1605 1768,1605 1769,1603 1799,1603 1803,1599 1813,1599 1813,1579 1801,1579 1799,1577 1797,1577 1791,1571 1789,1570 1771,1552 1770,1550 1752,1532 1750,1532 1748,1530 1734,1530 1724,1540 1720,1540 1718,1538 1714,1538 1712,1540 1711,1540 1699,1552 1689,1552 1685,1556 1679,1556 1675,1560 1671,1560 1667,1564 1665,1565 1663,1567 1659,1567 1655,1563 1653,1562 1651,1560 1650,1558 1648,1556 1634,1556 1632,1554 1630,1554 1606,1530 1596,1530 1590,1536 1589,1538 1587,1540 1583,1540 1581,1538 1575,1538 1573,1536 1565,1536 1563,1534 1561,1536 1557,1536 1541,1552 1528,1552 1526,1554 1516,1554 1494,1532 1492,1532 1490,1530 1463,1530 1441,1552 1439,1553 1425,1553 1421,1557 1417,1557 1413,1553 1406,1553 1398,1561 1390,1553 1350,1553 1348,1551 1347,1549 1345,1548 1335,1538 1311,1538 1303,1546 1301,1546 1299,1547 1287,1559 1286,1561 1278,1569 1264,1555 1262,1555 1260,1553 1252,1553 1242,1543 1240,1542 1236,1538 1234,1538 1232,1536 1228,1536 1227,1534 1221,1534 1217,1530 1215,1530 1203,1542 1201,1543 1191,1553 1189,1553 1181,1561 1179,1561 1167,1549 1166,1547 1158,1539 1156,1538 1148,1530 1122,1530 1120,1532 1105,1532 1103,1530 1095,1530 1093,1532 1083,1532 1081,1530 1073,1530 1071,1532 1061,1532 1059,1534 1057,1535 1051,1541 1047,1537 1046,1535 1044,1534 1032,1522 1000,1522 992,1530 990,1531 986,1535 985,1537 969,1553 965,1553 943,1531 933,1531 927,1537 910,1537 894,1553 892,1553 876,1537 864,1537 863,1535 857,1529 851,1529 849,1531 847,1531 845,1529 841,1529 819,1551 807,1551 803,1547 802,1545 788,1531 784,1531 782,1529 778,1529 776,1531 760,1531 758,1529 750,1529 744,1535 743,1537 727,1553 701,1553 697,1557 695,1557 683,1545 682,1543 674,1535 672,1535 666,1529 656,1529 628,1557 626,1557 622,1553 621,1551 599,1529 585,1529 581,1533 577,1529 556,1529 554,1531 532,1531 510,1553 504,1553 500,1557 499,1555 483,1555 481,1553 451,1553 443,1561 439,1557 438,1555 434,1555 432,1553 325,1553 319,1547 318,1545 302,1529 249,1529 245,1533 235,1533"/>
                <Baseline points="245,1599 322,1600 400,1600 478,1600 556,1600 634,1601 712,1601 789,1602 867,1602 945,1602 1023,1603 1101,1603 1179,1603 1257,1603 1334,1603 1412,1602 1490,1602 1568,1601 1646,1601 1724,1600 1802,1598"/>
                <TextEquiv>
                    <Unicode>Euangelii doctrinam fuisse ab Apostolis con</Unicode>
                </TextEquiv>
            </TextLine>
            <TextLine id="r1l17" custom="readingOrder {index:14;}">
                <Coords points="236,1708 363,1708 365,1706 383,1724 385,1724 389,1728 395,1728 397,1730 411,1730 421,1720 422,1718 432,1708 446,1708 448,1706 450,1706 452,1708 472,1708 474,1707 476,1708 483,1708 485,1709 489,1709 491,1707 495,1707 497,1709 511,1709 513,1707 519,1707 521,1709 529,1709 531,1707 537,1707 539,1709 552,1709 554,1707 568,1707 570,1705 574,1709 590,1709 598,1701 600,1701 604,1697 605,1695 617,1695 631,1709 741,1709 743,1707 751,1707 753,1705 755,1705 761,1711 808,1711 812,1715 814,1715 816,1717 820,1717 822,1715 826,1715 832,1709 873,1709 875,1707 887,1707 889,1709 895,1709 897,1707 901,1707 903,1709 914,1709 916,1707 1007,1707 1009,1709 1013,1709 1015,1707 1017,1707 1023,1701 1040,1701 1046,1707 1048,1707 1052,1711 1066,1711 1070,1715 1089,1715 1095,1709 1115,1709 1117,1707 1147,1707 1148,1708 1182,1708 1184,1710 1186,1711 1190,1715 1202,1715 1204,1713 1206,1712 1208,1712 1211,1715 1229,1715 1231,1714 1237,1708 1274,1708 1276,1710 1286,1710 1288,1708 1495,1708 1497,1706 1512,1706 1514,1708 1550,1708 1552,1706 1558,1706 1560,1708 1566,1708 1568,1706 1573,1706 1575,1708 1581,1708 1583,1706 1587,1706 1589,1708 1642,1708 1644,1706 1650,1706 1652,1708 1656,1708 1658,1706 1662,1710 1668,1710 1690,1732 1691,1734 1699,1742 1713,1742 1715,1740 1717,1740 1749,1708 1808,1708 1808,1632 1798,1632 1794,1628 1792,1628 1788,1624 1768,1624 1760,1632 1759,1634 1753,1640 1751,1641 1735,1657 1733,1657 1727,1651 1721,1651 1719,1649 1696,1649 1688,1657 1680,1649 1672,1649 1670,1651 1664,1651 1662,1649 1654,1649 1652,1651 1615,1651 1591,1627 1589,1626 1583,1626 1581,1625 1534,1625 1526,1633 1524,1633 1518,1639 1517,1641 1511,1641 1495,1625 1479,1625 1457,1647 1456,1649 1440,1665 1434,1659 1432,1659 1426,1653 1424,1653 1422,1651 1418,1651 1416,1653 1414,1651 1326,1651 1324,1653 1322,1653 1320,1651 1302,1651 1300,1653 1298,1653 1296,1651 1284,1651 1282,1653 1280,1653 1276,1649 1275,1647 1253,1625 1247,1625 1245,1627 1237,1627 1235,1625 1229,1625 1215,1639 1214,1641 1206,1649 1196,1649 1194,1651 1192,1652 1184,1652 1182,1650 1176,1650 1174,1652 1154,1652 1153,1650 1127,1650 1121,1656 1115,1656 1109,1650 1105,1650 1103,1652 1095,1652 1093,1650 1084,1650 1082,1652 1076,1652 1074,1650 1064,1650 1062,1652 1052,1652 1032,1672 1029,1672 1015,1658 1013,1658 1005,1650 1001,1650 999,1652 997,1652 993,1648 981,1648 977,1652 970,1652 968,1650 960,1650 958,1652 954,1652 950,1648 946,1648 942,1652 926,1652 924,1650 916,1650 912,1646 911,1644 893,1626 881,1626 879,1624 871,1624 851,1644 850,1646 846,1650 720,1650 716,1654 712,1650 694,1650 672,1628 671,1626 669,1624 659,1624 655,1628 653,1626 649,1626 647,1624 641,1624 609,1656 608,1658 606,1659 592,1673 590,1673 574,1657 572,1656 568,1652 547,1652 545,1650 539,1650 537,1652 535,1652 533,1650 525,1650 523,1651 507,1651 505,1650 503,1650 501,1649 474,1649 472,1651 464,1651 460,1647 458,1646 456,1644 454,1644 452,1642 438,1642 436,1644 434,1645 428,1651 407,1651 397,1641 395,1640 381,1626 358,1626 348,1636 346,1637 334,1649 326,1649 310,1633 308,1632 307,1630 295,1618 289,1618 287,1616 273,1616 261,1628 259,1629 249,1639 236,1639"/>
                <Baseline points="246,1695 323,1695 401,1696 478,1696 556,1697 633,1697 711,1697 788,1697 866,1698 943,1698 1021,1698 1099,1698 1176,1698 1254,1698 1331,1698 1409,1698 1486,1698 1564,1698 1641,1698 1719,1697 1797,1697"/>
                <TextEquiv>
                    <Unicode>scriptam. Secundum membrum Assumpti</Unicode>
                </TextEquiv>
            </TextLine>
            <TextLine id="r1l18" custom="readingOrder {index:15;}">
                <Coords points="237,1804 261,1804 262,1806 268,1812 288,1812 296,1804 329,1804 331,1806 337,1806 339,1804 355,1804 357,1806 361,1806 363,1804 379,1804 381,1802 382,1800 386,1800 398,1812 416,1812 432,1796 440,1796 442,1798 443,1800 447,1804 469,1804 477,1812 497,1812 503,1806 504,1804 516,1804 524,1812 540,1812 548,1804 575,1804 583,1812 603,1812 607,1808 609,1808 613,1812 640,1812 648,1804 685,1804 689,1808 691,1808 695,1812 711,1812 717,1806 739,1806 741,1804 750,1804 752,1802 754,1802 758,1798 760,1798 768,1806 817,1806 835,1824 837,1825 847,1835 863,1835 867,1831 868,1829 874,1823 876,1822 886,1812 914,1812 920,1806 927,1806 933,1812 951,1812 969,1794 971,1794 987,1810 988,1812 1000,1812 1002,1810 1004,1810 1008,1814 1016,1814 1032,1798 1048,1814 1053,1814 1057,1810 1059,1810 1061,1812 1071,1812 1077,1806 1079,1806 1085,1812 1103,1812 1105,1810 1109,1814 1110,1816 1112,1817 1130,1835 1136,1835 1138,1837 1142,1837 1144,1835 1146,1835 1166,1815 1168,1814 1189,1814 1191,1812 1193,1812 1201,1804 1223,1804 1227,1808 1232,1808 1236,1812 1238,1812 1240,1813 1244,1813 1246,1812 1284,1812 1288,1808 1305,1808 1307,1810 1309,1811 1311,1813 1321,1813 1323,1811 1354,1811 1356,1810 1370,1796 1382,1796 1392,1806 1400,1806 1402,1804 1413,1804 1417,1808 1419,1808 1421,1809 1423,1811 1433,1811 1435,1813 1439,1813 1445,1807 1447,1806 1471,1806 1476,1811 1490,1811 1494,1807 1496,1806 1500,1806 1502,1807 1504,1807 1510,1813 1514,1813 1516,1811 1522,1811 1524,1809 1526,1811 1533,1811 1535,1809 1537,1809 1541,1813 1569,1813 1571,1811 1577,1811 1583,1805 1593,1805 1594,1807 1600,1813 1610,1813 1612,1811 1616,1811 1624,1803 1638,1803 1640,1805 1646,1805 1648,1803 1652,1803 1653,1805 1709,1805 1713,1809 1714,1811 1724,1821 1732,1821 1734,1819 1736,1819 1746,1809 1748,1809 1752,1805 1758,1805 1764,1799 1766,1798 1768,1796 1789,1796 1791,1798 1795,1798 1801,1792 1811,1792 1811,1770 1773,1770 1772,1768 1756,1752 1750,1752 1742,1744 1720,1744 1712,1752 1711,1752 1699,1740 1697,1739 1673,1715 1667,1715 1659,1723 1657,1721 1653,1721 1651,1723 1650,1725 1648,1727 1644,1727 1638,1721 1624,1721 1614,1731 1612,1731 1610,1729 1600,1729 1592,1737 1591,1739 1589,1741 1585,1741 1583,1739 1581,1739 1579,1737 1575,1737 1559,1721 1520,1721 1496,1745 1494,1746 1492,1748 1488,1748 1486,1746 1484,1746 1482,1745 1443,1745 1441,1747 1429,1747 1427,1745 1415,1745 1409,1739 1408,1737 1400,1737 1390,1747 1388,1748 1378,1758 1372,1758 1364,1750 1362,1749 1358,1745 1356,1745 1354,1747 1350,1747 1349,1745 1343,1745 1341,1747 1335,1747 1333,1745 1327,1745 1325,1747 1315,1747 1313,1745 1307,1745 1305,1747 1297,1747 1289,1739 1286,1739 1284,1737 1264,1737 1258,1743 1250,1743 1246,1747 1242,1747 1240,1745 1232,1745 1230,1747 1228,1745 1225,1745 1223,1747 1217,1747 1183,1713 1175,1713 1167,1721 1166,1723 1146,1743 1138,1743 1134,1747 1132,1745 1122,1745 1120,1747 1114,1747 1112,1745 1085,1745 1083,1747 1079,1747 1077,1745 1055,1745 1053,1747 1051,1747 1047,1743 1046,1741 1034,1729 1026,1729 1024,1731 1020,1731 1018,1729 1016,1729 1008,1721 992,1721 986,1727 985,1727 969,1743 957,1743 953,1747 951,1745 935,1745 933,1747 927,1747 925,1745 902,1745 898,1749 890,1749 886,1745 876,1745 872,1749 868,1749 866,1747 865,1745 853,1745 829,1721 805,1721 803,1723 802,1725 782,1745 774,1745 766,1737 764,1737 756,1729 750,1729 744,1723 743,1721 725,1721 723,1723 721,1721 699,1721 683,1737 682,1739 674,1747 670,1747 668,1745 662,1745 660,1747 658,1747 656,1745 650,1745 648,1747 638,1747 636,1745 621,1745 619,1747 615,1747 613,1745 603,1745 601,1747 599,1745 558,1745 526,1713 520,1713 502,1731 501,1733 491,1743 467,1743 445,1721 430,1721 428,1723 426,1721 420,1721 410,1731 404,1731 402,1729 392,1729 390,1727 388,1727 384,1723 380,1723 379,1721 367,1721 357,1731 351,1731 337,1717 335,1716 331,1716 329,1714 310,1714 308,1716 306,1717 296,1727 294,1727 274,1747 270,1747 268,1745 262,1745 260,1747 259,1749 249,1759 237,1759"/>
                <Baseline points="247,1795 324,1794 402,1794 480,1794 557,1794 635,1795 713,1795 790,1796 868,1796 946,1797 1024,1797 1101,1797 1179,1797 1257,1797 1334,1797 1412,1797 1490,1796 1567,1795 1645,1793 1723,1791 1801,1789"/>
                <TextEquiv>
                    <Unicode>est: Verbum Dei per Prophetas traditum ho</Unicode>
                </TextEquiv>
            </TextLine>
            <TextLine id="r1l19" custom="readingOrder {index:16;}">
                <Coords points="234,1901 293,1901 299,1907 300,1909 326,1909 334,1901 365,1901 377,1913 379,1914 381,1916 387,1916 389,1914 391,1914 393,1913 401,1905 407,1905 411,1909 448,1909 456,1901 462,1901 470,1909 495,1909 503,1901 509,1901 517,1909 525,1909 527,1907 529,1907 535,1901 541,1907 542,1909 600,1909 602,1907 603,1905 607,1901 655,1901 657,1899 659,1899 661,1897 664,1897 668,1901 670,1901 678,1909 686,1909 688,1907 696,1907 700,1903 706,1903 712,1909 727,1909 733,1903 735,1903 739,1907 743,1907 745,1909 769,1909 777,1901 790,1901 792,1899 794,1899 798,1895 800,1895 826,1921 828,1922 838,1932 849,1932 859,1922 861,1922 863,1921 875,1909 881,1909 883,1907 887,1907 889,1909 973,1909 981,1901 983,1901 985,1899 1013,1899 1023,1909 1036,1909 1038,1907 1042,1907 1044,1909 1060,1909 1062,1907 1066,1907 1072,1901 1076,1901 1084,1909 1121,1909 1125,1905 1129,1905 1131,1907 1137,1907 1139,1905 1147,1905 1148,1907 1150,1909 1160,1909 1164,1905 1168,1909 1233,1909 1241,1901 1245,1901 1253,1909 1278,1909 1286,1917 1300,1917 1308,1909 1320,1909 1328,1901 1333,1901 1341,1909 1361,1909 1365,1905 1367,1905 1373,1911 1377,1911 1381,1915 1392,1915 1394,1917 1400,1917 1408,1909 1422,1909 1424,1907 1432,1907 1436,1911 1440,1911 1446,1917 1457,1917 1459,1915 1467,1923 1469,1923 1471,1925 1473,1925 1479,1931 1481,1929 1485,1933 1493,1933 1509,1917 1510,1915 1516,1909 1526,1909 1534,1917 1542,1917 1552,1907 1558,1907 1568,1917 1575,1917 1591,1901 1597,1901 1603,1895 1605,1895 1607,1897 1609,1897 1621,1909 1640,1909 1652,1897 1658,1897 1662,1901 1668,1901 1676,1909 1695,1909 1705,1899 1707,1899 1715,1907 1719,1907 1721,1909 1735,1909 1743,1901 1753,1901 1754,1899 1762,1891 1764,1893 1800,1893 1804,1889 1813,1889 1814,1870 1804,1870 1802,1868 1800,1868 1798,1866 1768,1866 1754,1852 1753,1850 1745,1842 1727,1842 1725,1840 1713,1840 1709,1844 1707,1844 1705,1842 1699,1842 1697,1840 1686,1840 1684,1842 1680,1842 1664,1826 1638,1826 1636,1824 1625,1824 1623,1826 1613,1826 1595,1844 1593,1842 1585,1842 1573,1830 1572,1828 1568,1824 1566,1824 1560,1818 1554,1818 1552,1816 1546,1816 1520,1842 1479,1842 1461,1824 1442,1824 1426,1840 1404,1840 1392,1828 1391,1826 1383,1818 1351,1818 1331,1838 1330,1840 1324,1846 1322,1844 1320,1844 1318,1842 1278,1842 1276,1844 1274,1844 1272,1846 1261,1846 1259,1848 1255,1844 1253,1844 1243,1854 1231,1842 1200,1842 1198,1840 1194,1840 1192,1842 1166,1842 1164,1840 1135,1840 1113,1818 1095,1818 1089,1824 1088,1826 1074,1840 1062,1840 1060,1842 991,1842 989,1840 914,1840 912,1842 824,1842 820,1846 810,1846 786,1822 785,1820 783,1818 775,1818 773,1816 759,1816 757,1818 725,1818 724,1820 702,1842 676,1842 674,1844 649,1844 647,1842 615,1842 613,1844 611,1844 609,1842 588,1842 556,1810 544,1810 543,1812 513,1842 454,1842 450,1846 448,1844 446,1844 444,1842 415,1842 407,1834 387,1834 375,1846 373,1846 369,1842 344,1842 320,1818 279,1818 247,1850 245,1851 243,1853 234,1853"/>
                <Baseline points="243,1891 321,1891 399,1890 477,1890 555,1891 633,1891 711,1892 789,1892 867,1893 945,1894 1023,1894 1101,1895 1179,1895 1257,1895 1335,1895 1413,1894 1491,1893 1569,1892 1647,1890 1725,1888 1804,1886"/>
                <TextEquiv>
                    <Unicode>die tantum esse quaerendum in scriptis Pro</Unicode>
                </TextEquiv>
            </TextLine>
            <TextLine id="r1l20" custom="readingOrder {index:17;}">
                <Coords points="242,2025 259,2025 261,2023 269,2023 271,2021 275,2021 291,2005 350,2005 352,2003 354,2003 358,1999 360,1999 364,2003 376,2003 380,1999 381,1997 383,1997 385,1995 387,1997 395,1997 397,1995 401,1999 419,1999 425,2005 437,2005 439,2003 440,2003 444,1999 448,1999 454,2005 559,2005 561,2003 562,2001 574,1989 576,1989 592,2005 614,2005 616,2003 623,2003 625,2001 631,2007 690,2007 716,2033 718,2034 726,2042 738,2042 740,2040 742,2040 743,2038 747,2034 749,2033 777,2005 781,2005 789,1997 801,1997 803,1999 804,2001 808,2005 816,2005 832,1989 838,1989 854,2005 919,2005 925,2011 926,2013 942,2013 950,2005 985,2005 1009,2029 1015,2029 1017,2027 1021,2027 1023,2029 1029,2029 1045,2013 1046,2011 1052,2005 1088,2005 1094,1999 1100,2005 1178,2005 1180,2003 1192,2003 1202,1993 1214,2005 1237,2005 1239,2003 1247,2003 1249,2005 1257,2005 1259,2003 1261,2005 1267,2005 1269,2003 1277,2003 1279,2005 1285,2005 1287,2003 1288,2003 1302,1989 1304,1989 1320,2005 1334,2005 1340,1999 1342,1999 1348,2005 1424,2005 1432,1997 1438,1997 1446,2005 1477,2005 1479,2003 1481,2003 1483,2001 1489,2001 1491,2003 1495,2003 1497,2005 1534,2005 1558,2029 1584,2029 1590,2023 1591,2021 1607,2005 1712,2005 1713,2007 1717,2011 1725,2011 1727,2013 1733,2013 1735,2011 1737,2011 1743,2005 1778,2005 1780,2003 1790,2003 1798,1995 1808,1995 1808,1926 1796,1926 1792,1922 1790,1922 1788,1920 1786,1919 1784,1917 1774,1917 1773,1919 1771,1920 1767,1920 1765,1919 1761,1915 1737,1915 1733,1919 1731,1920 1713,1938 1712,1940 1710,1942 1708,1942 1704,1938 1668,1938 1664,1942 1660,1942 1658,1940 1656,1940 1654,1938 1637,1938 1633,1942 1627,1942 1625,1940 1621,1940 1619,1938 1540,1938 1532,1946 1519,1946 1511,1938 1495,1938 1493,1940 1491,1940 1479,1928 1477,1928 1473,1924 1471,1924 1470,1922 1468,1922 1466,1920 1464,1920 1462,1918 1460,1917 1458,1918 1430,1946 1422,1946 1410,1934 1409,1932 1395,1918 1393,1917 1391,1915 1365,1915 1363,1916 1349,1930 1348,1932 1336,1944 1302,1944 1298,1948 1290,1948 1288,1946 1287,1944 1245,1944 1239,1938 1226,1938 1224,1940 1218,1940 1208,1930 1200,1930 1190,1940 1186,1940 1184,1938 1170,1938 1168,1940 1161,1940 1159,1938 1137,1938 1135,1940 1133,1940 1129,1944 1117,1944 1111,1938 1094,1938 1088,1944 1086,1944 1080,1938 1062,1938 1052,1948 1050,1946 1048,1946 1046,1944 1045,1942 1041,1938 1013,1938 1007,1944 1005,1944 1001,1948 991,1938 970,1938 968,1940 964,1940 956,1948 954,1946 952,1946 946,1940 942,1940 940,1938 932,1938 930,1940 926,1940 925,1938 917,1938 911,1944 907,1944 879,1916 875,1916 873,1914 869,1914 865,1918 864,1920 862,1920 836,1946 830,1946 824,1940 822,1940 820,1938 797,1938 793,1942 789,1942 785,1938 740,1938 736,1942 710,1942 706,1946 696,1946 688,1938 655,1938 639,1922 635,1922 633,1920 625,1920 623,1922 616,1922 572,1966 566,1966 562,1962 559,1962 535,1938 527,1938 503,1914 486,1914 464,1936 460,1936 442,1918 441,1916 439,1914 423,1914 401,1936 393,1936 389,1940 385,1940 383,1938 366,1938 360,1944 350,1944 320,1914 303,1914 279,1938 242,1938"/>
                <Baseline points="251,1988 328,1989 405,1990 483,1990 560,1991 637,1991 715,1991 792,1991 869,1992 947,1991 1024,1991 1101,1991 1179,1991 1256,1991 1333,1991 1411,1990 1488,1990 1565,1990 1643,1990 1720,1990 1798,1990"/>
                <TextEquiv>
                    <Unicode>pheticis. Atque hoc patet ex vsu loquendi </Unicode>
                </TextEquiv>
            </TextLine>
            <TextLine id="line_1560878205201_707" custom="readingOrder {index:18;}">
                <Coords points="235,2092 245,2092 253,2100 282,2100 286,2096 292,2096 294,2098 300,2098 310,2108 322,2108 323,2106 329,2100 347,2100 349,2098 355,2098 359,2102 361,2102 381,2122 382,2124 384,2126 414,2126 440,2100 459,2100 461,2098 463,2098 465,2097 469,2097 473,2099 481,2099 483,2100 485,2100 487,2101 497,2101 499,2099 508,2099 510,2101 518,2101 520,2099 536,2099 540,2095 544,2099 560,2099 562,2101 566,2101 567,2103 569,2105 595,2105 599,2109 625,2109 626,2107 634,2099 658,2099 662,2095 666,2095 670,2099 687,2099 689,2101 699,2101 701,2099 707,2099 715,2107 731,2107 733,2105 741,2105 745,2109 746,2111 760,2125 764,2125 766,2127 774,2127 776,2125 792,2125 806,2111 807,2109 811,2105 813,2105 815,2107 825,2107 833,2099 872,2099 874,2098 880,2098 894,2084 910,2100 918,2100 920,2102 924,2102 926,2100 945,2100 953,2092 957,2092 965,2100 998,2100 1002,2096 1006,2100 1024,2100 1028,2096 1032,2100 1036,2100 1048,2112 1049,2114 1055,2120 1057,2120 1059,2122 1061,2122 1063,2120 1069,2120 1089,2100 1116,2100 1118,2098 1126,2098 1128,2100 1144,2100 1150,2094 1152,2094 1158,2100 1175,2100 1177,2098 1179,2098 1183,2094 1189,2100 1197,2100 1199,2098 1201,2100 1213,2100 1223,2110 1225,2110 1227,2108 1236,2108 1238,2110 1242,2110 1244,2108 1252,2108 1254,2110 1258,2110 1260,2108 1264,2108 1268,2104 1274,2104 1276,2106 1278,2106 1286,2098 1288,2097 1294,2091 1303,2091 1305,2093 1311,2093 1319,2101 1494,2101 1498,2097 1502,2097 1506,2101 1512,2101 1520,2109 1522,2109 1532,2119 1533,2121 1535,2121 1539,2125 1541,2125 1543,2127 1567,2127 1569,2125 1583,2125 1593,2115 1594,2113 1608,2099 1610,2101 1616,2101 1618,2099 1644,2099 1652,2107 1661,2107 1663,2105 1683,2105 1687,2109 1703,2109 1711,2101 1713,2100 1777,2100 1779,2098 1781,2098 1813,2066 1815,2068 1825,2068 1825,2033 1807,2033 1799,2041 1795,2037 1791,2037 1789,2035 1787,2035 1786,2033 1776,2033 1768,2041 1713,2041 1707,2035 1685,2035 1683,2036 1681,2038 1553,2038 1545,2030 1544,2028 1536,2020 1522,2020 1520,2018 1516,2018 1514,2020 1512,2018 1490,2018 1488,2020 1486,2018 1463,2018 1441,2040 1433,2040 1429,2044 1425,2044 1423,2042 1422,2040 1416,2034 1396,2034 1390,2040 1384,2040 1380,2044 1372,2044 1370,2042 1366,2042 1364,2044 1362,2042 1361,2040 1341,2020 1339,2020 1337,2018 1319,2018 1303,2034 1302,2036 1300,2038 1298,2039 1294,2043 1290,2043 1288,2041 1280,2041 1278,2043 1268,2043 1266,2041 1256,2041 1254,2043 1250,2043 1248,2041 1221,2041 1219,2043 1217,2043 1209,2035 1207,2035 1205,2033 1189,2033 1181,2041 1148,2041 1124,2017 1123,2015 1121,2013 1119,2012 1111,2012 1109,2011 1107,2011 1105,2010 1097,2010 1095,2009 1069,2035 1061,2035 1060,2033 1054,2033 1044,2043 1040,2043 1032,2035 1018,2035 1010,2043 1002,2043 1000,2041 983,2041 969,2027 961,2027 951,2017 945,2017 943,2019 910,2019 890,2039 888,2040 886,2042 880,2042 878,2040 762,2040 758,2036 757,2034 741,2018 739,2020 735,2020 733,2022 725,2022 717,2030 715,2028 713,2030 701,2018 700,2016 694,2010 670,2010 642,2038 568,2038 564,2042 534,2042 530,2038 528,2038 524,2034 516,2034 515,2036 509,2042 497,2042 495,2041 469,2041 467,2043 465,2043 459,2037 457,2036 455,2034 452,2034 450,2035 446,2035 442,2033 438,2033 432,2039 412,2039 408,2035 393,2035 385,2043 363,2043 361,2041 351,2041 345,2035 333,2035 332,2037 330,2037 328,2035 322,2035 320,2033 300,2033 286,2019 284,2019 280,2015 276,2019 275,2019 273,2021 265,2021 263,2023 259,2023 257,2025 247,2025 245,2027 235,2027"/>
                <Baseline points="245,2083 335,2085 425,2087 515,2088 605,2089 695,2090 785,2090 875,2090 965,2090 1055,2090 1145,2089 1235,2089 1325,2089 1415,2089 1505,2089 1595,2090 1685,2090 1775,2091 1815,2091"/>
                <TextEquiv>
                    <Unicode>Scripturae, vbi per Prophetas intelliguntur </Unicode>
                </TextEquiv>
            </TextLine>
            <TextLine id="r1l23" custom="readingOrder {index:19;}">
                <Coords points="232,2192 241,2192 245,2196 354,2196 356,2198 357,2200 367,2210 369,2210 371,2212 377,2212 379,2214 385,2214 387,2212 389,2212 391,2210 393,2210 403,2200 405,2199 409,2195 411,2195 413,2193 419,2193 420,2195 422,2197 470,2197 472,2195 479,2195 481,2193 483,2195 489,2195 491,2193 495,2193 499,2197 507,2197 509,2195 527,2195 529,2197 537,2197 539,2195 540,2193 542,2191 544,2191 548,2195 552,2195 554,2197 558,2197 560,2195 578,2195 580,2193 586,2193 590,2189 592,2189 598,2195 613,2195 639,2221 668,2221 694,2195 710,2195 712,2197 716,2197 718,2195 751,2195 753,2197 757,2197 759,2195 761,2195 763,2193 767,2193 769,2195 775,2195 777,2193 781,2193 782,2195 808,2195 810,2193 812,2195 820,2195 822,2193 826,2193 828,2195 842,2195 843,2196 877,2196 879,2194 883,2194 885,2196 1024,2196 1032,2188 1036,2188 1044,2196 1072,2196 1084,2184 1086,2186 1087,2188 1095,2196 1119,2196 1127,2204 1174,2204 1182,2196 1190,2204 1213,2204 1221,2212 1233,2212 1235,2210 1241,2210 1243,2208 1245,2208 1247,2210 1264,2210 1270,2204 1282,2204 1286,2200 1288,2200 1292,2204 1298,2204 1300,2202 1308,2202 1314,2196 1326,2196 1327,2198 1349,2220 1353,2220 1361,2228 1365,2228 1367,2230 1371,2230 1373,2228 1390,2228 1410,2208 1412,2207 1418,2201 1422,2205 1428,2205 1430,2203 1440,2203 1446,2197 1453,2197 1469,2213 1483,2213 1485,2211 1487,2211 1499,2199 1505,2199 1507,2201 1508,2203 1510,2205 1514,2205 1516,2203 1532,2203 1534,2205 1536,2205 1540,2209 1554,2209 1566,2197 1575,2197 1579,2201 1581,2201 1583,2203 1603,2203 1621,2221 1626,2221 1628,2219 1634,2219 1636,2221 1644,2221 1646,2219 1648,2219 1672,2195 1680,2195 1682,2193 1686,2193 1690,2197 1695,2197 1699,2193 1705,2193 1707,2195 1752,2195 1756,2191 1758,2190 1766,2182 1788,2182 1790,2180 1800,2180 1800,2156 1786,2156 1784,2154 1768,2154 1758,2144 1757,2142 1753,2138 1731,2138 1729,2140 1725,2140 1723,2138 1719,2138 1717,2140 1715,2138 1711,2138 1709,2140 1705,2140 1703,2138 1676,2138 1674,2140 1668,2140 1666,2142 1664,2140 1644,2140 1642,2138 1621,2138 1613,2146 1609,2146 1601,2138 1593,2138 1591,2140 1587,2140 1585,2138 1568,2138 1566,2140 1564,2140 1562,2138 1550,2138 1548,2140 1546,2140 1544,2138 1536,2138 1534,2140 1532,2140 1530,2142 1528,2142 1526,2140 1520,2140 1518,2138 1509,2138 1505,2142 1503,2142 1475,2114 1461,2114 1459,2116 1456,2116 1454,2114 1444,2114 1442,2116 1440,2116 1420,2136 1410,2136 1406,2140 1357,2140 1355,2139 1345,2139 1343,2138 1335,2130 1326,2130 1322,2134 1320,2135 1316,2139 1314,2139 1312,2137 1300,2137 1298,2139 1296,2137 1288,2137 1286,2139 1274,2139 1273,2137 1263,2137 1261,2139 1239,2139 1237,2137 1229,2137 1215,2123 1214,2121 1212,2120 1206,2114 1200,2114 1198,2116 1182,2116 1180,2114 1153,2114 1151,2115 1131,2135 1117,2135 1113,2131 1111,2131 1095,2115 1094,2113 1080,2113 1078,2115 1074,2115 1070,2119 1066,2119 1062,2123 1060,2121 1058,2121 1054,2117 1052,2117 1050,2115 1048,2115 1046,2113 1023,2113 1001,2135 869,2135 867,2137 865,2138 859,2138 857,2140 851,2140 849,2138 840,2138 838,2140 826,2140 824,2138 820,2138 818,2140 814,2140 812,2138 808,2138 800,2130 781,2130 771,2140 761,2140 759,2138 741,2138 731,2128 730,2126 724,2120 722,2119 710,2107 702,2107 700,2105 696,2105 686,2115 684,2116 670,2130 669,2132 663,2138 645,2138 641,2142 639,2140 631,2140 629,2142 627,2140 609,2140 607,2138 572,2138 570,2140 552,2122 545,2122 537,2114 533,2114 531,2112 523,2112 521,2114 503,2114 487,2130 486,2132 482,2136 476,2136 472,2140 462,2140 460,2138 456,2138 454,2140 452,2140 450,2138 446,2138 438,2130 423,2130 417,2136 389,2136 369,2116 368,2114 366,2112 354,2112 336,2130 334,2131 330,2135 324,2135 318,2129 316,2128 308,2120 307,2118 295,2106 287,2106 285,2108 275,2108 271,2104 265,2104 249,2120 247,2121 246,2123 242,2127 232,2127"/>
                <Baseline points="241,2183 318,2183 395,2182 473,2182 550,2182 628,2183 705,2184 783,2185 860,2186 938,2187 1015,2188 1092,2188 1170,2189 1247,2189 1325,2189 1402,2189 1480,2188 1557,2186 1635,2184 1712,2181 1790,2178"/>
                <TextEquiv>
                    <Unicode>scripta Prophetarum. Vt, Euangelium pro</Unicode>
                </TextEquiv>
            </TextLine>
            <TextLine id="r1l25" custom="readingOrder {index:20;}">
                <Coords points="226,2293 271,2293 275,2289 285,2289 289,2293 319,2293 321,2291 334,2291 336,2289 338,2289 350,2301 358,2301 368,2291 372,2291 374,2292 385,2292 387,2294 395,2294 397,2292 498,2292 500,2294 501,2296 529,2324 541,2324 559,2306 560,2304 576,2288 580,2292 631,2292 633,2290 647,2290 649,2291 651,2289 657,2289 661,2293 702,2293 704,2291 706,2291 708,2289 712,2289 716,2293 730,2293 732,2291 742,2291 744,2293 745,2295 759,2295 765,2301 771,2301 773,2299 775,2301 781,2301 783,2299 785,2299 789,2295 801,2307 802,2309 818,2325 826,2325 830,2321 834,2321 862,2293 871,2293 873,2291 881,2291 883,2293 891,2293 893,2291 905,2291 907,2293 928,2293 930,2291 932,2292 984,2292 986,2294 997,2294 999,2292 1005,2292 1013,2300 1027,2300 1035,2292 1048,2292 1052,2288 1058,2288 1062,2292 1068,2292 1076,2300 1088,2300 1096,2292 1172,2292 1174,2290 1176,2292 1184,2292 1186,2290 1188,2292 1214,2292 1216,2293 1261,2293 1271,2303 1273,2303 1275,2305 1277,2306 1283,2312 1284,2314 1294,2324 1310,2324 1318,2316 1320,2315 1336,2299 1353,2299 1359,2293 1369,2293 1371,2291 1373,2291 1375,2293 1381,2293 1383,2291 1389,2291 1399,2301 1407,2301 1409,2299 1434,2299 1440,2293 1464,2293 1468,2297 1469,2299 1471,2301 1485,2301 1493,2293 1495,2292 1505,2292 1507,2290 1509,2290 1515,2296 1517,2297 1519,2299 1527,2299 1529,2300 1530,2298 1534,2294 1546,2294 1550,2298 1552,2298 1554,2300 1562,2300 1564,2298 1568,2302 1576,2302 1582,2308 1599,2308 1615,2292 1637,2292 1645,2300 1662,2300 1670,2292 1678,2300 1696,2300 1704,2292 1773,2292 1774,2293 1792,2293 1792,2255 1781,2255 1761,2235 1759,2235 1757,2233 1749,2233 1741,2225 1739,2224 1731,2216 1730,2214 1728,2212 1722,2212 1720,2210 1710,2210 1704,2216 1702,2217 1696,2217 1694,2215 1692,2214 1688,2210 1671,2210 1669,2209 1657,2209 1647,2219 1645,2219 1627,2237 1625,2235 1621,2235 1619,2233 1584,2233 1582,2235 1556,2209 1537,2209 1535,2211 1533,2211 1531,2209 1527,2209 1503,2233 1501,2234 1491,2234 1489,2232 1470,2232 1466,2236 1450,2236 1448,2234 1444,2234 1442,2232 1419,2232 1415,2236 1409,2236 1407,2234 1395,2234 1393,2236 1391,2236 1389,2234 1373,2234 1371,2232 1365,2232 1363,2234 1362,2236 1360,2234 1354,2234 1352,2232 1336,2232 1332,2236 1328,2236 1326,2234 1310,2234 1304,2228 1303,2226 1285,2208 1283,2208 1279,2212 1261,2212 1243,2230 1242,2232 1240,2234 1224,2234 1222,2233 1206,2233 1202,2229 1200,2228 1186,2214 1185,2212 1183,2210 1157,2210 1149,2218 1147,2217 1143,2217 1127,2233 1110,2233 1086,2209 1070,2209 1066,2213 1063,2213 1043,2233 976,2233 968,2225 950,2225 942,2233 940,2233 939,2232 915,2232 909,2226 907,2225 885,2203 884,2201 866,2201 854,2213 852,2214 832,2234 817,2234 815,2232 732,2232 720,2220 716,2220 714,2218 706,2218 704,2216 700,2216 699,2214 695,2210 683,2210 677,2216 673,2216 663,2226 653,2226 649,2230 647,2231 645,2233 531,2233 519,2245 512,2245 500,2233 437,2233 411,2207 396,2207 392,2211 390,2211 388,2213 386,2213 384,2215 382,2213 372,2213 366,2207 364,2207 362,2209 358,2209 350,2217 342,2209 335,2209 333,2211 327,2211 325,2209 319,2209 311,2217 309,2218 301,2226 297,2226 295,2224 293,2224 283,2234 268,2234 266,2232 252,2232 250,2234 226,2234"/>
                <Baseline points="235,2282 312,2281 389,2280 467,2280 544,2280 621,2280 699,2280 776,2280 853,2281 931,2281 1008,2282 1085,2282 1163,2283 1240,2284 1317,2284 1395,2284 1472,2285 1549,2285 1627,2284 1704,2284 1782,2283"/>
                <TextEquiv>
                    <Unicode>missum per Prophetas in Scripturis sanctis,</Unicode>
                </TextEquiv>
            </TextLine>
            <TextLine id="r1l27" custom="readingOrder {index:21;}">
                <Coords points="230,2389 232,2390 246,2390 248,2388 287,2388 289,2390 307,2390 309,2388 317,2388 319,2390 323,2390 325,2388 333,2388 335,2390 346,2390 348,2388 388,2388 390,2390 398,2390 400,2388 468,2388 476,2396 486,2396 488,2394 490,2393 494,2389 537,2389 541,2385 543,2385 547,2389 630,2389 634,2385 636,2385 640,2389 683,2389 685,2387 708,2387 710,2388 712,2388 714,2386 716,2388 726,2388 728,2386 740,2386 742,2388 781,2388 783,2390 799,2390 811,2378 815,2378 823,2386 825,2386 827,2388 828,2390 850,2390 852,2388 868,2388 876,2396 884,2396 888,2392 889,2390 893,2386 899,2386 901,2384 905,2384 909,2388 915,2388 919,2392 921,2392 925,2396 943,2396 949,2390 950,2388 958,2396 976,2396 978,2394 980,2393 986,2387 992,2387 994,2385 1000,2385 1004,2389 1006,2389 1008,2391 1009,2393 1015,2399 1041,2399 1053,2411 1057,2411 1059,2413 1078,2413 1104,2387 1108,2387 1112,2391 1120,2391 1126,2397 1129,2397 1131,2395 1135,2395 1141,2389 1159,2389 1161,2387 1173,2387 1175,2389 1191,2389 1192,2391 1196,2395 1208,2395 1212,2391 1214,2390 1230,2390 1238,2398 1242,2398 1244,2396 1257,2396 1263,2390 1283,2390 1285,2392 1293,2392 1299,2398 1305,2398 1307,2396 1312,2396 1328,2380 1332,2380 1340,2388 1344,2388 1360,2404 1364,2404 1368,2408 1369,2410 1373,2414 1375,2412 1377,2412 1393,2396 1413,2396 1415,2394 1417,2394 1421,2390 1442,2390 1444,2389 1450,2389 1452,2387 1456,2391 1458,2392 1460,2394 1462,2394 1468,2400 1474,2400 1486,2412 1488,2412 1489,2414 1491,2414 1497,2420 1501,2420 1515,2406 1517,2405 1527,2395 1533,2395 1539,2401 1543,2401 1545,2403 1554,2403 1562,2395 1564,2395 1574,2405 1586,2405 1590,2401 1596,2401 1600,2405 1608,2405 1610,2403 1617,2403 1619,2401 1631,2401 1635,2405 1637,2403 1649,2403 1651,2405 1653,2405 1655,2403 1665,2403 1675,2393 1676,2391 1680,2387 1682,2386 1684,2384 1688,2384 1692,2388 1702,2388 1704,2386 1706,2388 1726,2388 1730,2392 1732,2392 1736,2396 1737,2398 1741,2402 1743,2403 1747,2403 1749,2404 1753,2404 1763,2394 1765,2396 1796,2396 1797,2315 1785,2315 1775,2305 1771,2305 1769,2307 1767,2307 1765,2305 1761,2305 1759,2307 1756,2307 1754,2305 1744,2305 1720,2329 1704,2329 1702,2331 1700,2332 1688,2344 1685,2344 1669,2328 1610,2328 1606,2332 1602,2332 1598,2328 1586,2328 1582,2332 1580,2332 1578,2330 1576,2330 1574,2328 1563,2328 1555,2336 1549,2330 1537,2330 1535,2328 1529,2328 1521,2336 1511,2336 1509,2334 1508,2332 1506,2330 1500,2330 1476,2306 1462,2306 1454,2314 1453,2316 1443,2326 1441,2327 1433,2327 1429,2331 1427,2331 1425,2329 1397,2329 1391,2323 1390,2321 1382,2313 1380,2312 1376,2308 1374,2308 1372,2306 1356,2306 1354,2307 1348,2313 1344,2313 1328,2329 1327,2331 1309,2349 1307,2349 1287,2329 1279,2329 1277,2331 1260,2331 1256,2335 1254,2335 1248,2329 1242,2329 1240,2331 1214,2331 1208,2325 1203,2325 1199,2321 1195,2321 1193,2323 1191,2323 1189,2325 1187,2326 1183,2330 1179,2330 1177,2328 1159,2328 1151,2336 1149,2336 1147,2334 1146,2332 1122,2308 1120,2307 1118,2305 1108,2305 1106,2304 1104,2304 1102,2306 1094,2306 1092,2308 1091,2310 1071,2330 1053,2330 1049,2334 1047,2334 1043,2330 1031,2330 1029,2332 1024,2332 1022,2330 1010,2330 1008,2332 1004,2332 1002,2330 976,2330 968,2322 967,2320 961,2314 911,2314 909,2316 908,2316 906,2317 894,2329 880,2329 872,2321 870,2321 862,2313 858,2313 856,2315 843,2315 841,2313 809,2345 793,2329 756,2329 730,2303 729,2301 725,2297 715,2297 713,2299 701,2299 681,2319 679,2320 673,2326 660,2326 644,2310 642,2309 638,2305 634,2305 632,2307 628,2307 626,2306 620,2306 618,2304 610,2304 608,2306 607,2306 595,2318 583,2306 559,2306 543,2322 542,2324 538,2328 526,2328 520,2322 512,2322 510,2324 508,2324 500,2332 498,2332 496,2330 488,2330 486,2332 484,2331 482,2331 480,2330 479,2330 477,2329 455,2329 453,2331 447,2331 445,2329 437,2329 435,2331 433,2329 421,2329 419,2331 418,2333 416,2335 414,2335 408,2329 406,2329 384,2307 380,2305 359,2305 341,2323 339,2323 329,2313 327,2313 321,2307 317,2307 315,2305 304,2305 294,2315 288,2315 278,2305 268,2305 266,2307 250,2307 248,2305 231,2305"/>
                <Baseline points="241,2376 318,2376 395,2377 472,2377 550,2377 627,2378 704,2378 781,2379 859,2379 936,2380 1013,2380 1090,2380 1168,2381 1245,2381 1322,2381 1399,2382 1477,2382 1554,2382 1631,2381 1708,2381 1786,2381"/>
                <TextEquiv>
                    <Unicode>Habent Mosen &amp; Prophetas. Scriptum est</Unicode>
                </TextEquiv>
            </TextLine>
            <TextLine id="line_1560878205204_709" custom="readingOrder {index:22;}">
                <Coords points="233,2492 242,2492 244,2494 252,2494 254,2492 256,2492 258,2494 264,2494 272,2486 294,2486 296,2484 298,2486 305,2486 307,2484 323,2484 327,2480 331,2484 333,2484 335,2486 343,2486 345,2484 351,2484 353,2486 362,2486 364,2484 366,2484 374,2476 380,2476 388,2484 418,2484 420,2482 421,2480 425,2480 429,2484 447,2484 471,2508 475,2508 476,2510 498,2510 500,2512 524,2488 526,2487 567,2487 569,2485 614,2485 620,2491 624,2491 626,2493 640,2493 642,2491 650,2491 652,2493 671,2493 679,2485 726,2485 734,2477 760,2477 768,2485 776,2485 782,2491 783,2493 799,2493 801,2491 803,2493 811,2493 813,2491 829,2491 831,2493 854,2493 856,2491 858,2490 864,2484 876,2484 878,2486 890,2486 892,2484 904,2484 905,2482 907,2480 911,2484 915,2484 925,2494 955,2494 957,2492 974,2492 976,2490 978,2490 982,2486 994,2486 996,2484 1006,2484 1008,2482 1010,2482 1012,2480 1018,2480 1022,2484 1024,2484 1025,2486 1029,2490 1061,2490 1063,2492 1081,2492 1085,2488 1086,2486 1100,2486 1102,2484 1112,2484 1116,2480 1122,2480 1126,2484 1140,2484 1146,2490 1151,2490 1177,2516 1199,2516 1201,2514 1202,2512 1218,2496 1220,2495 1230,2485 1242,2485 1244,2483 1246,2485 1271,2485 1273,2483 1275,2483 1277,2485 1303,2485 1305,2483 1319,2483 1327,2491 1328,2493 1336,2493 1338,2491 1340,2493 1346,2493 1348,2491 1362,2491 1368,2485 1384,2485 1388,2489 1389,2491 1399,2501 1411,2501 1413,2499 1419,2499 1421,2501 1431,2501 1437,2495 1441,2495 1447,2501 1468,2501 1470,2499 1472,2499 1480,2491 1482,2491 1484,2493 1494,2493 1500,2487 1502,2486 1504,2484 1508,2484 1510,2486 1511,2488 1513,2489 1517,2493 1527,2493 1529,2492 1531,2490 1533,2492 1537,2494 1539,2494 1541,2492 1543,2492 1551,2484 1553,2484 1555,2486 1578,2486 1580,2484 1582,2486 1586,2486 1588,2484 1590,2484 1598,2492 1616,2492 1624,2484 1630,2484 1631,2486 1635,2490 1637,2490 1641,2494 1651,2494 1653,2492 1655,2492 1663,2484 1669,2484 1671,2486 1675,2486 1677,2484 1679,2486 1689,2486 1691,2484 1692,2484 1694,2486 1702,2486 1704,2484 1726,2484 1732,2478 1738,2478 1750,2490 1751,2492 1791,2492 1801,2482 1803,2481 1805,2479 1824,2479 1825,2388 1815,2388 1807,2396 1805,2396 1803,2394 1789,2394 1787,2396 1781,2396 1771,2406 1769,2404 1768,2402 1756,2402 1754,2404 1750,2404 1744,2410 1742,2411 1728,2425 1693,2425 1671,2403 1659,2403 1657,2405 1649,2405 1647,2403 1638,2403 1618,2423 1606,2423 1602,2427 1596,2427 1588,2435 1582,2435 1580,2433 1579,2431 1575,2427 1569,2427 1567,2425 1559,2425 1549,2435 1547,2435 1545,2433 1535,2433 1533,2432 1525,2432 1523,2430 1521,2429 1520,2427 1508,2427 1506,2428 1504,2428 1502,2427 1488,2413 1486,2413 1482,2409 1441,2409 1437,2413 1435,2414 1409,2440 1405,2440 1399,2434 1398,2432 1392,2426 1370,2426 1368,2428 1366,2428 1362,2432 1360,2430 1344,2430 1342,2428 1339,2428 1337,2426 1327,2426 1325,2424 1319,2424 1317,2426 1278,2426 1274,2430 1270,2430 1266,2426 1264,2426 1240,2402 1223,2402 1203,2422 1201,2422 1197,2426 1177,2426 1175,2427 1173,2427 1169,2431 1165,2431 1159,2425 1150,2425 1148,2427 1146,2427 1144,2425 1134,2425 1128,2431 1126,2431 1120,2425 1089,2425 1083,2419 1079,2419 1071,2411 1069,2413 1063,2413 1061,2411 1055,2411 1053,2409 1028,2409 1026,2411 1022,2411 1010,2423 1004,2423 1000,2427 998,2427 980,2409 979,2407 975,2403 965,2403 963,2401 959,2401 957,2403 955,2401 927,2401 919,2409 918,2411 902,2427 890,2427 888,2425 880,2425 878,2427 876,2427 872,2431 870,2431 866,2427 864,2427 862,2425 856,2425 855,2427 849,2427 847,2425 845,2425 823,2403 784,2403 782,2405 780,2405 776,2409 770,2409 768,2411 766,2412 730,2448 725,2448 703,2426 687,2426 675,2414 674,2412 664,2402 646,2402 632,2416 624,2416 612,2428 611,2428 609,2426 587,2426 585,2428 577,2428 557,2408 556,2406 552,2402 528,2402 506,2424 504,2425 477,2425 475,2427 467,2427 465,2425 439,2425 437,2427 431,2427 430,2425 424,2425 422,2427 420,2427 418,2425 408,2425 406,2427 400,2427 384,2411 365,2411 363,2409 335,2409 317,2427 311,2427 310,2425 300,2425 298,2427 296,2425 292,2425 268,2401 251,2401 247,2405 233,2405"/>
                <Baseline points="242,2472 335,2474 429,2475 522,2476 616,2476 710,2477 803,2477 897,2476 991,2476 1084,2476 1178,2476 1271,2476 1365,2476 1459,2476 1552,2477 1646,2479 1740,2481 1815,2482"/>
                <TextEquiv>
                    <Unicode>in Prophetis. Credis Prophetis. Exorsus a </Unicode>
                </TextEquiv>
            </TextLine>
            <TextLine id="r1l30" custom="readingOrder {index:23;}">
                <Coords points="231,2579 243,2579 245,2581 269,2581 271,2579 279,2579 281,2581 289,2581 290,2583 294,2587 306,2587 308,2585 314,2585 318,2589 324,2589 328,2585 338,2585 342,2589 351,2589 353,2587 367,2587 373,2581 389,2581 397,2589 424,2589 426,2587 432,2587 438,2581 440,2580 446,2574 448,2574 454,2580 456,2581 462,2587 472,2587 473,2585 485,2585 489,2589 525,2589 531,2583 533,2582 534,2580 540,2574 542,2574 550,2582 552,2583 558,2589 586,2589 590,2585 595,2585 597,2587 609,2587 611,2585 613,2587 631,2587 633,2585 635,2587 710,2587 712,2585 714,2585 715,2587 737,2587 739,2585 741,2587 747,2587 749,2589 765,2589 767,2587 788,2587 796,2595 798,2595 800,2597 808,2597 816,2589 820,2589 822,2587 859,2587 861,2589 865,2589 867,2587 871,2587 873,2586 891,2568 893,2568 895,2570 896,2572 912,2588 920,2588 922,2586 924,2588 944,2588 954,2578 957,2578 967,2588 977,2588 979,2586 981,2588 995,2588 997,2586 1003,2586 1005,2588 1009,2590 1015,2590 1017,2591 1018,2593 1022,2597 1030,2597 1054,2621 1066,2621 1068,2619 1072,2619 1076,2615 1077,2613 1079,2613 1089,2603 1103,2603 1111,2595 1113,2595 1117,2591 1119,2590 1123,2586 1129,2586 1131,2588 1144,2588 1150,2582 1158,2590 1166,2590 1168,2588 1172,2588 1174,2586 1176,2586 1180,2582 1186,2582 1190,2586 1192,2586 1194,2588 1199,2588 1205,2582 1215,2582 1221,2588 1239,2588 1241,2586 1245,2586 1247,2588 1264,2588 1278,2574 1282,2574 1296,2588 1306,2588 1308,2586 1310,2586 1312,2588 1319,2588 1321,2586 1323,2586 1325,2588 1335,2588 1341,2582 1349,2590 1355,2590 1357,2588 1363,2588 1365,2586 1373,2586 1375,2588 1398,2588 1404,2582 1406,2582 1412,2588 1420,2588 1422,2586 1426,2590 1438,2590 1440,2592 1441,2594 1443,2596 1447,2596 1449,2597 1451,2599 1453,2599 1479,2625 1481,2625 1483,2627 1485,2627 1487,2625 1495,2625 1501,2619 1502,2617 1520,2599 1522,2598 1532,2588 1544,2588 1546,2586 1554,2586 1558,2590 1581,2590 1589,2582 1591,2582 1599,2590 1605,2590 1607,2588 1622,2588 1628,2582 1632,2582 1636,2586 1638,2586 1642,2590 1652,2590 1656,2586 1658,2586 1662,2582 1664,2582 1680,2598 1687,2598 1689,2596 1695,2596 1707,2584 1713,2584 1717,2588 1744,2588 1752,2580 1762,2580 1770,2572 1782,2572 1784,2570 1786,2570 1788,2572 1804,2572 1804,2544 1766,2544 1764,2542 1762,2541 1752,2531 1744,2531 1743,2529 1719,2529 1717,2531 1715,2531 1685,2501 1684,2499 1664,2499 1662,2501 1660,2501 1652,2509 1650,2509 1648,2507 1638,2507 1628,2517 1626,2517 1624,2515 1623,2513 1615,2513 1607,2521 1548,2521 1544,2525 1540,2525 1538,2523 1536,2523 1534,2521 1526,2521 1518,2529 1514,2525 1510,2525 1508,2523 1504,2523 1502,2521 1499,2521 1497,2523 1491,2523 1489,2525 1469,2525 1467,2523 1459,2523 1457,2521 1453,2521 1451,2523 1392,2523 1390,2521 1379,2521 1377,2523 1335,2523 1321,2509 1320,2507 1316,2503 1314,2503 1310,2499 1302,2499 1300,2497 1296,2497 1270,2523 1255,2523 1235,2503 1233,2503 1231,2501 1229,2501 1227,2499 1225,2499 1201,2523 1174,2523 1172,2525 1170,2525 1168,2523 1150,2523 1140,2513 1139,2511 1119,2491 1107,2491 1099,2499 1093,2499 1079,2513 1078,2515 1070,2523 1068,2523 1066,2521 1060,2521 1058,2523 1052,2523 1046,2529 1044,2530 1040,2530 1038,2529 1036,2529 1032,2525 1013,2525 1009,2529 1007,2530 1005,2529 1003,2527 999,2527 995,2523 975,2523 959,2507 910,2507 898,2519 897,2521 891,2527 889,2528 887,2530 879,2530 877,2528 875,2527 873,2525 871,2525 869,2523 790,2523 776,2509 775,2507 767,2499 725,2499 715,2509 714,2511 704,2521 678,2521 676,2523 674,2524 668,2524 666,2523 619,2523 617,2524 615,2524 613,2522 605,2522 599,2528 592,2528 586,2522 576,2522 574,2524 566,2524 562,2528 556,2528 554,2530 550,2530 548,2532 544,2532 536,2524 534,2524 533,2522 525,2522 523,2524 521,2522 519,2521 513,2515 511,2515 507,2511 483,2511 481,2509 472,2509 462,2519 460,2520 452,2528 444,2520 442,2519 422,2499 389,2499 371,2517 369,2518 367,2520 353,2520 352,2522 350,2524 344,2518 342,2517 332,2507 330,2507 328,2505 302,2505 294,2513 289,2513 275,2499 247,2499 243,2503 231,2503"/>
                <Baseline points="241,2572 318,2573 396,2573 473,2573 551,2574 629,2574 706,2574 784,2575 862,2575 939,2575 1017,2575 1095,2576 1172,2576 1250,2576 1328,2575 1405,2575 1483,2575 1561,2574 1638,2573 1716,2572 1794,2571"/>
                <TextEquiv>
                    <Unicode>Mose &amp; omnibus Prophetis interpretaba</Unicode>
                </TextEquiv>
            </TextLine>
            <TextLine id="r1l32" custom="readingOrder {index:24;}">
                <Coords points="225,2678 237,2678 239,2679 243,2683 267,2683 269,2681 273,2681 275,2679 276,2681 280,2685 326,2685 328,2683 351,2683 359,2675 399,2715 410,2715 418,2707 422,2707 444,2685 513,2685 517,2681 518,2679 526,2671 528,2671 542,2685 609,2685 611,2683 617,2683 621,2679 627,2679 639,2691 640,2693 656,2709 668,2709 670,2708 686,2708 688,2707 700,2695 701,2693 709,2685 743,2685 749,2691 759,2691 760,2689 762,2689 766,2685 774,2685 782,2677 792,2687 837,2687 843,2693 847,2693 855,2685 857,2685 859,2683 861,2683 863,2685 871,2685 875,2681 877,2681 881,2685 882,2687 886,2691 902,2691 904,2692 918,2706 922,2706 924,2708 938,2708 940,2706 943,2706 945,2704 947,2704 963,2688 965,2687 969,2683 977,2683 979,2681 985,2681 989,2685 1016,2685 1018,2684 1020,2684 1022,2683 1040,2683 1050,2673 1058,2681 1060,2682 1062,2684 1079,2684 1083,2680 1085,2679 1087,2679 1089,2680 1093,2684 1109,2684 1111,2682 1128,2682 1130,2684 1160,2684 1162,2682 1170,2682 1172,2684 1217,2684 1221,2680 1225,2684 1264,2684 1272,2676 1276,2676 1278,2674 1280,2674 1284,2670 1292,2670 1304,2682 1305,2684 1337,2684 1341,2680 1347,2680 1351,2684 1368,2684 1382,2670 1388,2676 1390,2676 1398,2684 1418,2684 1422,2680 1424,2680 1426,2682 1427,2684 1429,2686 1455,2686 1461,2692 1492,2692 1494,2694 1496,2694 1506,2704 1514,2704 1518,2708 1528,2708 1530,2710 1532,2710 1534,2709 1538,2709 1540,2708 1546,2708 1548,2706 1549,2704 1559,2694 1561,2694 1563,2696 1567,2696 1569,2698 1573,2694 1575,2694 1577,2692 1579,2692 1587,2684 1628,2684 1630,2682 1632,2682 1638,2676 1646,2676 1654,2684 1687,2684 1701,2670 1703,2670 1709,2676 1711,2676 1719,2684 1734,2684 1742,2676 1752,2676 1758,2670 1768,2670 1774,2676 1801,2676 1801,2640 1784,2640 1780,2644 1774,2644 1772,2642 1768,2642 1760,2634 1758,2633 1752,2627 1744,2627 1742,2625 1726,2625 1725,2623 1713,2611 1705,2611 1695,2601 1656,2601 1632,2625 1610,2625 1606,2629 1603,2629 1593,2619 1573,2619 1567,2625 1516,2625 1514,2627 1506,2627 1502,2631 1500,2631 1494,2625 1492,2625 1490,2627 1483,2627 1481,2625 1390,2625 1366,2601 1345,2601 1343,2602 1341,2600 1325,2600 1319,2594 1313,2594 1303,2604 1301,2605 1300,2607 1266,2641 1262,2641 1240,2619 1239,2617 1215,2617 1207,2625 1172,2625 1170,2627 1168,2627 1164,2631 1152,2619 1124,2619 1122,2617 1117,2617 1115,2619 1109,2619 1107,2618 1101,2618 1099,2619 1089,2619 1087,2618 1071,2618 1069,2620 1063,2620 1061,2621 1059,2623 1058,2625 1048,2635 1042,2635 1032,2625 997,2625 995,2626 993,2626 985,2618 975,2618 971,2622 967,2618 959,2618 951,2626 924,2626 918,2620 914,2624 904,2624 902,2626 886,2626 882,2622 880,2622 878,2620 877,2618 871,2618 847,2594 833,2594 831,2592 827,2592 825,2594 815,2594 814,2596 784,2626 782,2626 754,2598 753,2596 749,2592 719,2592 695,2616 694,2618 688,2624 686,2624 656,2594 650,2594 648,2592 642,2592 634,2600 633,2602 611,2624 603,2624 572,2593 560,2593 558,2595 556,2596 522,2630 514,2622 513,2620 511,2618 493,2618 491,2620 489,2620 487,2618 477,2618 471,2624 444,2624 440,2628 438,2626 416,2626 414,2628 412,2628 410,2626 377,2626 375,2628 369,2628 351,2610 335,2610 331,2612 330,2614 320,2624 318,2624 314,2628 302,2628 300,2626 272,2626 271,2624 265,2618 247,2618 239,2626 225,2626"/>
                <Baseline points="235,2670 312,2671 390,2672 468,2672 546,2673 624,2673 701,2673 779,2674 857,2674 935,2674 1013,2674 1090,2673 1168,2673 1246,2673 1324,2672 1402,2672 1479,2672 1557,2671 1635,2670 1713,2670 1791,2669"/>
                <TextEquiv>
                    <Unicode>tur quae de ipso scripta erant. Denique Pe</Unicode>
                </TextEquiv>
            </TextLine>
            <TextLine id="r1l33" custom="readingOrder {index:25;}">
                <Coords points="233,2781 263,2781 265,2782 290,2782 292,2780 306,2780 308,2778 310,2778 312,2780 391,2780 397,2786 398,2788 414,2804 428,2804 430,2806 432,2806 436,2802 438,2802 440,2800 442,2800 458,2784 460,2783 461,2781 463,2781 469,2775 471,2775 477,2781 511,2781 513,2779 515,2779 517,2781 522,2781 524,2779 526,2779 528,2781 532,2781 534,2779 536,2779 550,2765 554,2765 560,2771 582,2771 584,2773 585,2775 589,2779 613,2779 615,2781 619,2781 621,2779 629,2779 631,2780 759,2780 763,2776 765,2776 766,2778 768,2780 778,2780 786,2788 808,2788 816,2780 820,2780 822,2781 863,2781 865,2779 867,2779 869,2781 885,2781 886,2779 888,2777 890,2779 906,2779 908,2781 916,2781 918,2779 944,2779 946,2781 951,2781 953,2779 955,2781 959,2781 961,2779 983,2779 987,2775 989,2774 995,2768 1007,2780 1050,2780 1058,2772 1062,2772 1068,2778 1069,2780 1081,2780 1083,2778 1085,2780 1095,2780 1101,2774 1107,2774 1111,2778 1115,2778 1121,2784 1134,2784 1150,2800 1154,2800 1156,2802 1160,2802 1162,2804 1166,2804 1168,2806 1172,2806 1176,2810 1180,2806 1181,2804 1201,2784 1203,2783 1205,2781 1245,2781 1247,2783 1248,2785 1260,2797 1270,2797 1290,2777 1296,2777 1298,2779 1300,2779 1302,2777 1306,2777 1308,2779 1309,2781 1321,2781 1335,2795 1341,2795 1343,2793 1347,2793 1349,2795 1353,2795 1355,2793 1366,2793 1368,2795 1374,2795 1376,2793 1378,2793 1382,2789 1388,2789 1390,2787 1398,2787 1406,2795 1410,2795 1412,2797 1414,2797 1416,2795 1418,2797 1424,2797 1429,2792 1431,2792 1435,2796 1457,2796 1465,2788 1471,2788 1473,2786 1475,2786 1481,2780 1496,2780 1512,2764 1516,2764 1518,2765 1520,2765 1522,2766 1536,2780 1546,2780 1548,2778 1550,2778 1552,2780 1565,2780 1567,2779 1569,2779 1571,2781 1575,2781 1577,2779 1581,2779 1589,2787 1591,2788 1599,2796 1608,2796 1610,2794 1612,2795 1618,2795 1624,2789 1654,2789 1662,2797 1666,2797 1667,2799 1671,2799 1673,2801 1681,2801 1683,2803 1697,2803 1709,2791 1713,2791 1717,2795 1727,2795 1729,2793 1730,2793 1732,2791 1736,2791 1742,2797 1746,2797 1748,2795 1784,2795 1788,2799 1789,2801 1791,2803 1801,2803 1805,2799 1811,2799 1813,2800 1815,2800 1815,2746 1805,2746 1804,2744 1792,2732 1790,2731 1782,2723 1762,2723 1760,2722 1758,2722 1754,2720 1753,2720 1751,2722 1745,2722 1737,2714 1735,2713 1733,2713 1731,2712 1717,2712 1707,2722 1690,2722 1688,2724 1686,2724 1684,2722 1678,2722 1676,2720 1668,2720 1666,2722 1642,2722 1640,2724 1638,2722 1632,2722 1631,2724 1627,2724 1625,2722 1619,2722 1617,2724 1613,2724 1611,2722 1605,2722 1579,2696 1578,2696 1576,2694 1574,2694 1572,2696 1570,2694 1568,2696 1564,2696 1562,2694 1560,2694 1546,2708 1540,2708 1538,2710 1536,2711 1512,2735 1506,2735 1505,2733 1495,2723 1491,2723 1489,2721 1383,2721 1381,2720 1373,2720 1369,2716 1367,2715 1341,2689 1339,2691 1338,2691 1336,2689 1326,2689 1316,2699 1314,2700 1300,2714 1296,2714 1292,2718 1290,2718 1286,2722 1255,2722 1223,2690 1200,2690 1176,2714 1174,2715 1168,2721 1150,2721 1146,2725 1145,2723 1139,2723 1137,2721 1080,2721 1064,2705 1062,2705 1054,2697 1044,2697 1042,2699 1038,2699 1036,2697 1029,2697 1027,2699 1025,2697 1009,2697 991,2715 989,2716 983,2722 977,2722 975,2720 971,2720 969,2722 958,2722 956,2720 948,2720 946,2722 932,2722 930,2720 926,2720 924,2722 887,2722 885,2724 883,2724 881,2722 867,2722 865,2724 863,2722 851,2722 849,2720 820,2720 818,2719 816,2719 812,2723 808,2723 806,2721 784,2721 783,2723 781,2723 779,2721 767,2721 765,2723 759,2723 757,2721 737,2721 735,2723 733,2721 723,2721 722,2723 716,2723 714,2721 710,2721 708,2723 706,2723 704,2721 696,2721 694,2723 672,2723 670,2721 668,2721 664,2717 663,2715 637,2689 623,2689 619,2693 615,2689 608,2689 592,2705 590,2706 562,2734 560,2734 548,2722 531,2722 529,2720 511,2720 509,2722 452,2722 450,2721 269,2721 263,2715 255,2715 253,2713 247,2713 245,2715 243,2715 241,2714 234,2714"/>
                <Baseline points="244,2767 322,2769 400,2770 478,2770 556,2770 634,2770 712,2770 790,2770 868,2770 946,2769 1025,2769 1103,2769 1181,2769 1259,2769 1337,2770 1415,2771 1493,2772 1571,2774 1649,2777 1727,2780 1806,2783"/>
                <TextEquiv>
                    <Unicode>trus per sermonem Propheticum scripta</Unicode>
                </TextEquiv>
            </TextLine>
            <TextLine id="r1l34" custom="readingOrder {index:26;}">
                <Coords points="240,2885 264,2885 272,2877 278,2877 280,2875 282,2875 284,2877 288,2877 294,2871 296,2871 298,2873 299,2875 319,2875 321,2877 329,2877 335,2871 341,2877 345,2877 347,2875 349,2875 357,2883 358,2885 362,2885 384,2907 386,2907 392,2901 394,2901 396,2899 412,2899 416,2895 417,2893 425,2885 427,2884 433,2878 479,2878 480,2876 482,2874 486,2878 551,2878 553,2876 563,2876 565,2878 579,2878 583,2882 585,2882 587,2884 593,2884 599,2878 614,2878 616,2876 618,2876 620,2874 628,2874 632,2878 642,2878 648,2884 665,2884 667,2882 669,2882 671,2884 691,2884 693,2882 695,2884 713,2884 719,2878 726,2878 728,2876 738,2876 740,2874 750,2884 756,2884 758,2882 760,2884 785,2884 787,2882 789,2884 805,2884 807,2883 809,2883 813,2879 819,2879 825,2885 833,2885 841,2877 844,2877 846,2875 848,2877 894,2877 902,2885 911,2885 915,2881 921,2881 925,2885 945,2885 949,2881 955,2881 961,2887 962,2889 982,2909 984,2909 986,2907 996,2907 998,2909 1002,2909 1004,2907 1008,2907 1014,2901 1021,2901 1045,2877 1071,2877 1079,2885 1086,2885 1088,2883 1094,2883 1102,2875 1104,2875 1106,2873 1108,2872 1110,2870 1116,2870 1118,2872 1120,2873 1124,2877 1136,2877 1140,2881 1142,2881 1144,2883 1151,2883 1155,2879 1157,2878 1159,2876 1191,2876 1201,2886 1203,2887 1204,2889 1222,2907 1228,2907 1234,2901 1242,2901 1248,2895 1250,2894 1260,2884 1277,2884 1279,2882 1281,2882 1283,2880 1289,2880 1293,2884 1303,2884 1305,2882 1307,2882 1309,2880 1315,2880 1321,2886 1350,2886 1352,2884 1354,2884 1362,2876 1382,2876 1386,2880 1387,2882 1389,2884 1417,2884 1421,2880 1443,2902 1444,2904 1456,2916 1464,2916 1502,2878 1504,2878 1508,2882 1509,2884 1527,2884 1531,2880 1533,2879 1535,2877 1537,2877 1539,2875 1541,2875 1547,2881 1549,2882 1551,2884 1567,2884 1568,2885 1580,2885 1582,2883 1584,2883 1588,2887 1590,2888 1592,2888 1594,2889 1596,2889 1598,2890 1600,2890 1602,2892 1616,2892 1618,2891 1624,2885 1629,2885 1631,2883 1633,2883 1637,2879 1639,2879 1645,2885 1653,2885 1655,2883 1657,2883 1659,2885 1665,2885 1671,2879 1673,2879 1681,2887 1687,2887 1688,2889 1692,2893 1704,2893 1720,2877 1728,2877 1732,2873 1738,2873 1742,2877 1759,2877 1767,2885 1771,2885 1773,2883 1787,2883 1795,2875 1805,2875 1805,2804 1793,2804 1787,2798 1785,2797 1783,2795 1764,2795 1762,2794 1750,2794 1744,2800 1742,2800 1736,2794 1712,2794 1710,2796 1708,2796 1702,2802 1701,2804 1693,2804 1691,2802 1681,2802 1679,2800 1673,2800 1671,2798 1667,2798 1665,2796 1661,2796 1659,2794 1653,2794 1641,2806 1640,2808 1632,2816 1622,2816 1618,2820 1584,2786 1565,2786 1557,2794 1551,2794 1529,2816 1518,2816 1516,2815 1506,2815 1502,2819 1500,2819 1498,2821 1494,2821 1490,2817 1447,2817 1439,2825 1437,2825 1411,2799 1409,2798 1405,2794 1380,2794 1378,2795 1368,2795 1366,2793 1354,2793 1352,2795 1350,2795 1338,2807 1337,2809 1329,2817 1272,2817 1264,2825 1262,2825 1254,2817 1213,2817 1209,2821 1205,2821 1201,2817 1181,2817 1177,2813 1173,2813 1165,2805 1163,2805 1161,2803 1159,2803 1157,2801 1136,2801 1124,2813 1122,2814 1102,2834 1094,2826 1093,2824 1087,2818 1083,2818 1073,2808 1063,2808 1059,2804 1057,2803 1047,2793 1034,2793 1030,2797 1028,2798 1008,2818 994,2818 992,2816 986,2816 976,2806 975,2804 965,2794 945,2794 943,2796 941,2794 939,2794 937,2792 904,2792 882,2814 878,2814 874,2818 870,2818 868,2820 866,2820 864,2818 854,2818 852,2816 851,2814 847,2810 831,2810 825,2816 799,2816 793,2810 792,2808 778,2794 758,2794 740,2812 738,2813 736,2815 703,2815 699,2819 697,2817 670,2817 668,2819 662,2819 660,2817 628,2817 626,2819 624,2817 595,2817 593,2819 583,2819 581,2817 559,2817 551,2825 549,2823 548,2821 536,2809 526,2809 518,2817 494,2817 488,2823 487,2825 455,2793 449,2793 443,2799 441,2799 439,2801 437,2801 429,2809 428,2811 422,2817 386,2817 384,2816 363,2816 361,2818 349,2818 347,2816 341,2816 339,2818 329,2818 327,2816 319,2816 317,2818 313,2818 309,2814 308,2812 300,2804 298,2803 296,2801 290,2801 288,2802 280,2802 278,2800 276,2799 272,2795 268,2795 266,2793 258,2793 256,2795 249,2795 247,2794 241,2794"/>
                <Baseline points="251,2866 328,2866 405,2867 482,2867 559,2868 636,2868 713,2868 791,2868 868,2869 945,2869 1022,2869 1099,2869 1176,2869 1253,2869 1331,2870 1408,2870 1485,2870 1562,2870 1639,2870 1716,2870 1794,2870"/>
                <TextEquiv>
                    <Unicode>Prophetarum intelligit. &amp; paulo post: Non</Unicode>
                </TextEquiv>
            </TextLine>
            <TextLine id="r1l36" custom="readingOrder {index:27;}">
                <Coords points="229,2972 239,2972 241,2974 245,2974 247,2972 263,2972 267,2976 273,2976 277,2980 288,2980 294,2974 300,2974 302,2972 383,2972 391,2980 408,2980 416,2972 434,2972 436,2973 444,2973 446,2975 448,2976 452,2976 454,2977 458,2977 460,2978 462,2980 471,2980 473,2981 477,2981 485,2973 495,2973 503,2981 511,2981 519,2973 570,2973 572,2971 580,2971 584,2975 597,2975 603,2981 625,2981 627,2979 635,2987 637,2987 639,2989 652,2989 660,2981 678,2981 680,2979 684,2979 686,2981 692,2981 694,2979 696,2979 698,2981 702,2981 704,2979 719,2979 721,2981 727,2981 729,2979 733,2979 735,2981 739,2981 741,2979 743,2980 755,2980 757,2982 761,2982 763,2980 770,2980 772,2982 776,2982 778,2980 786,2980 788,2982 798,2982 800,2980 802,2980 806,2976 812,2976 816,2980 824,2980 830,2974 837,2974 845,2966 849,2966 857,2974 871,2974 873,2972 877,2972 887,2982 894,2982 896,2980 902,2980 904,2982 908,2982 910,2980 924,2980 926,2982 932,2982 934,2980 975,2980 979,2976 985,2976 989,2980 1003,2980 1005,2978 1009,2978 1011,2977 1016,2977 1018,2979 1020,2980 1022,2980 1024,2981 1032,2981 1038,2975 1046,2975 1048,2973 1054,2973 1068,2959 1072,2959 1074,2961 1075,2963 1093,2981 1101,2981 1103,2979 1111,2979 1115,2975 1123,2975 1129,2981 1142,2981 1144,2979 1146,2981 1150,2981 1156,2975 1160,2975 1166,2981 1180,2981 1184,2977 1186,2977 1194,2969 1195,2971 1197,2973 1207,2973 1215,2981 1223,2981 1231,2973 1264,2973 1280,2989 1296,2989 1302,2983 1304,2982 1314,2972 1367,2972 1369,2970 1371,2970 1375,2966 1376,2966 1392,2982 1402,2982 1410,2974 1414,2974 1426,2962 1432,2962 1436,2966 1437,2968 1449,2980 1465,2980 1473,2972 1477,2972 1493,2988 1494,2990 1500,2996 1510,2996 1512,2994 1516,2998 1530,2998 1534,3002 1536,3002 1538,3004 1542,3004 1544,3002 1546,3004 1557,3004 1575,2986 1583,2986 1585,2988 1591,2988 1593,2986 1595,2985 1601,2979 1620,2979 1622,2981 1624,2981 1638,2995 1640,2996 1646,2996 1648,2997 1652,2993 1658,2993 1662,2997 1675,2997 1677,2995 1679,2995 1693,2981 1695,2981 1705,2971 1711,2971 1715,2975 1721,2975 1735,2989 1736,2989 1744,2997 1760,2997 1764,2993 1766,2993 1770,2989 1772,2991 1778,2991 1780,2993 1784,2993 1786,2995 1792,2989 1794,2991 1795,2993 1797,2995 1803,2995 1805,2997 1815,2997 1815,2950 1805,2950 1804,2948 1800,2944 1792,2944 1784,2936 1774,2936 1752,2914 1739,2914 1735,2918 1729,2918 1725,2922 1721,2918 1709,2918 1707,2916 1697,2916 1695,2914 1691,2914 1690,2912 1638,2912 1630,2920 1629,2920 1599,2890 1581,2890 1573,2898 1572,2900 1558,2914 1546,2914 1544,2913 1534,2913 1526,2921 1518,2913 1489,2913 1487,2915 1483,2915 1481,2913 1467,2913 1465,2915 1461,2915 1459,2917 1455,2917 1449,2911 1448,2909 1436,2897 1392,2897 1391,2899 1373,2917 1371,2915 1359,2915 1357,2913 1335,2913 1331,2917 1329,2917 1327,2915 1326,2913 1318,2913 1296,2891 1292,2891 1290,2889 1280,2889 1272,2897 1271,2897 1267,2893 1261,2893 1257,2889 1255,2889 1237,2907 1235,2908 1231,2912 1206,2912 1202,2916 1180,2894 1178,2893 1176,2891 1174,2891 1166,2883 1153,2883 1151,2885 1147,2885 1145,2886 1141,2890 1135,2890 1111,2914 1095,2914 1083,2926 1082,2928 1078,2932 1076,2933 1072,2937 1070,2937 1062,2929 1060,2928 1046,2914 999,2914 997,2915 991,2915 989,2913 960,2913 952,2905 950,2904 936,2890 918,2890 916,2892 910,2892 909,2890 899,2890 897,2892 895,2893 877,2911 871,2911 869,2913 863,2913 851,2925 849,2925 843,2919 842,2917 840,2915 836,2915 834,2913 806,2913 804,2915 802,2915 800,2917 786,2917 784,2915 781,2915 779,2913 775,2913 773,2915 771,2913 767,2913 765,2915 751,2915 727,2891 726,2889 716,2889 714,2891 712,2891 696,2907 694,2908 688,2914 596,2914 592,2918 588,2918 560,2890 558,2890 556,2888 539,2888 515,2912 499,2912 495,2916 491,2916 487,2920 483,2916 478,2916 476,2914 468,2914 466,2916 464,2916 462,2914 454,2914 430,2890 423,2890 413,2900 407,2900 405,2898 403,2898 401,2900 395,2900 393,2902 391,2903 375,2919 371,2919 369,2917 352,2917 348,2913 342,2913 318,2889 277,2889 275,2891 255,2891 253,2889 245,2889 243,2891 242,2893 240,2895 230,2895"/>
                <Baseline points="240,2960 318,2963 396,2964 474,2965 553,2966 631,2966 709,2966 788,2966 866,2965 944,2965 1023,2964 1101,2964 1179,2964 1257,2964 1336,2964 1414,2965 1492,2966 1571,2967 1649,2969 1727,2972 1806,2975"/>
                <TextEquiv>
                    <Unicode>libidine hominis allata est olim Prophetia,</Unicode>
                </TextEquiv>
            </TextLine>
            <TextLine id="r1l37" custom="readingOrder {index:28;}">
                <Coords points="233,3075 252,3075 254,3077 262,3077 264,3075 270,3075 278,3067 280,3067 282,3069 313,3069 321,3077 351,3077 363,3065 364,3063 368,3063 376,3071 392,3071 396,3075 400,3075 402,3077 414,3077 416,3075 418,3075 422,3071 447,3071 453,3077 457,3077 459,3075 471,3075 473,3077 481,3077 483,3075 485,3075 486,3077 494,3085 502,3085 504,3083 506,3085 512,3085 524,3073 526,3075 549,3075 551,3077 565,3077 567,3075 571,3075 573,3073 579,3073 591,3085 595,3085 597,3087 601,3087 603,3088 607,3092 608,3094 614,3100 620,3100 622,3098 630,3098 632,3100 640,3100 654,3086 656,3085 664,3085 666,3083 667,3083 671,3079 679,3079 683,3083 685,3084 701,3084 703,3083 711,3075 715,3075 719,3079 721,3079 723,3081 725,3082 727,3082 728,3084 744,3084 746,3082 748,3081 758,3071 760,3071 764,3075 776,3075 778,3077 782,3077 784,3075 789,3075 791,3077 801,3077 803,3075 805,3075 807,3077 819,3077 821,3075 823,3077 825,3078 831,3084 839,3084 841,3082 843,3082 847,3078 848,3078 852,3082 854,3082 856,3084 862,3084 864,3082 866,3084 933,3084 935,3082 945,3082 947,3080 949,3082 951,3082 953,3084 965,3084 967,3082 969,3082 970,3080 974,3076 1031,3076 1035,3072 1041,3072 1045,3076 1053,3076 1055,3074 1063,3074 1065,3076 1087,3076 1089,3074 1090,3072 1098,3064 1100,3063 1104,3063 1106,3064 1120,3078 1128,3078 1130,3076 1142,3076 1144,3074 1148,3074 1150,3076 1159,3076 1165,3070 1167,3070 1173,3076 1181,3076 1183,3078 1187,3078 1189,3076 1191,3076 1213,3098 1214,3100 1234,3100 1262,3072 1266,3072 1272,3078 1273,3080 1277,3084 1289,3084 1295,3078 1305,3078 1313,3086 1323,3086 1327,3082 1329,3082 1333,3078 1334,3076 1340,3070 1344,3070 1358,3084 1372,3084 1374,3082 1376,3082 1380,3078 1386,3078 1394,3086 1395,3088 1399,3092 1407,3092 1409,3090 1429,3090 1431,3092 1433,3092 1443,3082 1447,3086 1454,3086 1462,3094 1478,3094 1496,3076 1504,3076 1512,3068 1557,3068 1567,3078 1606,3078 1616,3068 1639,3068 1647,3076 1663,3076 1671,3068 1685,3068 1695,3078 1752,3078 1756,3074 1757,3072 1759,3072 1765,3078 1777,3078 1779,3076 1793,3076 1795,3074 1805,3074 1805,2993 1787,2993 1785,2995 1783,2993 1781,2993 1779,2991 1767,2991 1757,3001 1750,3001 1746,2997 1744,2997 1736,2989 1734,2989 1732,2987 1728,2987 1726,2985 1718,2985 1712,2991 1706,2991 1692,3005 1691,3007 1685,3013 1681,3009 1671,3009 1667,3013 1665,3011 1655,3011 1653,3009 1651,3009 1631,2989 1630,2987 1622,2979 1620,2979 1618,2977 1616,2976 1612,2976 1610,2978 1608,2978 1606,2979 1598,2987 1582,2987 1572,2997 1571,2999 1553,3017 1549,3017 1533,3001 1527,3001 1515,3013 1513,3013 1511,3011 1510,3009 1486,3009 1482,3013 1480,3013 1452,2985 1450,2984 1449,2982 1429,2962 1427,2962 1415,2974 1411,2974 1399,2986 1397,2986 1395,2988 1393,2989 1391,2991 1388,2991 1386,2989 1384,2988 1378,2988 1376,2989 1372,2989 1370,2988 1366,2988 1364,2990 1362,2991 1350,3003 1332,3003 1330,3005 1329,3007 1327,3009 1285,3009 1283,3011 1281,3011 1279,3009 1273,3009 1271,3011 1268,3011 1266,3009 1256,3009 1254,3011 1252,3011 1250,3009 1240,3009 1238,3011 1236,3011 1234,3009 1212,3009 1210,3011 1205,3011 1201,3015 1199,3015 1195,3019 1191,3019 1189,3017 1183,3017 1177,3011 1175,3011 1173,3009 1163,3009 1155,3001 1153,3000 1147,2994 1146,2992 1142,2988 1134,2988 1132,2986 1120,2986 1104,3002 1102,3003 1088,3017 1087,3017 1081,3011 1073,3011 1071,3013 1069,3013 1067,3011 1053,3011 1049,3015 1043,3015 1035,3007 1033,3006 1027,3000 1026,2998 1014,2986 1004,2986 1002,2988 998,2988 996,2986 990,2986 968,3008 966,3009 965,3011 961,3015 959,3015 955,3011 953,3010 943,3010 941,3011 939,3011 937,3010 931,3010 929,3011 927,3011 925,3010 905,2990 904,2988 902,2986 894,2986 892,2988 862,2988 846,3004 845,3006 835,3016 833,3017 831,3017 829,3016 825,3012 821,3012 819,3010 778,3010 770,3002 758,3002 742,2986 723,2986 699,3010 695,3010 679,2994 665,2994 663,2996 662,2996 640,3018 616,2994 610,2994 608,2996 606,2994 577,2994 569,3002 567,3002 551,2986 541,2986 540,2988 538,2988 536,2986 530,2986 528,2988 524,2988 516,2996 512,2996 502,2986 486,2986 482,2990 481,2992 477,2996 475,2994 473,2994 465,2986 439,2986 421,3004 420,3006 412,3014 408,3010 382,3010 360,2988 359,2986 351,2986 349,2988 345,2988 343,2986 333,2986 317,3002 313,3002 299,2988 298,2986 280,2986 278,2988 272,2988 270,2986 264,2986 244,3006 233,3006"/>
                <Baseline points="242,3059 319,3061 397,3063 474,3064 552,3065 630,3066 707,3066 785,3066 862,3066 940,3066 1018,3066 1095,3065 1173,3065 1250,3064 1328,3063 1406,3063 1483,3063 1561,3062 1638,3062 1716,3062 1794,3063"/>
                <TextEquiv>
                    <Unicode>sed acti a Spiritu sancto loquuti sunt sancti</Unicode>
                </TextEquiv>
            </TextLine>
            <TextLine id="r1l38" custom="readingOrder {index:29;}">
                <Coords points="232,3171 295,3171 301,3165 305,3165 307,3163 318,3163 328,3173 358,3173 360,3171 374,3171 376,3169 377,3167 383,3173 389,3173 391,3171 409,3171 413,3167 419,3173 490,3173 496,3167 499,3167 505,3173 566,3173 570,3169 572,3169 576,3173 623,3173 625,3171 627,3171 629,3169 639,3169 641,3171 647,3171 653,3165 655,3165 663,3173 671,3173 673,3171 680,3171 686,3165 692,3165 694,3167 698,3167 702,3171 712,3171 718,3165 726,3173 745,3173 747,3171 749,3171 751,3173 759,3173 761,3171 767,3171 769,3173 773,3173 775,3171 802,3171 804,3173 812,3173 814,3171 820,3171 822,3173 832,3173 838,3167 848,3167 852,3171 860,3171 861,3173 865,3173 867,3171 881,3171 883,3173 887,3173 889,3171 895,3171 897,3173 913,3173 915,3171 917,3171 919,3173 928,3173 930,3171 932,3171 934,3172 944,3172 946,3171 948,3171 950,3172 954,3172 956,3171 962,3171 964,3170 968,3170 970,3169 974,3169 976,3170 978,3172 980,3172 982,3170 983,3172 1005,3172 1007,3170 1009,3172 1033,3172 1039,3166 1041,3165 1046,3165 1048,3164 1054,3164 1062,3172 1078,3172 1080,3170 1103,3170 1105,3172 1117,3172 1119,3170 1131,3170 1133,3172 1196,3172 1198,3170 1202,3170 1204,3172 1265,3172 1271,3166 1279,3166 1283,3170 1285,3170 1286,3172 1290,3172 1292,3170 1294,3170 1296,3172 1300,3172 1302,3170 1312,3170 1314,3172 1328,3172 1330,3170 1336,3176 1346,3176 1347,3178 1365,3196 1367,3196 1369,3198 1373,3198 1401,3170 1405,3170 1406,3172 1434,3172 1438,3168 1442,3168 1446,3172 1554,3172 1560,3166 1562,3166 1568,3172 1633,3172 1639,3166 1656,3166 1662,3172 1672,3172 1680,3164 1692,3164 1700,3172 1743,3172 1759,3156 1800,3156 1800,3120 1788,3120 1780,3112 1778,3111 1764,3097 1763,3095 1749,3081 1719,3081 1705,3095 1704,3097 1686,3115 1680,3115 1678,3113 1656,3113 1652,3117 1650,3117 1648,3115 1639,3115 1633,3109 1627,3109 1625,3107 1613,3107 1607,3113 1597,3113 1591,3107 1580,3107 1578,3109 1568,3109 1542,3083 1538,3083 1536,3081 1528,3081 1522,3087 1521,3089 1503,3107 1501,3107 1495,3113 1493,3113 1479,3099 1477,3099 1475,3097 1463,3097 1462,3099 1450,3111 1430,3091 1428,3091 1426,3089 1410,3089 1408,3091 1399,3091 1389,3081 1377,3081 1375,3083 1365,3083 1361,3087 1349,3087 1345,3083 1343,3083 1341,3082 1328,3082 1326,3084 1324,3085 1306,3103 1302,3103 1298,3107 1292,3107 1286,3113 1282,3109 1281,3107 1263,3089 1261,3088 1255,3082 1247,3090 1245,3091 1229,3107 1227,3107 1225,3105 1220,3105 1208,3093 1206,3092 1204,3090 1202,3090 1200,3088 1186,3088 1180,3094 1178,3095 1162,3111 1113,3111 1109,3115 1107,3115 1105,3113 1070,3113 1068,3115 1062,3115 1056,3121 1052,3121 1038,3107 1037,3105 1035,3104 1021,3090 1005,3090 995,3100 993,3100 977,3084 976,3082 968,3082 966,3084 948,3084 946,3082 936,3082 918,3100 917,3102 907,3112 903,3112 901,3114 899,3115 897,3115 895,3114 893,3114 885,3106 877,3106 869,3114 857,3114 856,3116 854,3118 846,3118 842,3114 798,3114 796,3112 795,3110 791,3106 771,3106 769,3108 767,3108 765,3106 757,3106 755,3108 751,3108 739,3120 734,3120 720,3106 671,3106 665,3112 653,3112 649,3116 643,3116 641,3114 623,3114 615,3106 614,3104 600,3090 582,3090 580,3088 554,3114 529,3114 521,3106 511,3106 503,3114 495,3114 494,3112 488,3106 480,3106 478,3108 476,3106 460,3106 458,3108 438,3088 436,3087 432,3083 431,3081 403,3081 395,3089 391,3089 385,3083 373,3083 371,3081 368,3081 356,3093 354,3094 334,3114 316,3096 314,3095 312,3093 311,3091 307,3091 305,3089 271,3089 263,3081 232,3081"/>
                <Baseline points="241,3159 318,3159 395,3159 473,3159 550,3159 628,3159 705,3159 783,3160 860,3160 938,3160 1015,3160 1092,3161 1170,3161 1247,3161 1325,3160 1402,3160 1480,3159 1557,3158 1635,3157 1712,3156 1790,3154"/>
                <TextEquiv>
                    <Unicode>Dei homines. ne mihi multi alij loci consi</Unicode>
                </TextEquiv>
            </TextLine>
            <TextLine id="r1l39" custom="readingOrder {index:30;}">
                <Coords points="235,3286 264,3286 270,3292 290,3292 298,3284 306,3284 318,3272 337,3272 349,3284 363,3284 377,3270 390,3270 396,3276 408,3276 414,3270 445,3270 459,3284 473,3284 487,3270 536,3270 542,3276 564,3276 565,3274 569,3274 573,3270 585,3270 599,3284 697,3284 705,3292 713,3292 729,3276 746,3276 748,3274 750,3274 752,3272 849,3272 863,3286 865,3286 866,3288 880,3288 884,3292 902,3292 904,3290 908,3290 914,3284 955,3284 963,3276 969,3276 971,3274 973,3274 975,3276 1018,3276 1020,3274 1036,3274 1038,3276 1053,3276 1055,3274 1057,3274 1059,3276 1067,3276 1069,3274 1097,3274 1099,3276 1110,3276 1112,3274 1126,3274 1136,3284 1160,3284 1168,3276 1169,3274 1171,3274 1173,3272 1179,3272 1183,3276 1195,3276 1197,3274 1201,3274 1203,3272 1225,3272 1229,3276 1230,3278 1238,3286 1240,3286 1246,3292 1262,3292 1264,3290 1266,3290 1280,3276 1282,3276 1286,3272 1313,3272 1317,3276 1358,3276 1360,3274 1362,3274 1364,3272 1368,3272 1382,3286 1402,3286 1408,3292 1425,3292 1433,3284 1467,3284 1471,3280 1472,3278 1478,3272 1488,3272 1502,3286 1561,3286 1567,3292 1575,3292 1596,3271 1665,3271 1669,3275 1671,3276 1679,3284 1716,3284 1724,3292 1738,3292 1748,3282 1750,3282 1760,3292 1774,3292 1775,3290 1785,3290 1785,3176 1768,3176 1760,3184 1736,3184 1722,3198 1716,3198 1715,3196 1697,3178 1691,3178 1689,3176 1673,3176 1671,3178 1661,3178 1655,3184 1654,3186 1652,3188 1640,3176 1632,3176 1608,3200 1600,3200 1594,3206 1593,3208 1534,3208 1530,3212 1528,3210 1504,3210 1486,3192 1476,3192 1474,3190 1473,3188 1459,3188 1457,3186 1437,3186 1435,3188 1433,3188 1425,3180 1423,3180 1421,3178 1396,3178 1390,3184 1388,3184 1364,3208 1362,3209 1356,3215 1354,3215 1352,3213 1351,3211 1349,3211 1347,3209 1311,3209 1309,3207 1242,3207 1238,3211 1236,3211 1234,3209 1225,3209 1223,3211 1221,3209 1215,3209 1213,3211 1211,3211 1205,3205 1203,3204 1199,3204 1197,3202 1181,3202 1179,3204 1177,3205 1175,3207 1173,3207 1171,3209 1170,3211 1162,3211 1160,3209 1103,3209 1097,3203 1095,3202 1079,3186 1040,3186 1026,3200 1024,3201 1008,3217 1000,3209 992,3209 990,3207 989,3205 985,3201 967,3201 959,3209 943,3209 933,3199 931,3198 929,3196 928,3194 912,3178 886,3178 865,3199 861,3199 859,3197 857,3196 847,3186 823,3186 815,3178 800,3178 784,3194 782,3195 770,3207 747,3207 745,3209 741,3209 727,3195 725,3194 701,3170 699,3170 697,3168 689,3168 687,3170 686,3172 672,3186 670,3186 664,3192 662,3193 646,3209 615,3209 611,3213 607,3209 583,3209 579,3213 575,3209 520,3209 512,3201 493,3201 485,3209 463,3209 447,3193 442,3193 438,3197 436,3197 432,3201 416,3201 408,3209 400,3209 398,3207 396,3207 384,3195 383,3193 377,3187 375,3186 367,3178 343,3178 341,3180 339,3178 329,3178 300,3207 286,3207 282,3203 280,3203 278,3201 270,3201 264,3207 249,3207 245,3211 235,3211"/>
                <Baseline points="245,3262 321,3262 398,3261 474,3261 551,3261 627,3261 704,3261 780,3262 857,3262 933,3262 1010,3263 1086,3263 1163,3263 1239,3263 1316,3263 1392,3263 1469,3263 1545,3262 1622,3262 1698,3260 1775,3259"/>
                <TextEquiv>
                    <Unicode>miles recensendi sint. Praeterea si Pontificii</Unicode>
                </TextEquiv>
            </TextLine>
            <TextEquiv>
                <Unicode>clesiae necessarium nobis primum per Pro
phetas: deinde per Christum &amp; Apostolos 
traditum fuisse. Atque hoc perspicuum est
ex hoc loco Apostoli. Qlim, inquit, per
Prophetas: Vltimis diebus per filium: quod 
posterius esse ad Apostolos quoque porri
gendum patet ex hoc ipso Apostolo, cap. 2.
huius epistolae, vbi dicit salutem Euangeli 
cam nobis primum annuntiatam a Christo
fuisse, deinde ab iis confirmatam qui ipsum
audiuerant. Et apud Ioannem: Quemad
modum, inquit, misit me pater, ita &amp; ego mit
to vos. Atque omnino negari non potest
Euangelii doctrinam fuisse ab Apostolis con
scriptam. Secundum membrum Assumpti
est: Verbum Dei per Prophetas traditum ho
die tantum esse quaerendum in scriptis Pro
pheticis. Atque hoc patet ex vsu loquendi 
Scripturae, vbi per Prophetas intelliguntur 
scripta Prophetarum. Vt, Euangelium pro
missum per Prophetas in Scripturis sanctis,
Habent Mosen &amp; Prophetas. Scriptum est
in Prophetis. Credis Prophetis. Exorsus a 
Mose &amp; omnibus Prophetis interpretaba
tur quae de ipso scripta erant. Denique Pe
trus per sermonem Propheticum scripta
Prophetarum intelligit. &amp; paulo post: Non
libidine hominis allata est olim Prophetia,
sed acti a Spiritu sancto loquuti sunt sancti
Dei homines. ne mihi multi alij loci consi
miles recensendi sint. Praeterea si Pontificii</Unicode>
            </TextEquiv>
        </TextRegion>
    </Page>
</PcGts>
