2446 3914
678 265 2237 387 nectere solebant haeretici, vt ita pios at
675 361 2249 486 que Orthodoxos deciperent: quod ita esse
680 458 2253 581 non solum ipsa contextus Apostolici se
679 562 2249 661 ries, sed etiam vocabulum απατης a Paulo v
679 656 2228 773 surpatum manifeste declarat. lam cum im
690 754 2237 877 primis eo spectet τζοπος παιδειας vt Sophista
670 849 2240 974 rum praestigias fallaciasque discutiat, erro
671 952 2250 1070 res redarguat, mendacia expellat atque ve
677 1049 2240 1149 ritatis lucem animorum oculis intuendam
675 1145 2232 1262 proponat: ecquis vnquam merito existi
665 1241 2230 1365 mauerit, praeclaram hanc disciplinam fuis
673 1338 2242 1460 se ab Apostolo reiectam? Qui enim fieri
682 1435 2240 1558 potest, vt qui se Sophisticis fallaciis inimi
676 1536 2234 1652 cum esse profitetur, non idem amet scien
673 1628 2235 1757 tiam recte differendi, nugis illis Sophisticis
668 1737 2233 1847 omnino contrariam, & ad id comparatam,
674 1824 2245 1949 vt eius ope atque ductu captionum insidias
668 1921 2243 2044 facilius declinemus? Vt enim qui tenebras
656 2025 2229 2148 oderit, eum lucis splendore delectari neces
660 2120 2249 2245 se est: ita qui inanes argumentorum dece
672 2218 2227 2339 ptiones excludit ab Ecclesia, is profecto
666 2320 2235 2438 videri debet veris ac solidis argumentis lo
663 2408 2220 2534 cum in Ecclesia reliquisse, quibus vanae illae
657 2513 2222 2626 vanorum hominum deceptiones & redar
659 2610 2212 2725 gui facile, & vitari possint. Nisi forte cense
660 2704 2225 2813 mus medendi scientiam esse reiiciendam,
667 2801 2220 2936 quod homines doceat ea dignoscere quae
658 2905 2220 3006 sunt exitosa, vt ab his abstineant, & ea tan
655 3000 2232 3125 tummodo sectentur, quae videbunt ad vitam
657 3097 2194 3221 ac valetudinem tuendam pertinere. Quam
659 3193 2266 3340 obrem dixerit sane, & praeclare dixerit Na
