2446 3914
362 250 1838 381 Apollos redarguit Iudaeos, & probat Iesum
279 345 1244 469 esse Christum ex Scripturis.
356 440 1856 571 Laudatur Thessalonicenses, siue Beroeenses,
260 539 1825 670 quod scrutarentur Scripturas an ita res se ha
269 644 484 733 beret.
364 739 1838 869 Nequid dicam de Scripturae locis quos Chri
246 840 1495 957 stus & Apostoli identidem citarunt.
313 938 1818 1038 Haec inductio est certissima & nulla ευςα
260 1032 1815 1163 ce labefactari potest. Vis autem consequen
259 1128 1833 1260 tis quam ad finem proponimus satis est per
252 1225 1819 1357 spicua. Nam Prophetae & Apostoli sunt in
252 1322 1816 1437 stituti a Deo doctores Ecclesiae, & fuerunt
258 1426 1829 1546 θεοπυουςι. Christus autem est perfectissimus
254 1521 1809 1646 Ecclesiae Doctor. Ex quo efficitur, qui ali
256 1617 1815 1740 ter Ecclesiam docent quam Christus, Apo
253 1706 1818 1829 stoli & Prophetae docuerint, hoc est non
258 1801 1819 1933 eadem, sed aliena proponunt fundamenta,
256 1904 1806 2029 eos Ecclesiam perperam docere. Pontificii
256 1999 1815 2132 vero aliter docent, quandoquidem non re
249 2104 1820 2229 uocant Ecclesiam ad solam Scripturam, sed
249 2194 1811 2332 ad Traditiones non scriptas. vt ante dictum
247 2289 1806 2421 est. Ex hoc autem superiori argumento e
241 2393 1369 2523 mergit sequens haec conclusio.
341 2492 1772 2614 Si Apostoli verbum quod viua  voce trade
245 2585 1792 2709 bant quantumuis licet θεοπυουςον, tamen ad scri
246 2689 1778 2814 pta Prophetica exigebant, multo magis Ponti
236 2785 1798 2916 ficij debent suae doctrina capita ad Scripturam
243 2884 1803 3011 sacram exigere. Et cum id non faciant, audien
245 2985 706 3092 di non sunt.
338 3089 1124 3174 Verum est antecedens.
338 3177 1326 3301 Verum igitur & consequens.
