2446 3914
615 256 2177 373 hoc est foedus vel Testamentum, & το αλαθηκη
616 352 2180 460 nihil licet addere: certe nihil licet addere Scri
610 457 1446 573 pturae noui Testamenti.
716 552 1542 646 Antecedens est verum.
717 649 2194 773 Verum igitur & consequens, & vi consequen
610 752 2214 869 tis non sunt recipiendae traditiones ab ipsis A
605 850 1287 964 postolis non scriptae.
731 945 1556 1062 Connexum satis patet.
689 1041 2183 1165 Assumptum habet duas partes. Prior per
618 1137 2180 1262 spicua est ex ipsa inscriptione, nec vlla alia
626 1233 2183 1369 probatione opus habet. Posterior probatur
626 1337 2184 1453 ex Paulo: quum ait ne humanae quidem δια
617 1417 2191 1548 θηκη addere licere: atque inde efficit multo
620 1529 2194 1667 minus addere licere diuinae αλαθηκη. Quod
623 1626 2182 1748 si την αλαθηκλω Testamentum interpreteris,
620 1724 2180 1821 tum fortior etiamnum erit nostra conclu
619 1824 2185 1942 sio. Ecquis enim hominis testamento quid
627 1920 2179 2037 piam audeat adiicere? Quod si non licet ho
626 2018 2173 2140 minis testamento, quanto minus diuini Te
619 2121 1261 2220 stamenti tabulis?
723 2217 2188 2332 Si ad finem usque mundi nullos alios li
620 2314 2194 2431 bros Canonicos debemus expectare praeter eos
611 2411 2187 2533 quos habemus in Scriptura veteris & noui Te
618 2513 2186 2630 stamenti: sequitur Scripturam sacram esse nu
607 2609 1535 2725 meris omnibus ab solutam.
713 2713 1524 2805 Antecedens est verum.
713 2809 2194 2933 Verum est igitur & consequens, & ut con
621 2906 2201 3021 sequentis Scriptura non habet opus ullis tradi
616 3009 1350 3117 tionibus non scriptis.
730 3105 2193 3221 Connexum hypotheticum satis est per
616 3200 2179 3325 spicuum, praesertim quum Deus sit author Scri
