2446 3914
659 273 2210 381 cticae virtus est naturas rerum distincte di
657 370 2201 492 uidere, quae sunt affinia dignoscere, & dis
666 474 2206 588 cernere contraria. Augustinus autem
676 570 2210 684 verum vsum τζοπον παιδειας a Sophistarum
658 666 2215 780 abusu discernens, Si Dialectica, inquit, est
661 762 2209 877 scientia veritatis, sic illam nouit sapiens
670 865 2213 980 vt Sophistarum calumnias contemnendo
673 946 2210 1076 enecet. Sed nihil est praeclarius hoc eiusdem
661 1049 2202 1176 Augustini testimonio: Dialectica, inquit,
664 1152 2207 1269 est disciplina disciplinarum quae docet do
658 1249 2207 1365 cere ac discere, quae scit scire, & alios scien
658 1346 2207 1467 tes facere. Haec ille. Quae quum ita sint,
665 1442 2216 1566 maneat sua laus huic praestantissimae disci
681 1545 2248 1666 plinae, & affifrmemus eos non satis recte ra
667 1641 2207 1756 tiocinari, qui hodie adversus recte ratioci
666 1737 1670 1853 nandi scientiam insurgunt.
732 1827 2223 1965 Hic autem fortasse a nobis quaerat aliquis,
658 1929 2223 2052 num hac nostra commendatione scripta
685 2018 2220 2157 quoque Scholasticorum Doctorum compre
683 2128 2224 2245 hendamus, eorum praesertim qui iampridem
684 2226 2226 2317 ex Lombardi fontibus fluxerunt: & num
669 2321 2222 2436 ea existimemus ad veram illam disciplinam
682 2418 2227 2540 αναλυτικην esse referenda. Equidem vt nolim
674 2513 2221 2637 de tot viris ferre sententiam (quorum la
670 2617 2231 2731 boribus & industriae per me licet suus ho
666 2714 2225 2828 nos tribuatur.) ita non verebor quid de hac
670 2809 2225 2925 re sentiam libere & ingenue profiteri: sem
684 2913 2237 3021 per tamen intra meae tenuitatis cancellos
680 3010 2237 3125 meipsum continens. Ioannes Duns, Scotus
678 3105 2235 3221 ille quem subtilem Doctorem vulgo appel
658 3202 2231 3317 lant, ait alicubi Theologicos doctores tan
