2446 3918
630 306 2193 435 lis Scripturae testimoniis: an praeter Scriptu
621 416 2200 533 ram addendae sint etiam traditiones, quibus
636 499 2184 628 eadem fides quae Scripturae adhibeatur. Ni
642 601 2194 724 hil autem tale reperias in illis testimoniis
642 704 2198 821 quae Apostoli vsurparunt, vt ante diximus.
633 801 2196 918 Ne dicam, non satis recte ab Apostolis ad
634 890 1947 1021 nons, in hac causa, argumentum duci.
722 1000 1975 1093 Deducamus Pontificios ες αδενατον.
742 1096 2188 1213 Si, quia Apostoli quaedam citarunt ex libris
631 1195 2196 1308 non canonicis: ideo sequitur Apostolos libris illis
635 1289 2200 1404 & similibus authoritatem in causa fidet tribuis
636 1392 2180 1509 se. Ergo quia Apostoli quidam citarunt ex li
636 1489 2197 1605 bris Ethnicorum, sequetur Apostolos in causa fi
635 1584 2202 1723 dei, authoritatem libris Ethnicorum tribuisse
629 1688 1318 1797 αδενατον & εονοδοδον.
603 1784 2188 1902 Retorqueamus obiectionem hoc modo,
713 1888 2181 2005 Si Apostoli nunquam citarunt veterum tra
635 1977 2189 2094 ditiones, nisi ad illustranda ea quae firmissimis
605 2082 2181 2204 Scripturae testimoniis nituntur. Quanto minus
630 2177 2182 2290 debemus citare veterum traditiones ad ea pro
623 2271 2164 2396 banda quae Scripturae testimoniis destitunutur.
680 2378 2188 2493 Sic igitur corrigendus est error huius ob
621 2472 2192 2573 iectionis, vt dicamus Auostolos cum se ad
591 2554 2188 2683 captum hominum accommotarennis, vt eos
585 2673 2194 2774 smelius vel commoverent, vel conuincerent,
610 2761 2177 2890 vsos aliquando fuisse libris Apocryphis, at
630 2865 2196 2975 que etiam Ethnicorum sententiis: nimirum
630 2960 2163 3077 cum de iis rebus dissererent, quarum veri
583 3057 1882 3171 tas manifeste lucebat in Scriptura.
727 3147 2193 3276 Haeretici scripta Pauli detorquebant etiam
563 3258 2194 3373 Apostolorum temporibus, & notum est haereti
