2446 3918
621 251 2193 374 clesis visibilibus, cum a verbo Dei recedant.
627 377 2176 499 Propono exemplum Synagogae, quae reli
635 455 2197 589 giose seruauit canonem Scripturae, & nihi
632 562 2186 662 lominus innumerabiles errores habuit. lta
635 665 2201 796 que illi credendum fuit quum diceret libros
642 754 2194 884 canonicos fuisse a Spiritu Dei profectos.
638 857 2201 978 Rursus illi credendum non fuit, quum Chri
633 947 2189 1085 sti doctrinam reiiceret. Quamobrem Chri
626 1050 2214 1157 stus dicebat Scribas & Pharisaeos sedentes
635 1145 2204 1271 in cathedra Mosis esse audiendos, quorum
645 1249 2206 1366 tamen traditiones alibi reprehendit. Ex quo
645 1345 2190 1468 efficitur, illis fuisse & ea parte credendum,
641 1433 2194 1565 &eam partem non credendum Assumptum igi
638 1538 2197 1661 tur verum non est: ac propterea non tenet
630 1634 2110 1750 consequentia. Error     .
707 1731 2195 1838 Abducamus ad incommodum. Tertullia
615 1825 2199 1970 ni temporibus Ecclesia dicebat oblationem pro
619 1913 2203 2051 natalitiis esse tradumlonem Apostolicam at tem
623 2026 2195 2163 poribus Nicenae Synodi, Ecclesia dixit oblatio
622 2122 2192 2253 nem pro natalitiis non esse traditionem Aposto
614 2225 2187 2371 licam (ut suo loco probauimus.) Ergo si non pos
614 2322 2196 2452 sumus ex parte credere Ecclesiae, & ex parte non
610 2425 2192 2549 credere, nobis simul credenda erunt ea quae sunt
626 2521 1524 2637 opposita. .
696 2617 2195 2733 Retorqueamus obiectionem hoc modo,
733 2715 2198 2838 Quisquis dicit Scripturam esse verbum Dei
613 2818 2199 2940 cui nos credere oporteat, & simul recipiendas esse
615 2914 2042 3036 traditiones non scriptas, pugnantia dicit.
713 3010 2199 3133 Pontificiorum Ecclesia dicit Scripturam esse
609 3106 2195 3236 verbum Dei cui credere oporteat, & simul re
592 3210 1879 3333 cipiendas esse traditiones non scriptas.
