2446 3918
340 257 1813 396 Quare Ecclesia Pontificiorum pugnantia di
250 369 1810 493 cit, & vi consequentis necesse est illi ex parte
247 457 1816 596 credere, & ex parte no credere. Et si valet quod
254 561 1814 693 proponunt nos non posse Ecclesiae ex parte crede
245 656 1813 788 re, & ex parte non credere, certe efficitur ex eo
245 752 1811 885 rum argumento Pontificiorum, Ecclesiam non
254 865 932 973 vere dici Ecclesiam.
341 952 1787 1077 Maioris propositionis veritas ita patet.
248 1040 1800 1165 Si me iubes credere Scripturae, certe credam
249 1145 1771 1261 nihil addendum esse Scripturae, quia id no
256 1241 1804 1366 minatim cauetur in Scriptura, vt fusius supra
268 1337 1805 1480 docuimus. ltaque laudatur haec sententia
274 1432 1793 1571 Tertulliani: Quu credimus, inquit, hoc pri
256 1529 1804 1653 mum credimus, non esse quod vltra crede
252 1632 1798 1749 re debeamus. Iam si sumas in manus tra
261 1722 1801 1868 ditiones istas Pontificiorum, facile videbis
263 1819 1800 1950 eas non tantum esse addititias, sed etiam pla
262 1923 1826 2052 ne contrarias expressis Scripturae locis. lta
263 2025 1844 2149 fit vt non possim credere Scripturae, & tra
268 2129 1102 2260 ditionibus Pontificiis.
358 2210 1812 2342 Corrigendus est igitur error superioris
276 2305 1821 2434 obiectionis in hunc modum. Cum solus
268 2409 1806 2524 sit Deus cui in solidum credere deneamus,
297 2506 1817 2637 (si vere & proprie loquimur) diligenter no
283 2602 1825 2741 bis cauendum est, ne pietatis specie in erro
276 2697 1814 2829 rem abducamur. Quia vero nomen Eccle
275 2783 1827 2933 siae speciosum est, si quid nobis proponitur
276 2889 1797 3021 Ecclesiae nomine, debemus attente conside
284 2984 1828 3116 rare an sit vox verae Ecclesiae, nencne. Vt id
282 3074 1823 3222 posimus ditm,olttto, oitiuboaditum dtue
282 3177 1875 3323 pum Dei, nobis in Scriptura propositum, a
