2446 3918
244 217 1811 331 lius confirmationem. Siquis aliter vobis
248 313 1824 436 euangelixat quam euangelixauimus, ana
274 408 1809 540 thema sit, inquit Paulus. Item, Denuntia
251 505 1819 620 ne diuersam doctrinam doceant ξν ετνοδι
263 609 1804 708 θατκαλον. ltem, Obseruate dissidiorum auto
261 705 1821 825 res praeter doctrinam quam vos didicistis, &
265 801 1815 918 declinate ab eis. ltem, si quis aliter docet i
266 905 1807 1021 τροθατκαλο, is turget, nihil sciens, & c. ltem,
266 1001 1828 1116 Doctrinis variis ac peregrinis ne circumfe
260 1097 1820 1214 ramini: & pleraque alia in hanc sententiam,
263 1193 1827 1316 Ac ne forte dicant Pontificij superiores lo
267 1291 1827 1412 cos esse de verbo tradito & non scripto in
267 1394 1839 1507 telligendos, ut taceam quae copiosius hac de
269 1488 1847 1606 re a nobis antea disputata sunt, hoc vnum
266 1584 1828 1709 ex illis quaeram: num existiment Aposto
270 1682 1840 1819 los aliquid viua voce tradidisse quod non
267 1784 1831 1899 fuerit iis consentaneum quae scripserunt:
257 1880 1831 2006 negabunt certe. quare velint nolint huc sem
280 1976 1842 2102 per redeant necesse est, hanc nostram regu
267 2073 1829 2188 iam esse certissimam: veterum Doctorum
271 2170 1835 2293 scripta hactenus esse recipienda, quatenus
275 2272 1827 2380 cum sacris literis conueniunt. Sed si vete
265 2368 1837 2503 res ipsos nobis assentientes audiant, in spe
281 2457 1829 2581 venio nihil dubitationis reliquum fore quin
270 2562 1780 2683 nobiscum superiorem regulam recipiant.
361 2657 1810 2796 Sic igitur Origenes, Nobis necesse est Scri
267 2752 1839 2892 pturas ianctas in testimonium  vocare, sensus quip
274 2864 1849 2981 pe nostri & enarrationes sine his testibus non
288 2961 1831 3077 habent fidem. lter, Sicut omne aurum extra
287 3056 1828 3182 templum non est sanctificatum: sic omnis sen
280 3152 1846 3292 sus qui fuerit extra Scripturam non est sanctus.
