2446 3918
714 257 2208 375 Tertuirruus Quid contrarium
651 352 2208 474 nobis in nostris? (loquitur autem de Sacris li
648 451 1859 584 teris) ltem, Quod sumus, hoc sunt.
747 544 2211 668 Curroostous. Siquid dicitur alsi
640 649 2203 787 que Scriptura, auditorum cogitatio claudicat.
718 745 2207 867 Hierorrmvs. Exceptis Apostolis, quod
648 842 2209 966 cunque postea dicetur, abscindatur, non habeat
651 963 1150 1045 authoritatem.
723 1041 2205 1141 Nucustirus. Noli contra diuina te
651 1137 2210 1261 stimonia colligere calumnias ex Episcoporum
645 1246 2200 1374 scriptis, ut Hilarij, Cypriani, &c. quia hoc ge
638 1338 2201 1461 nus literarum ab authoritate canonis distin
646 1435 2203 1569 guendum est. Non enim sic leguntur, ut contra
634 1536 2201 1660 sentire non liceat, sicubi forte aliter senserint
646 1630 2202 1764 quam veritas postulat. ltem, Nec Catholicis
648 1736 2200 1860 Episcopis consentiendum est, sicubi falluntur, vt
649 1833 2195 1950 contra canonicas Scripturas aliquid sentiant.
658 1929 2206 2060 ltem, Ego solis us Scripturarum libris qui iam
667 2033 2207 2157 Canonici appellantur, didici hunc timorem ho
654 2130 2207 2252 noremque deferre vt nullum eorum authorum
668 2226 2198 2350 scribendo aliquid errasse, firmissime credam.
654 2328 2213 2452 Alios autem ita lege, vt quantalibet sanctita
647 2425 2195 2549 te doctrinae praepolleant, non ideo verum putem,
651 2528 2208 2653 quia ipsi ita senserunt, sed quia mihi vel peril
640 2626 2201 2749 los autbores Canonicos vel probabili rationem,
654 2721 2179 2858 quod a vero non abhorreat, persuadere potue
652 2822 2204 2948 runt. Haec ille, quae Pontificij postea in sua De
641 2920 2212 3037 creta retulerunt: adeo vt iam negare superiorem
643 3018 2216 3163 regulam non possint, ne sua ipsi Decreta prodere
