2446 3914
594 273 2151 391 storum vocatione & ordinatione (de
602 387 2174 525 qua nos aliquid ante duos annos scri
615 504 2142 636 psimus adversus Turrianum Pseudo
600 609 2145 748 nynum, rem ipsam copiosius tractatu
610 722 2157 861 ri, postquam novum dederit scribendi
611 832 2155 972 argumentum) De libero arbitrio, De
612 945 2149 1085 Purgatorio, & consimiles, huic substra
605 1057 2140 1196 ctae disput actioni, adiici poterunt. At
608 1168 2141 1301 que hoc quidem factum iri a vobis con
610 1273 2164 1406 fido, vel ex hac methodo quam sequu
611 1393 2169 1526 tus sum, vel ex ea quam vos ipsis me
606 1512 1547 1614 liorem iudicabitis.
789 1610 2170 1748 Quamobrem peto a Pontificiis, prae
601 1729 2136 1869 sertim ab iis qui sibi disputandi scien
612 1833 2174 1973 tiam imprimis arrogant, vt eam ex scho
602 1945 2176 2078 lae vmbraculis in solem atque pulue
612 2056 2157 2188 rem, adeoque in ipsam aciem perdu
619 2169 2157 2301 cant, & omni simultate deposita, con
612 2281 2162 2421 utiisque omnibus valere iusis, mode
599 2392 2165 2524 rate, pacatisque animis nostram hanc
605 2512 2146 2630 tractationem excutiant: atque in eun
618 2610 2171 2749 dem disputationis orbem nobiscum
617 2728 2162 2860 ingressi, notent, quid reprehendendum
612 2833 2168 2966 existimarint, argumenta nostra sol
612 2947 2147 3069 uant, & vicissim suam sententiam con
601 3057 2149 3189 firmare conentur, planis atque perspi
608 3169 2141 3309 cuis syllogismis: sic enim futurum spe
