2433 3544
375 277 63 73 ⁋
401 277 75 73 3a
438 277 163 73 conclusio
564 277 100 73 est.
626 277 100 73 quod
689 277 138 73 habitus
789 277 176 73 charitatis
927 277 163 73 acquisite
1053 277 125 73 potest
1128 277 163 73 naturaliter

367 326 98 67 per
423 326 126 67 actus
507 326 196 67 contrarios
661 326 210 67 generatiuos
829 326 266 67 incompossibiles
1052 326 112 67 eius
1122 326 154 67 habitus
1220 326 70 67 mi-

386 371 100 58 nui:
448 371 75 58 et
485 371 87 58 hoc
535 371 124 58 patet:
622 371 100 58 quia
684 371 112 58 omnis
759 371 137 58 habitus
858 371 187 58 naturaliter
1008 371 187 58 generabilis
1157 371 75 58 et
1182 371 112 58 augmen-

382 412 137 61 tabilis
481 412 87 61 per
531 412 112 61 actus
605 412 87 61 est
655 412 87 61 per
704 412 174 61 contrarios
841 412 112 61 actus
915 412 223 61 corruptibilis:
1101 412 74 61 et
1139 412 74 61 vt
1176 412 112 61 patet
1238 412 62 61 mi-

380 456 147 58 nuibilis:
493 456 68 58 vt
527 456 68 58 2o
561 456 102 58 ethi.
629 456 113 58 patet:
709 456 68 58 et
743 456 170 58 experientia
879 456 125 58 probat.
969 456 57 58 ⁋
992 456 68 58 4a
1026 456 147 58 conclusio
1140 456 79 58 est
1185 456 91 58 quod
1230 456 57 58 ha-

380 500 124 60 bitus
463 500 193 60 charitatis
615 500 138 60 infuse
711 500 96 60 non
766 500 138 60 potest
863 500 96 60 per
918 500 124 60 actus
1001 500 152 60 nostros
1111 500 83 60 et
1138 500 152 60 demerito-

381 546 96 54 rie
436 546 124 54 minui
519 546 138 54 stante
615 546 207 54 ordinatione
781 546 151 54 diuina.
891 546 96 54 hec
946 546 179 54 probatur:
1083 546 110 54 quia
1152 546 83 54 si
1180 546 110 54 posset

381 593 96 53 sic
436 593 138 53 minui:
533 593 96 53 vel
588 593 207 53 contingeret
753 593 96 53 per
808 593 165 53 peccatum
932 593 165 53 mortale:
1056 593 96 53 vel
1111 593 96 53 per
1152 593 138 53 veniale-

384 634 94 57 non
437 634 94 57 per
491 634 161 57 mortale:
611 634 107 57 quia
678 634 121 57 illud
759 634 174 57 totaliter
893 634 134 57 tollit
987 634 188 57 charitatem
1134 634 80 57 et
1174 634 94 57 non
1215 634 80 57 per-

377 672 122 60 mittit
462 672 110 60 secum
535 672 134 60 aliquem
633 672 122 60 gradum
718 672 110 60 eius:
792 672 146 60 alioquin
902 672 171 60 sequeretur
1036 672 98 60 quod
1097 672 98 60 idem
1158 672 98 60 homo
1207 672 85 60 simul

376 716 137 63 esset
467 716 153 63 dignus
574 716 137 63 morte
666 716 107 63 seu
727 716 214 63 damnatione
894 716 168 63 eterna:
1016 716 92 63 et
1062 716 153 63 gloria
1169 716 107 63 seu
1215 716 76 63 vi-

386 761 70 56 ta
421 761 127 56 eterna:
514 761 93 56 quod
572 761 81 56 est
618 761 185 56 impossibile:
769 761 93 56 quia
827 761 70 56 si
862 761 70 56 in
896 761 93 56 tali
954 761 104 56 statu
1024 761 151 56 decederet
1140 761 104 56 simul
1198 761 104 56 haberet

378 806 124 62 gloriam
468 806 135 62 eternam:
569 806 68 62 et
603 806 101 62 illam
670 806 79 62 non
715 806 135 62 haberet.
817 806 68 62 Et
850 806 180 62 consequentia
997 806 113 62 patet:
1075 806 90 62 quia
1132 806 135 62 peccatum
1222 806 68 62 mor-

386 853 98 51 tale
447 853 86 51 est
496 853 86 51 per
545 853 98 51 quod
606 853 98 51 homo
667 853 135 51 meretur
765 853 122 51 mortem
851 853 147 51 eternam:
961 853 73 51 vt
997 853 110 51 dicit
1071 853 147 51 Magistri
1181 853 86 51 2o:
1218 853 73 51 sen-

375 891 196 61 tentiarum.
529 891 112 61 dis.
599 891 84 61 4.
642 891 84 61 2.
684 891 112 61 Sola
754 891 112 61 vero
824 891 168 61 charitas
950 891 154 61 diuidit
1062 891 126 61 inter
1147 891 140 61 filios
1231 891 70 61 re-

387 935 95 62 gni
441 935 135 62 eterni
535 935 81 62 et
576 935 135 62 filios
670 935 203 62 perditionis
832 935 149 62 eterne:
940 935 81 62 vt
981 935 122 62 dicit
1062 935 108 62 Aug.
1129 935 95 62 15.
1183 935 81 62 de
1210 935 81 62 tri-

381 979 68 59 ⁋
409 979 109 59 Item
476 979 95 59 non
531 979 136 59 potest
626 979 122 59 minui
707 979 95 59 per
762 979 163 59 peccatum
884 979 163 59 veniale:
1006 979 163 59 alioquin
1128 979 136 59 posset
1210 979 81 59 quis

381 1021 137 60 habens
477 1021 192 60 charitatem
628 1021 137 60 absque
724 1021 151 60 peccato
834 1021 151 60 mortali
944 1021 96 60 per
999 1021 151 60 veniale
1109 1021 165 60 praecise
1218 1021 69 60 dam

385 1065 117 61 nari:
463 1065 104 61 quod
528 1065 91 61 est
580 1065 143 61 falsum.
684 1065 91 61 Nam
736 1065 156 61 peccatum
852 1065 143 61 veniale
956 1065 91 61 est
1008 1065 104 61 quod
1073 1065 143 61 hominem
1177 1065 117 61 vsque
1242 1065 52 61 in

376 1107 151 58 reatum
482 1107 182 58 perpetue
618 1107 151 58 mortis
724 1107 106 58 non
784 1107 166 58 grauat:
906 1107 212 58 verumtamen
1072 1107 136 58 penam
1148 1107 151 58 meretur:

384 1153 96 55 sed
439 1153 137 55 facile
535 1153 205 55 indulgetur:
699 1153 82 55 vt
740 1153 123 55 dicit
822 1153 164 55 Magistri
945 1153 96 55 vbi
1000 1153 123 55 esgra
1082 1153 109 55 Quod
1150 1153 82 55 ex
1178 1153 109 55 senten

377 1196 94 57 tia
430 1196 161 57 apostoli
551 1196 201 57 confirmatur
712 1196 94 57 cum
766 1196 121 57 prima
847 1196 81 57 ad
887 1196 148 57 corith.
994 1196 121 57 dicit
1075 1196 81 57 de
1115 1196 81 57 eo
1156 1196 94 57 qui
1196 1196 94 57 super

379 1237 209 63 fundamentum
546 1237 167 63 edificat
671 1237 139 63 lignum
769 1237 125 63 fenum
852 1237 181 63 stipulam:
992 1237 97 63 per
1047 1237 111 63 que.
1117 1237 84 63 vt
1159 1237 97 63 ibi
1201 1237 97 63 dicit

371 1282 145 61 glosa
468 1282 97 61 ex
516 1282 242 61 auctoritate
709 1282 145 61 Greg.
806 1282 97 61 4o
854 1282 226 61 dyalogorum
1031 1282 209 61 apostolus
1176 1282 113 61 intel

382 1323 114 61 ligit
459 1323 140 61 peccata
560 1323 153 61 venialia
675 1323 102 61 quod
738 1323 102 61 ipse
802 1323 127 61 saluus
891 1323 114 61 erit:
967 1323 89 61 sic
1018 1323 114 61 tamen
1095 1323 114 61 quasi
1171 1323 89 61 per
1209 1323 89 61 ignem

374 1373 132 54 scilicet
473 1373 176 54 purgatorium.
616 1373 176 54 consequentia
759 1373 88 54 vero
814 1373 110 54 patet:
891 1373 121 54 quoniam
979 1373 66 54 si
1012 1373 66 54 in
1045 1373 110 54 aliquo
1122 1373 77 54 sit
1166 1373 99 54 valde
1221 1373 77 54 parua

380 1412 186 63 charitas
520 1412 93 63 et
567 1412 202 63 committat
722 1412 217 63 leuissimum
893 1412 186 63 peccatum
1033 1412 171 63 veniale
1157 1412 93 63 si
1188 1412 93 63 dimi

385 1454 144 66 nuatur
485 1454 172 66 charitas
615 1454 158 66 ponatur
730 1454 115 66 quod
801 1454 187 66 centesima
945 1454 115 66 pars
1017 1454 201 66 charitatis
1161 1454 129 66 corrum-

384 1499 137 65 patur:
480 1499 191 65 sequeretur
630 1499 109 65 quod
699 1499 82 65 si
740 1499 123 65 istud
822 1499 205 65 committeret
985 1499 109 65 vnum
1054 1499 123 65 aliud
1136 1499 150 65 veniale
1231 1499 55 65 in

377 1543 180 59 centuplo
512 1543 180 59 grauius.
647 1543 105 59 Nam
707 1543 90 59 et
752 1543 135 59 inter
842 1543 180 59 venialia
976 1543 120 59 sunt
1051 1543 120 59 alia
1126 1543 135 59 aliis
1201 1543 90 59 gra-

376 1588 128 57 uiora:
466 1588 77 57 vt
504 1588 115 57 etiam
581 1588 115 57 ibide
657 1588 128 57 patet.
747 1588 77 57 in
785 1588 128 57 glosa:
874 1588 77 57 et
913 1588 141 57 amplius
1015 1588 128 57 innuit
1104 1588 89 57 per
1155 1588 115 57 illas
1219 1588 77 57 tres

379 1631 106 56 res
440 1631 212 56 nominatas)
606 1631 106 56 vel
667 1631 91 56 si
713 1631 152 56 centum
819 1631 152 56 quorum
925 1631 197 56 quodlibet
1077 1631 106 56 sit
1137 1631 137 56 maius
1213 1631 76 56 ve-

377 1673 147 55 equale
480 1673 132 55 primo
568 1673 205 55 successiue
730 1673 235 55 committeret:
920 1673 176 55 sequitur
1052 1673 117 55 quod
1126 1673 117 55 tota
1185 1673 117 55 chari-

378 1715 102 57 tas
437 1715 219 57 tolleretur:
612 1715 87 57 ac
655 1715 102 57 per
714 1715 102 57 hoc
772 1715 87 57 si
816 1715 117 57 tunc
889 1715 190 57 decederet
1035 1715 219 57 damnaretur.
1210 1715 73 57 ⁋
1224 1715 73 57 Nec

382 1770 125 53 potest
469 1770 100 53 dici
531 1770 100 53 esse
594 1770 100 53 fuga
656 1770 75 53 vt
694 1770 137 53 dicatur
794 1770 100 53 quod
856 1770 87 53 per
906 1770 75 53 2m
943 1770 87 53 non
993 1770 187 53 corrumpitur
1143 1770 125 53 tantus
1218 1770 75 53 gra-

390 1803 93 54 dus
443 1803 119 54 chari
522 1803 119 54 tatis
602 1803 146 54 quantus
708 1803 93 54 per
761 1803 146 54 primum:
867 1803 93 54 sed
920 1803 159 54 medietas
1040 1803 119 54 eius:
1119 1803 80 54 et
1159 1803 93 54 per
1212 1803 80 54 3m
1239 1803 66 54 me-

377 1846 138 58 dietas
474 1846 138 58 illius
570 1846 206 58 medietatis:
735 1846 83 58 et
776 1846 96 58 sic
831 1846 138 58 semper
928 1846 96 58 per
983 1846 138 58 partes
1079 1846 151 58 minores
1175 1846 124 58 eiusdem

388 1891 207 63 proportionis:
558 1891 97 63 quia
619 1891 85 63 per
668 1891 110 63 maius
741 1891 158 63 peccatum:
863 1891 85 63 vel
911 1891 110 63 etiam
985 1891 85 63 per
1033 1891 122 63 equale
1119 1891 158 63 posterius
1228 1891 61 63 con

386 1933 135 63 missum
480 1933 94 63 non
534 1933 121 63 minus
615 1933 162 63 corrumpi
736 1933 135 63 debet:
830 1933 108 63 quam
898 1933 94 63 per
952 1933 148 63 primum:
1059 1933 108 63 immo
1127 1933 135 63 potius
1208 1933 94 63 plus:

379 1978 92 57 cum
431 1978 79 57 2m
471 1978 92 57 non
523 1978 170 57 excusetur
654 1978 92 57 per
706 1978 144 57 primum:
811 1978 92 57 sed
864 1978 131 57 potius
955 1978 197 57 aggrauetur.
1113 1978 92 57 Nec
1165 1978 118 57 valet
1230 1978 66 57 di-

377 2027 120 49 cere
452 2027 120 49 quod
527 2027 120 49 ante
602 2027 240 49 corruptionem
797 2027 165 49 totalem
917 2027 210 49 charitatis
1082 2027 195 49 oportebit
1217 2027 75 49 to-

386 2068 164 56 venialia
509 2068 191 56 committere
660 2068 109 56 quod
728 2068 82 56 si
769 2068 164 56 vlterius
892 2068 137 56 peccet
988 2068 123 56 illud
1070 2068 164 56 peccatum
1193 2068 96 56 non
1234 2068 55 56 po

384 2117 124 52 terit
467 2117 111 52 esse
536 2117 166 52 veniale:
660 2117 97 52 sed
716 2117 193 52 necessario
868 2117 111 52 erit
937 2117 166 52 mortale:
1061 2117 83 52 et
1103 2117 97 52 per
1158 2117 124 52 illud
1227 2117 69 52 to-

386 2156 139 53 taliter
487 2156 152 53 charitas
601 2156 202 53 corrumpetur:
765 2156 88 53 non
816 2156 114 53 valet
892 2156 139 53 inquam:
993 2156 139 53 quoniam
1094 2156 177 53 quitcumque
1220 2156 76 53 pec-

391 2203 117 48 catis
469 2203 182 48 mortalibus
612 2203 169 48 commissis
743 2203 117 48 adhuc
821 2203 130 48 potest
912 2203 104 48 quis
977 2203 91 48 est
1029 2203 156 48 antequam
1147 2203 143 48 gratiam
1238 2203 65 48 su-

385 2238 146 58 scipiat
491 2238 186 58 committere
638 2238 146 58 aliquod
744 2238 160 58 veniale:
864 2238 107 58 ergo
931 2238 120 58 multo
1010 2238 146 58 fortius
1117 2238 107 58 post
1170 2238 120 58 quotcum

387 2281 98 67 que
443 2281 168 67 venialia
569 2281 140 67 potest
667 2281 126 67 aliud
751 2281 154 67 veniale
863 2281 196 67 comittere:
1017 2281 84 67 et
1059 2281 98 67 sic
1115 2281 98 67 per
1157 2281 140 67 venialia

389 2326 160 55 precise
506 2326 190 55 totaliter
652 2326 175 55 charitas
783 2326 233 55 corrumpetur.
973 2326 73 55 ⁋
1002 2326 102 55 Nec
1061 2326 131 55 valet
1148 2326 146 55 dicere
1236 2326 58 55 3o

391 2378 131 51 sicut
479 2378 131 51 dicit
566 2378 145 51 quidam
667 2378 174 51 modernus
798 2378 116 51 quod
870 2378 116 51 ante
943 2378 160 51 totalem
1059 2378 232 51 corruptionem
1233 2378 58 51 oc

398 2420 145 49 curreret
507 2420 133 49 materia
603 2420 145 49 alicuius
712 2420 169 49 praecepti:
844 2420 97 49 quod
905 2420 84 49 vel
953 2420 97 49 ipse
1013 2420 157 49 implebit:
1134 2420 72 49 et
1170 2420 97 49 tunc
1219 2420 84 49 reau-

394 2458 139 60 gebitur
496 2458 152 60 charitas
610 2458 139 60 ipsius:
711 2458 89 60 vel
762 2458 241 60 transgredietur:
964 2458 76 60 et
1002 2458 89 60 per
1053 2458 177 60 consequens
1179 2458 127 60 peccabit

383 2507 189 54 mortaliter:
534 2507 76 54 et
572 2507 151 54 charitas
685 2507 138 54 propter
786 2507 138 54 mortale
887 2507 164 54 perdetur.
1013 2507 88 54 Non
1063 2507 113 54 valet
1138 2507 138 54 inquam:
1227 2507 76 54 quia

385 2546 110 55 libet
458 2546 123 55 possit
544 2546 135 55 materia
642 2546 147 55 precepti
753 2546 172 55 occurrere:
887 2546 86 55 non
936 2546 110 55 tamen
1010 2546 86 55 est
1059 2546 147 55 necesse:
1169 2546 98 55 quin
1218 2546 74 55 immo

389 2589 171 56 postquam
517 2589 157 56 incepit
631 2589 171 56 charitas
760 2589 128 56 minui
845 2589 186 56 possibile
988 2589 114 56 erit
1059 2589 114 56 labi
1131 2589 128 56 satis
1202 2589 100 56 gran-

388 2636 75 55 de
426 2636 125 55 tempus
514 2636 150 55 antequam
626 2636 150 55 occurrat
739 2636 100 55 sibi
801 2636 138 55 taliter
902 2636 138 55 materia
1002 2636 163 55 praecepti
1127 2636 75 55 vt
1164 2636 75 55 in
1202 2636 75 55 ea
1227 2636 75 55 pec-

383 2677 100 52 cet
440 2677 100 52 vel
497 2677 185 52 mereatur:
640 2677 86 52 et
682 2677 86 52 in
725 2677 114 52 illo
796 2677 157 52 tempore
911 2677 228 52 multiplicari
1096 2677 171 52 venialia
1210 2677 100 52 donec

388 2720 190 50 totaliter
534 2720 175 50 auferant
666 2720 219 50 charitatem.
841 2720 73 50 ⁋
870 2720 102 50 Nec
928 2720 131 50 valet
1016 2720 146 50 vltima
1118 2720 88 50 et
1162 2720 117 50 alia
1220 2720 88 50 solu

390 2764 90 51 tio
442 2764 142 51 eiusdem
545 2764 90 51 qua
596 2764 116 51 dicit
674 2764 103 51 quod
738 2764 90 51 per
790 2764 142 51 peccata
893 2764 155 51 venialia
1009 2764 168 51 possibile
1137 2764 90 51 est
1176 2764 129 51 charita-

387 2807 102 52 tem
446 2807 131 52 minui
533 2807 131 52 vsque
620 2807 87 52 ad
663 2807 160 52 totalem
779 2807 232 52 corruptionem
968 2807 203 52 exclusiue:
1128 2807 102 52 sic
1186 2807 116 52 quod
1244 2807 58 52 in

395 2851 175 55 instanti
527 2851 161 55 totalis
644 2851 102 55 seu
702 2851 175 55 complete
834 2851 234 55 corruptionis
1024 2851 117 55 ipse
1097 2851 146 55 peccat
1185 2851 117 55 morta-

385 2894 126 53 liter:
474 2894 101 53 quia
537 2894 151 53 scilicet
650 2894 88 53 non
700 2894 126 53 seruat
789 2894 176 53 charitatem
927 2894 101 53 quam
990 2894 139 53 seruare
1091 2894 139 53 tenetur
1192 2894 88 53 sub
1229 2894 76 53 pena

391 2936 156 54 peccati
504 2936 185 54 mortalis.
646 2936 99 54 hoc
703 2936 142 54 inquam
803 2936 99 54 non
860 2936 142 54 valet:
959 2936 114 54 quia
1030 2936 85 54 ad
1073 2936 185 54 seruandum
1215 2936 85 54 in
1243 2936 71 54 se-

394 2985 159 48 habitum
509 2985 203 48 charitatis
668 2985 145 48 infuse
770 2985 87 48 de
813 2985 101 48 qua
871 2985 101 48 est
929 2985 130 48 sermo
1016 2985 116 48 (cum
1088 2985 116 48 ille
1160 2985 101 48 sit
1204 2985 101 48 imme-

386 3033 113 45 diate
462 3033 63 45 a
487 3033 88 45 deo
538 3033 76 45 in
575 3033 126 45 nobis:
664 3033 76 45 et
702 3033 76 45 ab
739 3033 76 45 eo
777 3033 101 45 solo
840 3033 202 45 conseruetur:
1004 3033 76 45 ac
1042 3033 88 45 per
1092 3033 88 45 hoc
1143 3033 101 45 eius
1193 3033 101 45 conser

389 3065 129 70 uatio
475 3065 100 70 non
532 3065 100 70 sit
589 3065 186 70 immediate
733 3065 115 70 modo
804 3065 143 70 aliquo
905 3065 86 70 in
948 3065 143 70 homnis
1048 3065 201 70 potestate)
1191 3065 115 70 nullus

1331 262 151 78 taliter
1441 262 164 78 tenetur:
1564 262 96 78 sed
1619 262 123 78 solum
1701 262 110 78 modo
1770 262 151 78 tenetur
1879 262 82 78 ad
1920 262 96 78 non
1975 262 219 78 committendum
2153 262 82 78 et
2181 262 68 78 non

1328 302 197 72 omittendum
1483 302 155 72 aliquod
1595 302 84 72 ex
1638 302 99 72 quo
1694 302 113 72 sibi
1764 302 169 72 charitas
1891 302 225 72 subtrahatur:
2074 302 113 72 ergo
2144 302 84 72 si
2173 302 84 72 iste

1333 348 159 75 perdat
1444 348 222 75 charitatem
1619 348 238 75 demeritorie
1809 348 174 75 aliquid
1936 348 159 75 omisit
2047 348 111 75 vel
2094 348 159 75 commisit

1331 389 109 69 quod
1400 389 96 69 est
1454 389 123 69 causa
1536 389 205 69 demeritoria
1700 389 219 69 corruptionis
1878 389 205 69 charitatis:
2042 389 82 69 et
2083 389 96 69 non
2124 389 123 69 ponitur

1335 437 139 63 aliqua
1433 437 84 63 in
1474 437 125 63 casu:
1558 437 111 63 nisi
1627 437 125 63 culpa
1711 437 181 63 venialis:
1850 437 111 63 ergo
1920 437 97 63 per
1975 437 111 63 sola
2045 437 167 63 venialia
2156 437 84 63 cha-

1338 473 104 75 ritas
1408 473 139 75 perdetur
1512 473 162 75 totaliter.
1639 473 58 75 ⁋
1662 473 139 75 Didededm
1766 473 92 75 ergo
1824 473 104 75 sicut
1893 473 162 75 communiter
2020 473 127 75 tenetur
2112 473 92 75 quod
2159 473 92 75 chari-

1341 521 86 67 tas
1390 521 147 67 secundum
1500 521 160 67 ordinatam
1623 521 86 67 dei
1672 521 160 67 potentiam
1795 521 110 67 minui
1869 521 86 67 non
1918 521 123 67 potest
2004 521 135 67 quantum
2102 521 74 67 ad
2139 521 98 67 eius
2188 521 61 67 es-

1336 567 147 67 sentiam.
1446 567 135 67 Dicitur
1544 567 110 67 tamen
1618 567 98 67 quod
1679 567 86 67 per
1728 567 135 67 peccata
1827 567 147 67 venialia
1937 567 123 67 potest
2023 567 110 67 minui
2097 567 135 67 quantum
2195 567 74 67 ad

1337 618 103 59 eius
1401 618 167 59 feruorem:
1530 618 103 59 quod
1594 618 103 59 ideo
1658 618 180 59 contingere
1800 618 141 59 potest:
1902 618 103 59 quia
1966 618 77 59 ex
2005 618 231 59 frequentatione
2185 618 64 59 ve-

1337 656 164 62 nialium
1456 656 194 62 generatur
1605 656 194 62 cupiditas
1754 656 208 62 habitualis
1918 656 194 62 inclinans
2066 656 89 62 ad
2111 656 134 62 actus
2186 656 74 62 qui

1338 696 112 65 sunt
1408 696 153 65 peccata
1519 696 181 65 venialia:
1659 696 84 65 et
1701 696 98 65 per
1757 696 195 65 consequens
1910 696 140 65 aliquo
2008 696 112 65 modo
2064 696 195 65 inhabilitans

1342 746 90 58 ad
1387 746 135 58 actus
1477 746 210 58 charitatis
1643 746 90 58 ex
1688 746 105 58 quo
1748 746 105 58 fit
1808 746 90 58 vt
1853 746 150 58 postea
1958 746 105 58 non
2018 746 105 58 tam
2079 746 180 58 feruidos
2199 746 60 58 et

1336 785 177 65 intensos
1469 785 133 65 actus
1558 785 207 65 charitatis
1721 785 163 65 eliciat
1839 785 89 65 is
1883 785 89 65 in
1928 785 104 65 quo
1987 785 104 65 est
2046 785 133 65 talis
2120 785 133 65 habitus

1345 832 179 62 cupiditatis
1489 832 167 62 generatus.
1620 832 60 62 ⁋
1644 832 96 62 Item
1704 832 120 62 aliter
1788 832 120 62 potest
1871 832 167 62 contingere
2003 832 144 62 scilicet
2110 832 96 62 quod
2158 832 96 62 habens

1336 871 183 65 charitatem
1479 871 143 65 infusam
1584 871 130 65 habeat
1675 871 104 65 etit
1740 871 196 65 acquisitam:
1897 871 78 65 et
1936 871 91 65 non
1988 871 117 65 solum
2066 871 91 65 eam
2119 871 91 65 que
2158 871 104 65 incli-

1335 915 102 67 nat
1393 915 87 67 ad
1436 915 131 67 actus
1523 915 145 67 quorum
1625 915 189 67 contraria
1770 915 116 67 sunt
1842 915 160 67 peccata
1958 915 174 67 mortalia
2089 915 87 67 et
2118 915 131 67 tollunt

1335 957 209 66 demeritorie
1502 957 209 66 charitatem:
1670 957 98 66 sed
1726 957 98 66 est
1782 957 98 66 eam
1837 957 112 66 quae
1907 957 167 66 inclinat
2033 957 84 66 ad
2075 957 126 66 actus
2144 957 112 66 quorum

1343 1002 181 65 contraria
1483 1002 112 65 sunt
1552 1002 167 65 venialia
1678 1002 167 65 peccata:
1804 1002 84 65 is
1845 1002 84 65 si
1887 1002 181 65 committat
2027 1002 167 65 venialia
2138 1002 112 65 contra

1339 1047 233 66 inclinationem
1531 1047 137 66 illius
1628 1047 192 66 charitatis
1779 1047 192 66 remittetur
1930 1047 124 66 illa:
2012 1047 82 66 et
2053 1047 137 66 tandem
2135 1047 124 66 poterit

1333 1096 195 56 totaliter
1483 1096 195 56 corrumpi:
1633 1096 105 56 qua
1693 1096 180 56 corrupta
1828 1096 105 56 vel
1888 1096 165 56 remissa
2008 1096 135 56 minus
2098 1096 165 56 prompte
2203 1096 60 56 et

1340 1135 187 64 feruenter
1484 1135 159 64 eliciet
1599 1135 130 64 actus
1685 1135 202 64 charitatis
1844 1135 159 64 infuse:
1959 1135 101 64 cum
2017 1135 159 64 constet
2132 1135 101 64 per
2176 1135 86 64 expe

1343 1186 165 57 rientiam
1467 1186 110 57 quod
1536 1186 137 57 habens
1632 1186 192 57 charitatem
1783 1186 192 57 acquisitam
1934 1186 124 57 simul
2016 1186 96 57 cum
2071 1186 137 57 infusa
2154 1186 96 57 prom.

1347 1219 127 64 ptius
1432 1219 85 64 et
1474 1219 198 64 feruentius
1629 1219 141 64 elicit
1728 1219 127 64 actum
1813 1219 212 64 charitatis:
1983 1219 113 64 quam
2053 1219 85 64 si
2096 1219 141 64 tantum
2180 1219 71 64 in-

1337 1266 125 62 fusam
1420 1266 166 62 haberet:
1545 1266 83 62 vt
1587 1266 125 62 patet
1670 1266 83 62 in
1711 1266 83 62 eo
1753 1266 97 62 qui
1808 1266 194 62 habituatus
1961 1266 83 62 in
2002 1266 139 62 vitiis
2100 1266 139 62 infusa
2183 1266 69 62 si-

1347 1310 97 68 bi
1395 1310 209 68 charitate
1556 1310 129 68 post
1637 1310 258 68 susceptionem
1846 1310 226 68 sacramenti
2023 1310 226 68 penitentie
2184 1310 81 68 cum

1347 1357 244 63 difficultate
1545 1357 122 63 exit
1621 1357 92 63 in
1667 1357 137 63 tales
1759 1357 153 63 actus:
1865 1357 92 63 in
1911 1357 122 63 quos
1987 1357 137 63 tamen
2079 1357 183 63 postquam
2201 1357 61 63 ex

1339 1396 165 66 actibus
1459 1396 210 66 charitatem
1623 1396 210 66 acquisitam
1788 1396 180 66 habuerit
1923 1396 120 66 exit
1998 1396 210 66 faciliter:
2162 1396 90 66 et
2192 1396 75 66 hoc

1347 1442 112 63 est
1411 1442 128 63 apud
1491 1442 96 63 me
1539 1442 224 63 charitatem
1715 1442 176 63 remitti
1843 1442 176 63 quantum
1971 1442 96 63 ad
2019 1442 208 63 feruorem:
2163 1442 96 63 quia

1346 1483 147 62 minus
1444 1483 196 62 feruidos
1590 1483 114 62 aut
1656 1483 196 62 intensos
1802 1483 114 62 aut
1868 1483 147 62 minus
1965 1483 294 62 delectabiliter
2194 1483 65 62 et

1343 1527 195 64 feruenter
1493 1527 165 64 elicere
1614 1527 135 64 actus
1704 1527 226 64 charitatis:
1884 1527 105 64 non
1944 1527 120 64 quod
2019 1527 150 64 feruor
2110 1527 150 64 charita-

1345 1571 103 66 tis
1404 1571 103 66 sit
1463 1571 147 66 aliqua
1566 1571 162 66 entitas
1684 1571 118 66 alia
1757 1571 88 66 ab
1801 1571 147 66 habitu
1904 1571 206 66 charitatis
2066 1571 88 66 et
2110 1571 118 66 actu
2169 1571 88 66 eius

1345 1614 185 67 existens
1483 1614 92 67 in
1530 1614 139 67 anima
1622 1614 108 67 que
1684 1614 200 67 minuatur:
1838 1614 139 67 sicut
1930 1614 139 67 forte
2023 1614 200 67 voluerunt
2162 1614 92 67 ali-

1345 1643 85 84 qui
1394 1643 147 84 opinari.
1504 1643 61 84 ⁋
1528 1643 122 84 Contra
1613 1643 98 84 ista
1675 1643 159 84 arguitur.
1797 1643 73 84 Et
1833 1643 110 84 primo
1907 1643 147 84 probando
2016 1643 98 84 quod
2077 1643 110 84 chari
2151 1643 122 84 contra
2236 1643 134 84 praedim
2322 1643 73 84 atem

1343 1705 95 58 tas
1398 1705 122 58 minui
1479 1705 135 58 possit
1573 1705 95 58 per
1627 1705 162 58 peccatum
1749 1705 149 58 mortale
1857 1705 108 58 sic:
1925 1705 176 58 possibile
2060 1705 95 58 est
2114 1705 108 58 quod
2168 1705 81 58 quam

1348 1754 112 53 tum
1412 1754 128 53 vnus
1492 1754 144 53 actus
1589 1754 112 53 est
1653 1754 225 53 meritorius
1829 1754 160 53 tantum
1941 1754 176 53 precise
2070 1754 144 53 alius
2150 1754 112 53 actus

1342 1789 107 70 qui
1403 1789 107 70 sit
1464 1789 138 70 culpa
1556 1789 183 70 mortalis
1693 1789 107 70 sit
1754 1789 260 70 demeritorius:
1969 1789 122 70 ergo
2045 1789 199 70 possibile
2183 1789 76 70 est

1352 1832 233 69 charitatem
1535 1832 150 69 minui
1635 1832 116 69 per
1701 1832 199 69 peccatum
1851 1832 199 69 mortale.
2000 1832 233 69 Antecedens
2166 1832 100 69 pro-

1342 1885 158 52 batur:
1453 1885 126 52 quia
1532 1885 111 52 est
1595 1885 126 52 dare
1674 1885 158 52 aliquo
1785 1885 126 52 actu
1864 1885 237 52 demeritorio
2054 1885 174 52 aliquem
2164 1885 111 52 actum

1346 1923 201 60 meritorium
1504 1923 129 60 magis
1590 1923 215 60 meritorium:
1762 1923 115 60 quam
1834 1923 115 60 ille
1906 1923 101 60 sit
1963 1923 244 60 demeritorius:
2164 1923 86 60 et
2193 1923 72 60 est

1347 1964 111 59 dare
1417 1964 153 59 aliquem
1528 1964 125 59 minus
1612 1964 209 59 meritorium:
1779 1964 111 59 quam
1848 1964 111 59 ille
1918 1964 97 59 sit
1974 1964 237 59 demeritorius:
2155 1964 97 59 ergeo

1337 2009 97 60 est
1393 2009 111 60 dare
1462 2009 153 60 aliquem
1574 2009 125 60 actum
1657 2009 195 60 meritorium
1810 2009 181 60 praecise:
1949 2009 125 60 sicut
2032 2009 111 60 ille
2102 2009 97 60 est
2144 2009 111 60 demeri

1352 2050 160 68 torius:
1468 2050 87 68 et
1511 2050 102 68 per
1569 2050 131 68 actum
1656 2050 232 68 demeritorium
1845 2050 145 68 semper
1946 2050 189 68 intelligo
2091 2050 145 68 culpam
2178 2050 87 68 mor-

1355 2102 121 58 talem.
1440 2102 194 58 consequentia
1597 2102 157 58 probatur.
1718 2102 169 58 supponendo
1851 2102 97 58 quod
1911 2102 109 58 actus
1984 2102 73 58 a.
2020 2102 85 58 sit
2068 2102 133 58 precise
2165 2102 85 58 ita
2202 2102 60 58 me-

1342 2131 198 71 ritorius:
1494 2131 137 71 sicut
1586 2131 137 71 actus
1677 2131 91 71 b.
1723 2131 107 71 est
1784 2131 259 71 demeritorius.
1997 2131 107 71 hoc
2058 2131 198 71 supposito
2195 2131 76 71 se-

1345 2185 150 55 quitur.
1455 2185 109 55 quod
1523 2185 123 55 tanta
1605 2185 109 55 pena
1673 2185 164 55 praecise
1796 2185 150 55 debetur
1905 2185 123 55 iuste
1987 2185 123 55 actui
2069 2185 82 55 b.
2110 2185 123 55 culpe
2178 2185 96 55 morta

1342 2226 95 64 li:
1397 2226 149 64 quantum
1505 2226 95 64 est
1559 2226 162 64 praemium
1681 2226 108 64 quod
1748 2226 122 64 iuste
1829 2226 149 64 debetur
1937 2226 122 64 actui
2019 2226 176 64 meritorio
2154 2226 95 64 qui
2194 2226 68 64 est

1352 2270 91 61 a.
1397 2270 121 61 Tunc
1473 2270 181 61 capiatur
1609 2270 166 61 aliquis
1730 2270 106 61 qui
1790 2270 166 61 centies
1911 2270 151 61 habuit
2017 2270 136 61 actum
2108 2270 91 61 a.
2138 2270 136 61 merito-

1349 2317 111 58 rium:
1423 2317 74 58 et
1460 2317 86 58 per
1509 2317 173 58 consequens
1644 2317 111 58 vltra
1718 2317 136 58 gratiam
1817 2317 185 58 baptismalem
1965 2317 111 58 habet
2039 2317 74 58 ad
2076 2317 111 58 minus
2150 2317 99 58 i10o
2199 2317 74 58 por-

1345 2356 132 66 tiones
1437 2356 145 66 praemii
1543 2356 172 66 meritorie
1675 2356 172 66 acquisiti
1807 2356 106 66 quod
1873 2356 92 66 est
1926 2356 158 66 charitas
2045 2356 92 66 seu
2097 2356 145 66 gratia:
2190 2356 79 66 tunc

1348 2402 170 60 committat
1478 2402 104 60 iste
1544 2402 130 60 culpam
1635 2402 78 60 b.
1674 2402 130 60 semel:
1765 2402 91 60 per
1818 2402 170 60 praedicta
1948 2402 157 60 sequatur
2065 2402 104 60 quod
2131 2402 117 60 tanta
2196 2402 78 60 pena

1347 2451 83 52 ei
1389 2451 152 52 debetur
1499 2451 97 52 pro
1555 2451 125 52 culpa
1638 2451 83 52 b.
1679 2451 125 52 semel
1762 2451 166 52 commissa
1887 2451 152 52 quantum
1997 2451 166 52 praemium
2122 2451 138 52 habuit
2205 2451 69 52 pro

1348 2488 130 58 merito
1439 2488 78 58 a.
1478 2488 117 58 semel
1556 2488 169 58 commisso:
1686 2488 104 58 ergo
1751 2488 130 58 tantum
1842 2488 156 58 praecise
1959 2488 130 58 perdet
2050 2488 78 58 de
2089 2488 169 58 charitate
2206 2488 65 58 vel

1350 2534 144 64 gratia.
1455 2534 144 64 quantum
1560 2534 184 64 acquisiuit
1704 2534 171 64 meritorie
1835 2534 92 64 per
1888 2534 105 64 actu
1953 2534 79 64 a.
1993 2534 118 64 semel
2071 2534 144 64 factum:
2176 2534 79 64 et
2202 2534 66 64 per

1348 2584 231 50 consequens
1529 2584 165 50 perdet
1644 2584 231 50 centesimam
1825 2584 165 50 partem
1941 2584 181 50 precise
2072 2584 165 50 totius
2171 2584 99 50 cha-

1342 2611 174 70 ritatis
1469 2611 158 70 habite
1580 2611 127 70 post
1659 2611 174 70 gratiam
1785 2611 253 70 baptismalem:
1991 2611 95 70 et
2039 2611 206 70 remanebit
2181 2611 95 70 sibi

1335 2667 127 53 tota
1415 2667 159 53 gratia
1526 2667 239 53 baptismalis
1717 2667 96 53 et
1765 2667 112 53 oo.
1829 2667 207 53 portiones
1988 2667 143 53 eius:
2084 2667 127 53 quam
2148 2667 127 53 postea

1350 2705 193 58 acquisiuit
1502 2705 193 58 meritorie:
1653 2705 83 58 et
1694 2705 96 58 sic
1749 2705 110 58 eius
1818 2705 165 58 charitas
1942 2705 110 58 erit
2011 2705 138 58 minor:
2107 2705 110 58 quam
2162 2705 110 58 fuerit

1349 2745 160 72 immediate
1472 2745 147 72 antequam
1582 2745 147 72 eliceret
1693 2745 111 72 actum
1766 2745 74 72 b.
1803 2745 74 72 et
1840 2745 197 72 consequentia
2000 2745 123 72 patet.
2086 2745 61 72 ⁋
2098 2745 172 72 Confirmatur.

1342 2792 102 66 qui
1401 2792 174 66 secundum
1531 2792 160 66 sanctos
1647 2792 189 66 quemlibet
1792 2792 131 66 bonum
1879 2792 131 66 actum
1966 2792 116 66 deus
2039 2792 189 66 remunerat
2169 2792 102 66 vltra

1353 2837 186 59 condignum:
1499 2837 80 59 et
1539 2837 173 59 quemlibet
1672 2837 120 59 malum
1752 2837 120 59 punit
1832 2837 133 59 citra.
1925 2837 93 59 hoc
1978 2837 120 59 autem
2058 2837 120 59 esset
2138 2837 133 59 falsum
2218 2837 53 59 si

1346 2880 87 73 pro
1395 2880 112 73 culpa
1470 2880 75 73 b.
1508 2880 112 73 semel
1583 2880 150 73 commissa
1695 2880 175 73 priuaretur
1832 2880 100 73 omni
1895 2880 125 73 gratia
1982 2880 75 73 et
2019 2880 162 73 charitate
2144 2880 100 73 quae
2194 2880 75 73 fuit

1364 2922 108 61 omium
1436 2922 72 61 a.
1472 2922 131 61 centies
1567 2922 155 61 commissi.
1687 2922 84 61 non
1734 2922 96 61 ergo
1794 2922 96 61 tota
1854 2922 143 61 charitas
1961 2922 96 61 tunc
2021 2922 143 61 perdetur
2129 2922 84 61 per
2176 2922 72 61 b.
2200 2922 60 61 sed

1360 2968 141 57 praecise
1466 2968 106 57 tanta
1537 2968 118 57 quanta
1620 2968 153 57 acquisita
1737 2968 83 57 est
1785 2968 83 57 per
1832 2968 71 57 a.
1867 2968 106 57 semel
1938 2968 130 57 factum:
2032 2968 94 57 immo
2091 2968 118 57 minus:
2173 2968 83 57 cum
2209 2968 47 57 a.

1351 3010 120 60 semel
1431 3010 120 60 factu
1511 3010 134 60 habuit
1604 3010 160 60 praemium
1725 3010 120 60 vltra
1805 3010 187 60 condignum:
1952 3010 80 60 et
1992 3010 80 60 b.
2032 3010 107 60 quod
2098 3010 93 60 est
2152 3010 107 60 eque
2205 3010 67 60 de-

1342 3055 225 73 meritorium:
1522 3055 135 73 sicut
1612 3055 105 73 est
1672 3055 90 73 a.
1717 3055 210 73 meritorium
1881 3055 180 73 puniatur
2016 3055 135 73 citra
2091 3055 180 73 condignum.
