2417 3543
380 278 109 65 nobis
453 278 85 65 non
501 278 85 65 est
550 278 182 65 diligibilis
696 278 73 65 in
732 278 170 65 infinitum:
866 278 73 65 et
902 278 85 65 per
951 278 170 65 consequens
1084 278 109 65 actus
1145 278 158 65 dilectionis

384 324 92 56 non
436 324 131 56 potest
528 324 144 56 intendi
632 324 78 56 in
672 324 183 56 infinitum.
815 324 65 56 ⁋
841 324 170 56 Undecimo.
972 324 105 56 tota
1038 324 170 56 actiuitas
1168 324 118 56 actus
1234 324 65 56 di-

384 372 183 58 lectionis
525 372 99 58 est
581 372 85 58 in
624 372 141 58 anima.
722 372 99 58 Nam
779 372 155 58 caritas
891 372 99 58 non
948 372 141 58 affert
1046 372 127 58 nouam
1117 372 183 58 actiuitatem

374 416 74 54 ad
411 416 185 54 voluntatem:
559 416 86 54 sed
608 416 111 54 illam
682 416 161 54 disponit:
806 416 111 54 nulla
880 416 86 54 aut
929 416 161 54 actiuitas
1053 416 111 54 anime
1127 416 124 54 nostre
1201 416 99 54 potest

387 452 71 67 in
423 452 106 67 actum
494 452 166 67 possibilem
624 452 130 67 intendi
718 452 71 67 in
754 452 166 67 infinitum:
884 452 142 67 alioquin
990 452 95 67 ipsa
1050 452 106 67 esset
1121 452 142 67 infinite
1215 452 83 67 perfe

381 500 148 56 ctionis:
491 500 74 56 eo
528 500 98 56 quod
590 500 185 56 virtualiter
737 500 172 56 contineret
873 500 111 56 omnes
947 500 111 56 tales
1020 500 123 56 actus.
1106 500 98 56 ergo
1168 500 111 56 actus
1229 500 62 56 di-

385 539 184 64 lectionis
527 539 99 64 non
583 539 142 64 potest
683 539 85 64 in
725 539 184 64 infinitum
867 539 170 64 intendi.
995 539 71 64 ⁋
1023 539 184 64 Duodecimo
1165 539 85 64 si
1194 539 99 64 cari-

371 588 97 53 tas
427 588 138 53 posset
523 588 111 53 etc.
593 588 111 53 tunc
662 588 138 53 posset
759 588 111 53 esse
828 588 125 53 maior
911 588 166 53 charitas
1036 588 180 53 charitate
1161 588 138 53 christi:

385 631 94 60 quod
444 631 82 60 est
491 631 117 60 contra
573 631 164 60 magistrum.
702 631 70 60 3o
737 631 188 60 sententiarum
890 631 94 60 dis.
948 631 82 60 13.
995 631 59 60 ⁋
1019 631 94 60 Item
1077 631 141 60 christus
1171 631 129 60 potuisset

378 675 141 63 mereri
476 675 197 63 charitatis
631 675 99 63 sue
688 675 197 63 augmentum:
842 675 113 63 quod
913 675 99 63 est
969 675 141 63 contra
1068 675 155 63 sanctos
1180 675 84 63 et
1208 675 99 63 fidem

389 714 103 58 cum
448 714 118 58 ipse
522 714 147 58 fuerit
625 714 103 58 ita
684 714 162 58 plenus:
801 714 88 58 vt
846 714 103 58 nec
905 714 147 58 augeri
1008 714 103 58 nec
1066 714 177 58 crescere
1184 714 118 58 posset

380 759 67 58 in
413 759 123 58 gratia:
502 759 134 58 secundum
603 759 100 58 illud
670 759 100 58 Ioan.
737 759 123 58 vidimus
826 759 123 58 gloriam
915 759 89 58 eius
971 759 89 58 etc.
1026 759 178 58 consequentia
1171 759 89 58 vero
1216 759 89 58 patet:

377 810 96 57 qui
432 810 151 57 constat
542 810 109 57 quod
610 810 109 57 ipse
678 810 151 57 elicuit
788 810 123 57 actus
870 810 233 57 intensissimos
1062 810 192 57 caritatis:
1199 810 109 57 quibus

391 840 87 63 et
434 840 115 63 sibi
506 840 144 63 meruit
607 840 159 63 gloriam
722 840 187 63 corporis:
866 840 87 63 et
910 840 130 63 nobis
996 840 216 63 multiplicem
1155 840 144 63 gratiam:

386 899 134 53 tales
476 899 134 53 autem
565 899 179 53 merentur
699 899 209 53 charitatis
863 899 209 53 augmentum:
1028 899 134 53 iuxta
1117 899 134 53 illud
1192 899 104 53 Augu.

378 941 89 51 ad
423 941 222 51 bonifacium.
600 941 178 51 Charitas
734 941 163 51 meretur
852 941 148 51 augeri
956 941 89 51 vt
1001 941 133 51 aucta
1090 941 178 51 mereatur
1208 941 89 51 per-

384 986 127 53 fici.
469 986 71 53 ⁋
497 986 184 53 Respondeo
638 986 85 53 ad
681 986 113 53 ista
751 986 99 53 per
808 986 170 53 ordinem:
935 986 85 53 ad
977 986 141 53 primum
1076 986 113 53 quod
1147 986 99 53 est
1189 986 113 53 contra

397 1026 109 52 primam
474 1026 186 52 conclusionem.
627 1026 87 52 dico
681 1026 87 52 quod
736 1026 153 52 antecedens
856 1026 76 52 est
900 1026 120 52 falsum:
987 1026 66 52 ad
1020 1026 164 52 probationem
1151 1026 120 52 concedo
1227 1026 66 52 quod

394 1073 148 50 quaelibet
508 1073 159 50 singularis
633 1073 114 50 illius
713 1073 171 50 vniversalis
849 1073 80 50 est
895 1073 103 50 vera.
963 1073 68 50 Et
997 1073 80 50 cum
1043 1073 125 50 dicitur
1134 1073 91 50 ergo
1191 1073 91 50 hec:
1237 1073 68 50 iste

382 1111 102 56 anime
450 1111 90 56 etc.
506 1111 181 56 demonstratis
653 1111 124 56 omnibus
743 1111 170 56 creabilibus
879 1111 113 56 simul:
958 1111 113 56 potest
1037 1111 158 56 dupliciter
1150 1111 147 56 responderi.

391 1155 124 60 primo
474 1155 110 60 quod
543 1155 110 60 esto
611 1155 110 60 quod
680 1155 110 60 illa
749 1155 124 60 esset
831 1155 124 60 vera:
914 1155 96 60 non
969 1155 96 60 est
1024 1155 124 60 tamen
1106 1155 110 60 vera
1175 1155 83 60 in
1203 1155 96 60 sensu

386 1196 160 59 composito:
511 1196 80 59 nec
557 1196 114 59 regula
637 1196 137 59 assumpta
740 1196 195 59 vniversaliter
901 1196 80 59 est
947 1196 92 59 vera
1004 1196 69 59 in
1038 1196 103 59 illis
1095 1196 195 59 propositionibus

388 1241 223 53 singularibus
569 1241 83 53 in
611 1241 139 53 quibus
708 1241 181 53 subicitur
847 1241 97 53 pro
903 1241 125 53 nomen
986 1241 250 53 demonstratiuum
1181 1241 125 53 plura

390 1293 92 50 lis
442 1293 144 50 numeri:
547 1293 171 50 instantia
679 1293 131 50 patet.
771 1293 92 50 Nam
823 1293 210 50 demonstratis
994 1293 131 50 duobus
1073 1293 223 50 contradictoriis

391 1327 235 56 contingentibus
587 1327 91 56 hec
639 1327 91 56 est
691 1327 117 56 vera:
769 1327 104 56 ista
834 1327 143 56 possunt
939 1327 104 56 esse
1004 1327 117 56 vera:
1082 1327 78 56 et
1121 1327 117 56 tamen
1200 1327 91 56 hec
1239 1327 65 56 est

389 1371 251 54 impossibilis:
596 1371 103 54 hec
655 1371 118 54 sunt
729 1371 118 54 vera
803 1371 148 54 eisdem
906 1371 251 54 demonstratis.
1113 1371 89 54 2o
1157 1371 118 54 dico
1216 1371 89 54 quod

384 1415 114 53 omnes
460 1415 126 53 animas
548 1415 164 53 creabiles
675 1415 202 53 demonstrari:
839 1415 126 53 potest
927 1415 164 53 intelligi
1053 1415 189 53 dupliciter:
1205 1415 88 53 vno
1243 1415 50 53 mi

385 1461 95 52 quod
445 1461 202 52 demonstrentur
611 1461 107 52 omnes
683 1461 107 52 anime
754 1461 119 52 quarum
838 1461 143 52 qualibet
945 1461 83 52 est
992 1461 167 52 creabilis:
1123 1461 95 52 alio
1183 1461 95 52 modo
1231 1461 71 52 quod

395 1510 224 45 demonstrentur
579 1510 118 45 omnes
658 1510 92 45 que
710 1510 105 45 sunt
776 1510 184 45 creabiles.
921 1510 79 45 Si
960 1510 118 45 primo
1039 1510 105 45 modo
1105 1510 105 45 tunc
1171 1510 105 45 dico
1223 1510 79 45 quod

390 1549 96 52 hec
445 1549 206 52 singularis.
610 1549 110 52 iste
679 1549 124 52 anime
762 1549 151 52 possunt
872 1549 110 52 esse
941 1549 151 52 create:
1051 1549 96 52 non
1106 1549 96 52 est
1147 1549 165 52 singularis

399 1589 104 56 illius
471 1589 166 56 vniversalis:
606 1589 93 56 omnes
668 1589 93 56 anime
731 1589 135 56 creabiles
835 1589 114 56 possunt
918 1589 83 56 esse
969 1589 114 56 create:
1053 1589 62 56 et
1084 1589 73 56 est
1125 1589 104 56 ratio:
1198 1589 83 56 quia
1239 1589 73 56 illis

385 1634 135 48 omnibus
483 1634 196 48 demonstratis
642 1634 86 48 hec
691 1634 86 48 non
741 1634 86 48 est
790 1634 110 48 vera.
863 1634 98 48 iste
925 1634 110 48 anime
998 1634 98 48 sunt
1060 1634 172 48 creabiles:
1195 1634 98 48 vnde
1244 1634 61 48 non

391 1677 155 55 sequitur.
510 1677 155 55 quodlibet
629 1677 131 55 istorum
725 1677 83 55 est
772 1677 155 55 creabile.
891 1677 95 55 ergo
951 1677 95 55 ista
1010 1677 95 55 sunt
1070 1677 167 55 creabilia.
1189 1677 119 55 Exemplum

386 1720 105 54 sint
451 1720 92 54 due
504 1720 144 54 linesse
608 1720 144 54 equales
713 1720 79 54 a.
752 1720 79 54 b.
792 1720 92 54 hec
844 1720 92 54 est
896 1720 118 54 vera.
975 1720 170 54 quodlibet
1106 1720 144 54 istorum
1197 1720 105 54 demon-

391 1764 136 52 stratis
489 1764 148 52 omnibus:
600 1764 123 52 quorum
686 1764 160 52 quodlibet
810 1764 86 52 est
859 1764 99 52 pars
921 1764 123 52 ipsius
1007 1764 74 52 b.
1044 1764 86 52 est
1093 1764 148 52 excessum
1204 1764 74 52 ab
1241 1764 74 52 a.
1266 1764 49 52 et

386 1809 120 49 tamen
465 1809 93 49 hec
519 1809 93 49 est
572 1809 120 49 falsa
651 1809 133 49 eisdem
744 1809 146 49 omnibus
851 1809 212 49 demonstratis
1023 1809 106 49 ista
1090 1809 106 49 sunt
1156 1809 146 49 excessa
1249 1809 53 49 ab

380 1849 64 55 a.
412 1849 86 55 quia
466 1849 86 55 ista
520 1849 86 55 sunt
573 1849 64 55 b.
605 1849 64 55 et
638 1849 64 55 b.
670 1849 118 55 positum
756 1849 75 55 est
798 1849 86 55 esse
852 1849 107 55 equale
927 1849 86 55 ipsi
981 1849 64 55 a.
1013 1849 86 55 vnde
1066 1849 107 55 patet:
1141 1849 86 55 quod
1195 1849 75 55 non
1227 1849 86 55 semper

390 1894 84 46 de
432 1894 155 46 omnibus
544 1894 126 46 simul
629 1894 211 46 verificatur
797 1894 169 46 terminus
924 1894 169 46 pluralis
1050 1894 155 46 numeri:
1163 1894 84 46 de
1191 1894 112 46 quorum

384 1937 171 52 quolibet
512 1937 214 52 verificatur
683 1937 200 52 singularis
840 1937 143 52 illius
940 1937 185 52 pluralis.
1082 1937 86 52 Si
1125 1937 114 52 vero
1182 1937 114 52 demon-

389 1975 152 53 strentur
503 1975 139 53 secundo
604 1975 114 53 modo:
680 1975 101 53 dico
743 1975 101 53 quod
806 1975 114 53 talis
882 1975 202 53 demonstratio
1046 1975 88 53 est
1096 1975 215 53 impossibilis:
1261 1975 51 53 et

389 2023 91 50 hoc
441 2023 117 50 ideo:
519 2023 104 50 quia
584 2023 117 50 nulle
661 2023 169 50 creabiles
791 2023 104 50 sunt
856 2023 117 50 omnes
934 2023 182 50 creabiles:
1077 2023 117 50 sicut
1154 2023 117 50 etiam
1219 2023 91 50 nulle

384 2069 134 59 partes
477 2069 80 59 b.
518 2069 147 59 excesse
625 2069 80 59 ab
665 2069 80 59 a.
705 2069 107 59 sunt
772 2069 121 59 omnes
853 2069 134 59 partes
947 2069 80 59 b.
987 2069 147 59 excesse
1094 2069 80 59 ab
1134 2069 80 59 a.
1174 2069 94 59 Nam
1215 2069 80 59 qua-

392 2118 134 46 cumque
486 2118 81 46 et
526 2118 188 46 quotcumque
673 2118 161 46 sumantur
794 2118 148 46 excesse
901 2118 81 46 ab
942 2118 81 46 a.
982 2118 121 46 adhuc
1062 2118 107 46 sunt
1130 2118 107 46 alie
1183 2118 121 46 praeter

385 2154 131 56 illas:
477 2154 105 56 immo
542 2154 158 56 infinite
661 2154 158 56 contente
779 2154 79 56 in
818 2154 118 56 tanta
897 2154 118 56 parte
976 2154 79 56 b.
1015 2154 144 56 quantus
1120 2154 92 56 est
1173 2154 105 56 ille
1225 2154 66 56 ex-

391 2207 155 48 cessus
499 2207 109 48 quo
561 2207 124 48 ille
639 2207 155 48 partes
747 2207 93 48 b.
794 2207 155 48 sumpte
902 2207 124 48 sunt
980 2207 171 48 excesse
1104 2207 93 48 ab
1150 2207 93 48 a.
1197 2207 78 48 ⁋
1212 2207 93 48 Dico

403 2244 95 50 ergo.
467 2244 85 50 quod
520 2244 138 50 quaelibet
626 2244 149 50 singularis
743 2244 106 50 illius
817 2244 159 50 vniversalis
944 2244 74 50 est
987 2244 95 50 vera:
1050 2244 64 50 et
1082 2244 85 50 ipsa
1135 2244 95 50 etiam
1199 2244 74 50 est
1231 2244 74 50 vera:

394 2284 73 55 non
435 2284 94 55 tamen
498 2284 73 55 sua
539 2284 62 55 de
570 2284 104 55 inesse
643 2284 73 55 est
685 2284 156 55 possibilis:
809 2284 62 55 ac
841 2284 73 55 per
882 2284 73 55 hoc
924 2284 73 55 non
965 2284 104 55 infert
1038 2284 146 55 antecedens
1152 2284 62 55 in
1184 2284 94 55 sensu
1236 2284 62 55 con-

385 2329 190 56 positionis:
537 2329 114 56 sicut
613 2329 177 56 oporteret:
752 2329 88 56 sed
802 2329 114 56 nulla
878 2329 177 56 singularis
1017 2329 101 56 eius
1081 2329 88 56 est
1131 2329 76 56 in
1169 2329 88 56 qua
1207 2329 101 56 demon-

394 2377 145 49 strentur
503 2377 109 49 omnes
575 2377 109 49 anime
648 2377 169 49 creabiles:
781 2377 97 49 quia
842 2377 109 49 nulle
914 2377 109 49 anime
987 2377 157 49 creabiles
1108 2377 97 49 sunt
1169 2377 109 49 omnes
1229 2377 85 49 anime

396 2416 156 52 creabiles.
519 2416 67 52 Si
552 2416 78 52 aut
597 2416 89 52 fiat
653 2416 89 52 ista
709 2416 179 52 vniversalis:
854 2416 101 52 omnes
921 2416 101 52 anime
988 2416 112 52 quarum
1066 2416 134 52 qualibet
1167 2416 78 52 est
1200 2416 101 52 creabi-

395 2459 82 50 lis
442 2459 129 50 possunt
536 2459 94 50 esse
595 2459 129 50 create:
689 2459 94 50 tunc
747 2459 94 50 dico
806 2459 94 50 quod
865 2459 117 50 aliqua
947 2459 94 50 eius
1006 2459 164 50 singularis
1135 2459 117 50 esset:
1217 2459 82 50 vel
1252 2459 59 50 es-

393 2504 81 48 se
434 2504 136 48 posset
529 2504 136 48 saltem
624 2504 108 48 adeo
692 2504 231 48 demonstrante:
882 2504 81 48 in
922 2504 95 48 qua
977 2504 122 48 omnes
1058 2504 190 48 collectiue
1194 2504 108 48 demon-

392 2545 161 54 strarentur:
521 2545 107 54 quarum
596 2545 129 54 qualibet
693 2545 75 54 est
736 2545 150 54 creabilis:
854 2545 75 54 sed
897 2545 86 54 ipsa
950 2545 161 54 vniversalis
1079 2545 97 54 esset
1143 2545 107 54 falsa:
1218 2545 97 54 sicut
1272 2545 43 54 et

398 2590 98 49 illa
459 2590 183 49 singularis.
605 2590 73 49 Et
642 2590 110 49 sicut
715 2590 85 49 est
764 2590 110 49 ista.
837 2590 110 49 omnes
911 2590 110 49 anime
984 2590 122 49 quarum
1070 2590 147 49 qualibet
1179 2590 85 49 est
1216 2590 110 49 creabi-

399 2634 114 50 lis:
470 2634 114 50 sunt
541 2634 199 50 creabiles:
697 2634 85 50 vt
739 2634 128 50 patet
825 2634 85 50 ex
867 2634 156 50 dictis.
981 2634 71 50 ⁋
1009 2634 142 50 Deinde
1108 2634 184 50 respondeo
1250 2634 85 50 ad

392 2682 89 46 alia
447 2682 89 46 quae
503 2682 111 46 contra
581 2682 133 46 reliquas
681 2682 178 46 conclusiones
825 2682 111 46 arguta
903 2682 100 46 sunt:
970 2682 67 46 et
1003 2682 133 46 quicquid
1103 2682 78 46 sit
1147 2682 67 46 de
1181 2682 78 46 hoc
1225 2682 67 46 an
1247 2682 67 46 deus

385 2725 153 55 possit
492 2725 153 55 facere
599 2725 245 55 magnitudinem
797 2725 107 55 vel
859 2725 229 55 charitatem:
1042 2725 107 55 aut
1103 2725 138 55 aliam
1180 2725 122 55 formam

399 2772 103 44 actu
463 2772 180 44 infinitam:
604 2772 77 44 ad
643 2772 103 44 quod
707 2772 128 44 plures
797 2772 154 44 rationes
912 2772 77 44 de
951 2772 180 44 praedictis
1092 2772 141 44 tamquam
1195 2772 77 44 ad
1220 2772 90 44 incon

390 2811 152 51 ueniens
501 2811 165 51 conantur
625 2811 179 51 deducere:
762 2811 110 51 quia
831 2811 83 51 de
873 2811 97 51 hoc
928 2811 179 51 videbitur
1066 2811 124 51 infra
1149 2811 152 51 distin.
1245 2811 69 51 44.

384 2848 110 55 dico
453 2848 110 55 quod
522 2848 82 55 ad
563 2848 124 55 illud
645 2848 192 55 consequens
797 2848 124 55 nulla
879 2848 220 55 praedictarum
1058 2848 151 55 dducit.
1168 2848 69 55 ⁋
1195 2848 110 55 Unde
1250 2848 55 55 ad

406 2895 106 57 primam
481 2895 128 57 rationem
577 2895 117 57 dicitur
662 2895 85 57 quod
715 2895 75 57 non
758 2895 96 57 valet
821 2895 64 57 eo
853 2895 85 57 quod
907 2895 106 57 simili
981 2895 85 57 modo
1034 2895 149 57 probaretur
1151 2895 85 57 quod
1194 2895 117 57 augmentum

401 2940 171 54 numerorum
533 2940 92 54 non
585 2940 185 54 procederet
731 2940 79 54 in
770 2940 185 54 infinitum:
915 2940 79 54 si
955 2940 119 54 esset
1034 2940 106 54 dare
1100 2940 145 54 nunerum
1192 2940 119 54 infini-

392 2985 108 51 tum
453 2985 108 51 vel
515 2985 154 51 finitu
623 2985 169 51 aliquem
746 2985 154 51 summum
854 2985 108 51 seu
915 2985 169 51 maximum
1038 2985 231 51 possibilem:
1208 2985 92 51 quod

388 3025 148 58 manifeste
502 3025 114 58 falsum
581 3025 80 58 est
627 3025 137 58 secundum
729 3025 114 58 omnes:
809 3025 68 58 et
843 3025 91 58 quod
900 3025 80 58 ita
946 3025 159 58 probaretur
1071 3025 114 58 patet.
1151 3025 80 58 Nam
1185 3025 114 58 supposi-

392 3072 81 61 to
433 3072 136 61 aliquo
528 3072 149 61 numero.
637 3072 95 61 vbi
691 3072 149 61 gratia.
800 3072 163 61 binario.
922 3072 163 61 quaratur
1044 3072 122 61 vtrum
1126 3072 81 61 in
1153 3072 149 61 ascenden

1330 258 98 75 do
1379 258 114 75 sit
1444 258 163 75 status
1557 258 98 75 ad
1606 258 179 75 aliquem
1736 258 179 75 maximum
1866 258 195 75 numerum:
2012 258 114 75 quo
2077 258 146 75 maior
2159 258 98 75 dari

1344 313 90 59 non
1395 313 141 59 possit:
1498 313 77 59 et
1537 313 141 59 habetur
1639 313 192 59 propositum:
1793 313 90 59 aut
1845 313 90 59 non
1896 313 90 59 est
1947 313 141 59 status:
2050 313 90 59 sed
2101 313 77 59 in
2127 313 141 59 infinitum

1332 363 140 59 potest
1430 363 196 59 ascendendo
1584 363 168 59 procedi:
1710 363 84 59 et
1752 363 112 59 tunc
1821 363 98 59 cum
1877 363 140 59 quanto
1975 363 154 59 numerus
2087 363 126 59 magis
2157 363 98 59 exce-

1344 400 81 56 dit
1391 400 150 56 binarium:
1506 400 104 56 tanto
1575 400 69 56 eo
1609 400 81 56 sit
1655 400 115 56 maior:
1736 400 69 56 et
1770 400 81 56 per
1817 400 161 56 consequens
1943 400 69 56 in
1978 400 69 56 se
2012 400 161 56 infinitus:
2139 400 92 56 dico
2185 400 69 56 ergo

1343 454 72 47 ad
1379 454 157 47 rationem:
1500 454 96 47 quod
1560 454 108 47 supra
1632 454 169 47 charitatem
1765 454 108 47 datam
1837 454 72 47 a.
1873 454 121 47 potest
1958 454 133 47 procedi
2054 454 72 47 in
2090 454 169 47 infinitum:
2211 454 48 47 et

1343 487 104 60 quod
1408 487 130 60 quanto
1499 487 130 60 aliqua
1589 487 117 60 magis
1667 487 155 60 excedet:
1784 487 117 60 tanto
1861 487 104 60 erit
1926 487 181 60 perfectior
2069 487 91 60 ea:
2120 487 78 60 et
2159 487 91 60 cum
2198 487 65 60 in-

1347 530 126 58 fertur:
1438 530 91 58 quae
1495 530 69 58 in
1529 530 148 58 infinitum
1643 530 126 58 excedit
1735 530 91 58 etc.
1792 530 91 58 nego
1849 530 183 58 consequentia
1997 530 126 58 propter
2089 530 114 58 falsam
2157 530 103 58 implica

1347 577 120 60 tionem:
1435 577 131 60 implicat
1533 577 88 60 enim
1588 577 88 60 quod
1643 577 66 60 ex
1676 577 88 60 illo
1730 577 164 60 antecedente
1862 577 131 60 sequatur
1960 577 88 60 quod
2015 577 110 60 aliqua
2092 577 77 60 sit
2125 577 131 60 possibilis

1336 628 151 55 excedens
1449 628 75 55 in
1487 628 176 55 infinitum:
1625 628 100 55 quod
1688 628 126 55 falsum
1776 628 100 55 est:
1839 628 100 55 vnde
1901 628 88 55 non
1952 628 163 55 sequitur.
2077 628 100 55 hanc
2127 628 126 55 charita-

1345 657 92 64 tem
1397 657 79 64 in
1437 657 171 64 infinitum
1568 657 131 64 aliqua
1660 657 157 64 charitas
1778 657 131 64 potest
1870 657 171 64 excedere:
2001 657 118 64 sicut
2079 657 92 64 non
2119 657 144 64 sequitur.

1339 708 108 62 hanc
1406 708 189 62 charitatem
1554 708 81 62 in
1594 708 175 62 infinitum
1729 708 135 62 potest
1823 708 135 62 aliqua
1918 708 162 62 charitas
2039 708 135 62 finita
2133 708 81 62 et
2160 708 108 62 finite

1344 749 119 64 istam
1423 749 158 64 excedens
1542 749 132 64 potest
1634 749 171 64 excedere.
1766 749 106 64 ergo
1832 749 132 64 aliqua
1924 749 158 64 charitas
2043 749 145 64 finita:
2148 749 92 64 seu
2188 749 79 64 hanc

1351 803 139 55 perfecte
1455 803 139 55 excedens
1559 803 116 55 potest
1640 803 92 55 hanc
1698 803 69 55 in
1733 803 150 55 infinitum
1848 803 150 55 excedere.
1964 803 162 55 antecedens
2091 803 92 55 enim
2148 803 81 55 est
2183 803 81 55 verum

1347 839 75 64 et
1384 839 175 64 consequens
1521 839 137 64 falsum.
1621 839 112 64 Sicut
1696 839 112 64 etiam
1771 839 100 64 hic:
1834 839 100 64 hunc
1896 839 137 64 nunerum
1996 839 150 64 binarium
2109 839 75 64 in
2134 839 137 64 infinitum

1347 880 157 61 aliquis
1461 880 157 61 numerus
1576 880 100 61 seu
1633 880 186 61 multitudo
1776 880 143 61 finita
1876 880 143 61 potest
1976 880 186 61 excedere.
2120 880 100 61 Non
2163 880 115 61 sequi-

1346 921 102 62 tur.
1410 921 102 62 ergo
1474 921 141 62 aliquis
1576 921 141 62 numerus
1678 921 89 62 vel
1729 921 128 62 aliqua
1819 921 166 62 multitudo
1947 921 128 62 finita
2036 921 128 62 potest
2125 921 102 62 hunc
2177 921 89 62 bina-

1348 966 79 60 rium
1398 966 59 60 in
1427 966 129 60 infinitum
1527 966 129 60 excedere.
1626 966 139 60 antecedens
1735 966 89 60 verum
1794 966 69 60 est
1834 966 119 60 secundum
1923 966 99 60 omnes:
1992 966 59 60 et
2022 966 139 60 consequens
2131 966 109 60 falsum:
2201 966 69 60 ratio

1347 1016 87 50 est
1396 1016 100 50 quia
1459 1016 75 50 in
1496 1016 137 50 aestete
1596 1016 137 50 numerus
1695 1016 87 50 vel
1745 1016 162 50 multitudo
1870 1016 149 50 supponit
1982 1016 137 50 confuse
2081 1016 125 50 tantum
2156 1016 112 50 propter

1352 1057 93 64 hunc
1410 1057 139 64 terminum
1515 1057 70 64 in
1550 1057 162 64 infinitum.
1677 1057 81 64 qui
1724 1057 162 64 praecedit:
1851 1057 70 64 in
1886 1057 174 64 consequente
2025 1057 93 64 vero
2083 1057 139 64 supponit
2176 1057 93 64 deter-

1348 1097 141 60 minate:
1451 1097 77 60 eo
1489 1097 103 60 quod
1553 1097 128 60 nullus
1643 1097 154 60 terminus
1759 1097 154 60 virtutem
1874 1097 128 60 habens
1964 1097 192 60 confundendi
2118 1097 180 60 praecedit:

1346 1138 92 61 sic
1398 1138 92 61 est
1451 1138 79 61 in
1490 1138 171 61 proposita
1622 1138 158 61 ratione.
1740 1138 66 61 ⁋
1766 1138 79 61 Ad
1805 1138 92 61 2am
1858 1138 144 61 dicetur
1963 1138 105 61 quod
2029 1138 144 61 vocando
2134 1138 171 61 potentiam

1345 1193 94 54 illam
1407 1193 83 54 vnam
1459 1193 83 54 quae
1511 1193 73 54 est
1553 1193 83 54 vnus
1605 1193 94 54 actus
1667 1193 156 54 possibilis:
1792 1193 94 54 sicut
1855 1193 73 54 non
1897 1193 115 54 videtur
1980 1193 135 54 accipere:
2084 1193 94 54 minor
2146 1193 73 54 est
2178 1193 83 54 falsa:

1355 1232 72 58 eo
1391 1232 96 58 quod
1451 1232 120 58 nullus
1535 1232 96 58 vnus
1595 1232 108 58 actus
1667 1232 84 58 est
1715 1232 168 58 possibilis
1847 1232 156 58 constitui
1967 1232 72 58 ex
2003 1232 156 58 infinitis
2123 1232 132 58 actibus
2207 1232 60 58 seu

1354 1277 148 58 gradibus
1465 1277 185 58 partialibus
1613 1277 210 58 possibilibus:
1786 1277 86 58 nec
1836 1277 148 58 probatio
1947 1277 148 58 sufficit
2058 1277 124 58 contra
2144 1277 99 58 hoc:
2194 1277 74 58 quia

1352 1323 134 50 quamuis
1449 1323 110 50 mille
1522 1323 73 50 et
1559 1323 97 50 ideo
1620 1323 122 50 milia:
1705 1323 73 50 et
1741 1323 170 50 quotcumque
1875 1323 146 50 secundum
1985 1323 134 50 aliquem
2082 1323 134 50 numerum
2167 1323 110 50 possint

1357 1360 86 62 vnum
1411 1360 118 62 totalem
1497 1360 97 62 actum
1562 1360 172 62 constituere:
1702 1360 75 62 non
1745 1360 97 62 tamen
1810 1360 129 62 sequitur
1907 1360 86 62 quod
1960 1360 140 62 infiniti:
2068 1360 65 62 et
2100 1360 75 62 per
2133 1360 129 62 consequens

1355 1407 86 57 non
1404 1407 86 57 est
1453 1407 123 57 tantum
1540 1407 86 57 vna
1589 1407 148 57 potentia
1700 1407 148 57 secundum
1812 1407 111 57 illum
1886 1407 111 57 modum
1960 1407 148 57 loquendi
2071 1407 74 57 ad
2108 1407 111 57 omnem
2170 1407 86 57 addi-

1351 1446 124 57 tionem
1437 1446 186 57 possibilem:
1586 1446 87 57 nec
1636 1446 74 57 ad
1673 1446 174 57 additionem
1810 1446 198 57 infinitorum.
1971 1446 174 57 auctoritas
2107 1446 124 57 autem.
2194 1446 74 57 P.
2231 1446 74 57 et

1352 1496 214 58 Commentatoris.
1530 1496 71 58 in
1566 1496 83 58 hac
1613 1496 107 58 parte
1684 1496 166 58 recipiende
1815 1496 83 58 non
1863 1496 107 58 sunt:
1934 1496 107 58 sicut
2005 1496 83 58 nec
2052 1496 71 58 in
2088 1496 107 58 aliis
2159 1496 83 58 vbi
2207 1496 95 58 male

1352 1542 161 50 dixerunt.
1475 1542 62 50 ⁋
1500 1542 74 50 Ad
1537 1542 111 50 aliam
1612 1542 124 50 formam
1698 1542 136 50 eiusdem
1797 1542 149 50 rationis
1909 1542 149 50 dicendum
2020 1542 87 50 est
2070 1542 99 50 quod
2132 1542 87 50 non
2169 1542 99 50 valet.

1364 1580 97 60 quia
1425 1580 85 60 per
1473 1580 134 60 similem
1571 1580 110 60 modum
1644 1580 122 60 posset
1729 1580 146 60 probari:
1839 1580 97 60 quod
1900 1580 97 60 deus
1961 1580 122 60 posset
2046 1580 110 60 simul
2119 1580 97 60 actu
2168 1580 97 60 creare

1357 1622 91 55 omnes
1418 1622 101 55 animas
1488 1622 81 55 quas
1539 1622 91 55 praet
1600 1622 111 55 creare:
1681 1622 81 55 quod
1731 1622 101 55 quidem
1802 1622 61 55 et
1833 1622 71 55 est
1873 1622 101 55 falsum
1944 1622 61 55 in
1974 1622 71 55 se:
2015 1622 81 55 quia
2065 1622 71 55 non
2106 1622 71 55 tot
2146 1622 101 55 potest
2207 1622 71 55 simul

1352 1666 120 54 creare
1436 1666 96 54 quin
1496 1666 108 54 alias
1568 1666 120 54 possit
1651 1666 108 54 adhuc
1723 1666 120 54 creare
1807 1666 72 54 in
1843 1666 168 54 infinitum:
1975 1666 72 54 et
2011 1666 120 54 contra
2094 1666 84 54 sic
2130 1666 132 54 arguentes

1361 1710 83 68 qui
1409 1710 95 68 tunc
1468 1710 166 68 sequeretur
1598 1710 95 68 quod
1658 1710 95 68 deus
1717 1710 107 68 posst
1788 1710 119 68 facere
1871 1710 95 68 actu
1931 1710 107 68 simul
2002 1710 119 68 animas
2085 1710 166 68 infinitas:
2204 1710 71 68 quod

1355 1757 92 53 ipsi
1413 1757 127 53 negant.
1505 1757 58 53 ⁋
1528 1757 92 53 Quia
1586 1757 81 53 aut
1632 1757 81 53 ita
1678 1757 138 53 sequatur
1781 1757 69 53 si
1816 1757 104 53 ratio
1885 1757 92 53 illa
1943 1757 138 53 valeret:
2046 1757 104 53 patet
2115 1757 127 53 quoniam
2196 1757 69 53 quam

1352 1804 111 54 libet
1426 1804 123 54 animam
1512 1804 160 54 creabilem
1635 1804 86 54 dei
1684 1804 148 54 potentia
1795 1804 123 54 actiua
1881 1804 160 54 immediate
2004 1804 160 54 respicit:
2127 1804 74 54 et
2164 1804 86 54 non
2201 1804 74 54 vnam

1351 1843 136 52 mediante
1453 1843 102 52 alia.
1520 1843 91 52 Item
1577 1843 170 52 sequaeretur
1713 1843 91 52 quod
1770 1843 147 52 continuum
1883 1843 113 52 posset
1962 1843 102 52 simul
2030 1843 91 52 esse
2087 1843 125 52 diuisum
2166 1843 113 52 secundum

1357 1893 92 46 omnes
1418 1893 143 46 diuisiones
1531 1893 82 46 eius
1582 1893 153 46 possibiles:
1704 1893 82 46 quod
1756 1893 72 46 est
1796 1893 82 46 ipsi
1848 1893 112 46 negant:
1929 1893 61 46 et
1960 1893 92 46 patet
2021 1893 164 46 consequentia
2154 1893 112 46 quoniam
2226 1893 51 46 vna

1350 1931 96 48 eius
1410 1931 132 48 diuisio
1506 1931 84 48 non
1554 1931 108 48 prius
1626 1931 84 48 est
1674 1931 168 48 possibilis
1806 1931 96 48 quam
1867 1931 108 48 alia:
1939 1931 84 48 nec
1987 1931 132 48 aliquis
2083 1931 96 48 ordo
2143 1931 108 48 inter
2203 1931 72 48 eas:

1363 1971 75 61 sed
1406 1971 140 61 quaelibet
1514 1971 140 61 immediate
1621 1971 86 61 poni
1675 1971 107 61 potest
1750 1971 64 61 in
1782 1971 97 61 actu:
1847 1971 86 61 vnde
1901 1971 64 61 ex
1933 1971 129 61 continuo
2030 1971 118 61 quantum
2116 1971 75 61 est
2159 1971 64 61 ex
2180 1971 86 61 natura

1350 2014 107 54 eius:
1421 2014 71 54 et
1457 2014 83 54 sic
1504 2014 83 54 est
1552 2014 95 54 deus
1611 2014 118 54 posset
1694 2014 118 54 ponere
1777 2014 71 54 in
1812 2014 107 54 esse:
1883 2014 83 54 sic
1931 2014 118 54 posset
2013 2014 107 54 primo
2084 2014 118 54 diuidi
2156 2014 118 54 centesi-

1358 2063 72 50 ma
1394 2063 72 50 et
1430 2063 119 50 postea
1513 2063 179 50 nonagesima:
1656 2063 107 50 sicut
1728 2063 155 50 econverso
1847 2063 83 50 nec
1894 2063 83 50 est
1942 2063 131 50 aliquod
2038 2063 131 50 punctum
2133 2063 72 50 in
2169 2063 83 50 quo
2204 2063 60 50 non

1356 2105 126 59 possit
1444 2105 126 59 incipi
1532 2105 163 59 continuum
1658 2105 138 59 diuidi:
1758 2105 113 59 sicut
1834 2105 188 59 experientia
1985 2105 138 59 probat.
2085 2105 63 59 ⁋
2110 2105 75 59 Et
2148 2105 101 59 ideo
2198 2105 63 59 fi-

1345 2156 104 47 ctio
1410 2156 91 47 est
1462 2156 78 47 id
1501 2156 104 47 quod
1566 2156 130 47 dicunt
1656 2156 78 47 de
1695 2156 104 47 illo
1760 2156 130 47 ordine
1851 2156 182 47 diuisionum
1994 2156 156 47 continui
2110 2156 78 47 et
2149 2156 117 47 nimis
2214 2156 52 47 le

1355 2190 112 51 uiter
1429 2190 137 51 dictum.
1528 2190 62 51 ⁋
1553 2190 74 51 Ad
1590 2190 149 51 rationem
1702 2190 99 51 ergo
1764 2190 87 51 cum
1814 2190 137 51 dicitur
1913 2190 99 51 quod
1975 2190 161 51 magnitudo
2099 2190 87 51 seu
2149 2190 112 51 forma
2211 2190 62 51 est

1350 2232 150 60 immediate
1466 2232 69 60 in
1501 2232 139 60 potentia
1604 2232 69 60 ad
1639 2232 104 60 omnem
1708 2232 115 60 gradum
1789 2232 92 60 etc.
1847 2232 69 60 si
1881 2232 115 60 sensus
1962 2232 196 60 propositionis
2124 2232 81 60 est
2170 2232 81 60 sic
2205 2232 69 60 ipse

1357 2278 106 60 esse
1423 2278 133 60 debet:
1516 2278 106 60 quod
1582 2278 199 60 magnitudini
1742 2278 93 60 vel
1795 2278 119 60 forme
1874 2278 133 60 potest
1967 2278 172 60 immediate
2100 2278 106 60 addi
2153 2278 106 60 gradus

1354 2322 93 56 omnis
1416 2322 83 56 sibi
1468 2322 145 56 possibilis
1581 2322 93 56 addi:
1644 2322 83 56 dico
1695 2322 83 56 quod
1747 2322 72 56 est
1789 2322 145 56 propositio
1903 2322 104 56 falsa:
1975 2322 114 56 quamuis
2058 2322 72 56 hic
2099 2322 72 56 sit
2141 2322 93 56 vera.
2193 2322 72 56 omnis

1348 2367 139 55 gradus
1445 2367 194 55 possibilis
1598 2367 111 55 addi
1667 2367 222 55 magnitudini:
1848 2367 139 55 potest
1945 2367 180 55 immediate
2084 2367 111 55 illi
2153 2367 125 55 addi:
2222 2367 56 55 vt

1357 2421 99 48 ly.
1413 2421 198 48 immediate.
1569 2421 169 48 excludat
1696 2421 212 48 prioritatem
1865 2421 85 48 et
1907 2421 155 48 ordinem
2020 2421 169 48 graduum:
2147 2421 99 48 nec
2189 2421 85 48 pro-

1356 2451 159 60 positiones
1480 2451 91 60 ille
1537 2451 159 60 equivalent
1662 2451 79 60 nec
1707 2451 102 60 mutuo
1775 2451 68 60 se
1809 2451 147 60 inferunt:
1923 2451 79 60 sed
1968 2451 102 60 prima
2036 2451 79 60 est
2081 2451 102 60 falsa
2149 2451 68 60 et
2172 2451 102 60 secunda

1357 2506 86 45 vera:
1415 2506 86 45 sicut
1473 2506 67 45 hoc
1511 2506 67 45 est
1549 2506 58 45 va
1578 2506 125 45 quamlibet
1674 2506 96 45 animam
1741 2506 125 45 creabilem
1837 2506 96 45 potest
1904 2506 77 45 deus
1952 2506 106 45 creare:
2029 2506 77 45 quia
2077 2506 125 45 quaelibet
2173 2506 86 45 talis
2221 2506 48 45 est

1362 2539 170 60 possibilis:
1497 2539 90 60 hanc
1554 2539 113 60 animam
1633 2539 147 60 creabilem
1746 2539 90 60 deus
1803 2539 102 60 creat
1870 2539 113 60 aliqua
1949 2539 170 60 demonstrata
2085 2539 102 60 anima
2142 2539 124 60 creabili:

1361 2580 62 54 et
1392 2580 83 54 hanc
1443 2580 103 54 animam
1516 2580 145 54 creabiliem
1629 2580 83 54 deus
1681 2580 103 54 creat:
1753 2580 62 54 et
1784 2580 72 54 sic
1825 2580 62 54 de
1856 2580 124 54 singulis
1949 2580 72 54 pro
1991 2580 103 54 quibus
2063 2580 124 54 supponit
2145 2580 114 54 subiectum

1355 2625 93 54 illius
1420 2625 139 54 vniversalis
1531 2625 56 54 de
1559 2625 102 54 possibi
1633 2625 149 54 demonstrata:
1754 2625 74 54 quod
1801 2625 112 54 sufficit
1884 2625 56 54 ad
1912 2625 102 54 vitatem
1987 2625 84 54 eius:
2042 2625 56 54 et
2070 2625 84 54 tamen
2126 2625 74 54 haec
2172 2625 65 54 est
2200 2625 56 54 fal-

1358 2673 63 51 sa.
1394 2673 72 51 deus
1439 2673 90 51 potest
1503 2673 90 51 creare
1566 2673 118 51 quamlibet
1656 2673 90 51 animam
1720 2673 127 51 creabilem:
1819 2673 72 51 quia
1864 2673 72 51 haec
1909 2673 63 51 non
1946 2673 63 51 est
1982 2673 136 51 possibilis:
2090 2673 63 51 hoc
2126 2673 81 51 creat
2172 2673 99 51 quamlibet

1355 2718 119 48 animam
1439 2718 155 48 creabilem
1558 2718 179 48 demonstrato
1701 2718 72 48 eo
1737 2718 83 48 pro
1784 2718 83 48 quo
1832 2718 143 48 supponit
1939 2718 83 48 hoc
1987 2718 107 48 nomen
2058 2718 107 48 deus:
2130 2718 95 48 quod
2178 2718 83 48 tamen

1351 2759 155 52 requireretur
1478 2759 58 52 ad
1507 2759 107 52 vitatem
1584 2759 107 52 illius.
1662 2759 126 52 Similiter
1759 2759 78 52 haec
1808 2759 68 52 est
1847 2759 87 52 vera:
1905 2759 117 52 secundum
1992 2759 126 52 quodlibet
2089 2759 97 52 signum
2157 2759 78 52 eius
2196 2759 78 52 potest

1354 2800 68 56 hoc
1393 2800 127 56 continuum
1491 2800 78 56 esse
1540 2800 117 56 diuisum:
1628 2800 59 56 et
1658 2800 88 56 tamen
1716 2800 78 56 haec
1765 2800 68 56 est
1804 2800 88 56 falsa
1863 2800 117 56 secundum
1951 2800 98 56 istos.
2020 2800 68 56 hoc
2059 2800 127 56 continuum
2157 2800 98 56 potest
2215 2800 59 56 esse

1357 2845 115 51 diuisum
1440 2845 126 51 secundum
1535 2845 136 51 quodlibet
1640 2845 84 51 eius
1692 2845 115 51 signum:
1776 2845 115 51 quamuis
1860 2845 84 51 ergo
1912 2845 73 51 sit
1954 2845 136 51 impropria
2059 2845 126 51 locutio:
2154 2845 84 51 quia
2196 2845 73 51 forma

1361 2888 190 53 praeexistens
1515 2888 83 53 non
1563 2888 131 53 recipit
1658 2888 119 53 gradum
1741 2888 190 53 aduenientem:
1895 2888 83 53 sed
1943 2888 95 53 sibi
2002 2888 131 53 vnitur:
2097 2888 131 53 concedo
2180 2888 83 53 istam

1355 2935 141 51 secundum
1461 2935 94 51 vnum
1519 2935 117 51 sensum
1601 2935 176 51 praemissum.
1742 2935 152 51 quemlibet
1859 2935 117 51 gradum
1941 2935 152 51 possibile
2058 2935 94 51 addi
2117 2935 117 51 potest
2187 2935 82 51 forma

1345 2979 171 50 immediate
1476 2979 171 50 recipere.
1608 2979 79 50 Et
1647 2979 105 50 dico
1713 2979 105 50 quod
1779 2979 79 50 ex
1818 2979 105 50 ista
1884 2979 92 50 non
1936 2979 171 50 sequitur.
2068 2979 105 50 ergo
2134 2979 118 50 forma
2199 2979 66 50 po-

1354 3025 104 54 test
1419 3025 169 54 immediate
1549 3025 156 54 recipere
1666 3025 169 54 quemlibet
1796 3025 143 54 gradum:
1900 3025 91 54 vel
1952 3025 117 54 omnes
2030 3025 130 54 gradus
2108 3025 156 54 possibiles

1354 3061 127 67 sibi
1433 3061 143 67 addi:
1528 3061 95 67 et
1576 3061 206 67 similiter
1734 3061 111 67 non
1798 3061 206 67 sequitur:
1956 3061 95 67 ad
2004 3061 206 67 infinitos
2146 3061 127 67 gradus
