2447 3551
171 220 105 80 forma
241 220 82 80 est
288 220 70 80 in
323 220 151 80 potentia.
439 220 93 80 ergo
497 220 105 80 forma
567 220 82 80 est
614 220 70 80 in
649 220 140 80 potentia
754 220 70 80 ad
789 220 163 80 infinitos:
917 220 70 80 si
940 220 128 80 infinitos

159 290 88 55 in
203 290 219 55 antecedente
378 290 161 55 sumatur
495 290 351 55 sincathegoreumatice.
802 290 73 55 â‹
831 290 88 55 Ad
875 290 131 55 aliam
948 290 117 55 formam

168 336 136 50 eiusdem
266 336 74 50 et
303 336 160 50 rationis.
427 336 86 50 cum
476 336 123 50 dicit:
562 336 99 50 quod
624 336 148 50 potentia
735 336 111 50 forme
809 336 74 50 ad
846 336 160 50 augmentum
970 336 86 50 est
1007 336 49 50 po

165 372 74 56 ad
202 372 112 56 actum
276 372 173 56 perfectum:
412 372 112 56 dico:
487 372 99 56 quod
549 372 74 56 si
586 372 87 56 per
635 372 112 56 actum
710 372 161 56 perfectum
834 372 198 56 intelligatur
982 372 87 56 actus

171 421 84 49 quo
219 421 120 49 posito
303 421 84 49 non
352 421 132 49 remanet
448 421 144 49 potentia
556 421 72 49 ad
592 421 108 49 alium
665 421 108 49 actum
737 421 132 49 eiusdem
833 421 144 49 rationis
930 421 144 49 propositio

165 464 84 51 est
213 464 121 51 falsa:
298 464 72 51 ad
334 464 121 51 nullum
418 464 97 51 enim
479 464 109 51 talem
551 464 109 51 actum
623 464 84 51 est
672 464 145 51 potentia
780 464 145 51 augmenti
889 464 121 51 forme:
961 464 109 51 quoniam

156 505 155 56 nullus
264 505 139 56 actus
357 505 263 56 comprehendens
574 505 139 56 omnes
666 505 170 56 formas:
790 505 108 56 seu
852 505 139 56 actus
945 505 93 56 ad
976 505 93 56 quos

157 549 137 56 potest
253 549 109 56 esse
321 549 178 56 augmentum
458 549 123 56 forme
540 549 96 56 est
595 549 205 56 possibilis:
759 549 82 56 vt
800 549 109 56 ante
868 549 137 56 dictum
964 549 109 56 est:
1018 549 55 56 et

155 596 99 46 ion
212 596 199 46 quemcumque
368 596 142 46 gradum
467 596 128 46 forma
553 596 170 46 recipiat
680 596 128 46 adhuc
766 596 128 46 alium
851 596 142 46 potest
936 596 128 46 reciper

150 638 97 54 re.
205 638 83 54 Si
247 638 110 54 vero
316 638 221 54 intelligatur
495 638 97 54 per
550 638 124 54 actum
633 638 179 54 perfectum
771 638 138 54 actus:
868 638 97 54 quo
923 638 138 54 posito
1006 638 55 54 ni

153 679 85 51 hil
202 679 97 51 eius
262 679 85 51 est
311 679 73 51 in
348 679 158 51 potentia:
469 679 85 51 sed
518 679 85 51 est
567 679 110 51 totus
640 679 73 51 in
676 679 110 51 actu:
749 679 110 51 dico:
822 679 97 51 quod
883 679 73 51 ad
920 679 110 51 actum
981 679 85 51 perfe

158 725 107 46 ctum
225 725 94 46 est
278 725 161 46 potentia
399 725 121 46 forme
480 725 81 46 ad
520 725 188 46 augmentum:
667 725 94 46 sed
721 725 94 46 non
775 725 94 46 est
828 725 134 46 tantum
922 725 107 46 vnus
976 725 94 46 talis

166 767 118 54 actus:
249 767 83 54 sed
296 767 154 54 infiniti.
415 767 71 54 Et
450 767 95 54 ideo
510 767 118 54 quando
592 767 83 54 est
640 767 95 54 illa
699 767 142 54 potentia
806 767 130 54 reducta
900 767 71 54 ad
936 767 95 54 vnum
983 767 83 54 actum

144 811 135 49 potest
239 811 122 49 adhuc
320 811 81 49 ad
361 811 122 49 alium
442 811 149 49 reduci:
551 811 81 49 et
591 811 95 49 sic
645 811 81 49 in
686 811 190 49 infinitum:
835 811 95 49 vel
889 811 162 49 proprius
997 811 68 49 lo-

146 854 126 51 quendo
235 854 126 51 quando
323 854 101 51 vnus
387 854 114 51 actus
462 854 177 51 possibilis
601 854 139 51 positus
702 854 88 51 est
753 854 76 51 in
791 854 152 51 effectum
905 854 126 51 potest
981 854 88 51 alius

152 894 118 57 poni:
231 894 79 57 et
270 894 105 57 alio
336 894 131 57 posito
427 894 105 57 post
493 894 105 57 poni
558 894 131 57 alius:
650 894 79 57 et
690 894 92 57 sic
742 894 79 57 in
781 894 184 57 infinitum.
926 894 79 57 Et
952 894 118 57 quantum

162 943 70 50 ad
197 943 81 50 hoc
244 943 81 50 est
290 943 116 50 simile
371 943 70 50 de
406 943 186 50 diuisionibus
557 943 151 50 continui:
673 943 128 50 quoniam
766 943 81 50 non
813 943 81 50 est
859 943 104 50 verum
929 943 93 50 quod
987 943 70 50 ex
1010 943 58 50 vna

160 983 186 52 diuisione
303 983 143 52 posita
403 983 86 52 in
446 983 115 52 actu
518 983 201 52 significat
676 983 115 52 noua
748 983 172 52 potentia
877 983 172 52 alterius
991 983 72 52 di-

155 1025 157 47 uisionis:
276 1025 85 47 cum
324 1025 157 47 quaelibet
445 1025 133 47 diuisio
541 1025 85 47 sit
590 1025 97 47 eque
650 1025 157 47 immediate
771 1025 181 47 possibilis:
916 1025 72 47 et
940 1025 133 47 quaelibet

146 1076 141 49 diuisio
249 1076 90 49 est
300 1076 128 49 quidam
390 1076 115 49 actus
467 1076 167 49 completus
595 1076 90 49 hoc
647 1076 77 49 2o
685 1076 103 49 modo
749 1076 77 49 et
788 1076 115 49 nulla
865 1076 90 49 vna
916 1076 141 49 diuisio
1006 1076 64 49 est

145 1116 118 46 actus
223 1116 170 46 completus
354 1116 118 46 primo
433 1116 118 46 modo:
511 1116 79 46 et
551 1116 105 46 ideo
616 1116 157 46 qualibet
734 1116 170 46 diuisione
865 1116 131 46 posita
956 1116 79 46 in
982 1116 92 46 actu:

162 1157 165 57 possibilis
292 1157 83 57 est
339 1157 130 57 divisio
433 1157 106 57 alia:
504 1157 71 57 et
539 1157 83 57 sic
587 1157 71 57 in
622 1157 153 57 infinitum
740 1157 94 57 nisi
799 1157 130 57 ponatur
893 1157 94 57 quod
940 1157 130 57 continuum

157 1202 131 52 possit
249 1202 105 52 esse
314 1202 170 52 totaliter
445 1202 105 52 actu
510 1202 157 52 diuisum.
628 1202 65 52 â‹
654 1202 79 52 Ad
693 1202 79 52 3m
733 1202 92 52 cum
785 1202 144 52 dicitur
890 1202 105 52 quod
942 1202 131 52 quantan-

158 1243 125 53 cumque
246 1243 163 53 caritatem
371 1243 100 53 deus
434 1243 125 53 potest
522 1243 125 53 facere
609 1243 150 53 concedo.
722 1243 75 53 et
759 1243 88 53 cum
810 1243 150 53 additur.
922 1243 138 53 ponatur
1010 1243 50 53 er

158 1285 69 55 go
193 1285 69 55 in
228 1285 92 55 esse
285 1285 92 55 etc.
343 1285 104 55 dico:
412 1285 92 55 quod
469 1285 81 55 non
515 1285 138 55 sequitur
619 1285 92 55 quod
677 1285 81 55 sic
723 1285 115 55 possit
803 1285 92 55 poni
861 1285 69 55 in
895 1285 104 55 esse:
964 1285 69 55 et
987 1285 81 55 ratio

159 1331 87 56 est:
213 1331 87 56 quia
268 1331 65 56 ad
300 1331 98 56 illam
365 1331 141 56 concessam
474 1331 76 56 non
517 1331 130 56 sequitur
615 1331 87 56 quod
669 1331 87 56 illa
724 1331 65 56 de
756 1331 109 56 inesse
832 1331 76 56 sit
876 1331 163 56 possibilis:
995 1331 76 56 sicut

159 1372 80 56 non
204 1372 148 56 sequitur:
318 1372 159 56 quamcumque
443 1372 114 56 animam
522 1372 91 56 deus
579 1372 102 56 praet
647 1372 125 56 creare.
738 1372 91 56 deus
795 1372 114 56 potest
874 1372 136 56 causare.
977 1372 91 56 ergo
1022 1372 57 56 hec

152 1415 92 48 est
205 1415 198 48 possibilis.
363 1415 184 48 quamcumque
508 1415 132 48 animam
600 1415 105 48 deus
666 1415 132 48 creat.
758 1415 119 48 prima
837 1415 105 48 enim
903 1415 92 48 est
955 1415 119 48 vera:
1021 1415 53 48 et

153 1462 102 51 hec
212 1462 160 51 secunda
328 1462 102 51 est
386 1462 247 51 impossibilis:
590 1462 116 51 quia
663 1462 102 51 non
721 1462 145 51 potest
823 1462 116 51 deus
895 1462 160 51 aliquas
997 1462 73 51 vel

163 1507 82 51 tot
210 1507 117 51 animas
292 1507 129 51 causare
386 1507 94 51 quin
445 1507 129 51 praeter
539 1507 106 51 illas
609 1507 117 51 possit
691 1507 106 51 alias
762 1507 141 51 causare:
867 1507 70 51 et
903 1507 94 51 ideo
961 1507 94 51 illa
1008 1507 59 51 non

152 1547 125 52 potest
239 1547 100 52 poni
301 1547 137 52 inesse:
401 1547 87 52 nec
450 1547 87 52 est
500 1547 187 52 necessarium
650 1547 100 52 quod
712 1547 162 52 quaelibet
836 1547 174 52 propositio
973 1547 100 52 vera
1023 1547 50 52 de

151 1589 177 57 possibili
288 1589 136 57 possit
383 1589 95 57 per
438 1589 123 57 illum
520 1589 123 57 modum
602 1589 109 57 poni
670 1589 150 57 inesse.
779 1589 109 57 nisi
847 1589 136 57 quando
943 1589 95 57 est
984 1589 95 57 vera:

150 1639 91 48 in
195 1639 136 48 sensu
286 1639 211 48 composito.
452 1639 75 48 â‹
482 1639 91 48 Ad
527 1639 91 48 4m
572 1639 136 48 dico:
663 1639 121 48 quod
738 1639 121 48 deus
814 1639 136 48 videt
904 1639 136 48 omnem
980 1639 91 48 car-

155 1677 118 51 tatem
234 1677 197 51 causabilem:
391 1677 79 51 et
430 1677 118 51 vltra
509 1677 105 51 dico
575 1677 105 51 quod
640 1677 157 51 concesso
758 1677 105 51 quod
824 1677 92 51 non
876 1677 131 51 videat
955 1677 118 51 aliquam

158 1717 105 52 infi
223 1717 118 52 nitam
302 1717 197 52 causabilem:
459 1717 92 52 non
512 1717 157 52 sequitur
630 1717 105 52 quod
695 1717 92 52 non
747 1717 79 52 in
787 1717 170 52 infinitum
918 1717 131 52 possit
996 1717 79 52 face

167 1759 76 57 re
205 1759 152 57 maiorem:
319 1759 114 57 sicut
395 1759 89 57 non
446 1759 165 57 sequitur.
573 1759 127 57 nullum
662 1759 139 57 numerum
763 1759 165 57 infinitum
890 1759 177 57 factibilem
1017 1759 63 57 vi-

156 1810 102 48 det
215 1810 131 48 deus.
302 1810 116 48 ergo
374 1810 102 48 non
432 1810 87 48 in
476 1810 189 48 infinitum
621 1810 160 48 maiorem
737 1810 160 48 numerum
854 1810 145 48 potest
955 1810 116 48 deus
1013 1810 73 48 fa-

160 1845 112 54 cere.
234 1845 175 54 antecedens
371 1845 100 54 enim
434 1845 87 54 est
484 1845 125 54 verum:
571 1845 100 54 quia
633 1845 112 54 omnis
708 1845 137 54 numerus
808 1845 87 54 est
858 1845 162 54 multitudo
970 1845 112 54 finita:

169 1899 67 46 et
202 1899 100 46 tamen
269 1899 155 46 consequens
391 1899 133 46 secundum
491 1899 100 46 omnes
557 1899 78 46 est
602 1899 122 46 falsum:
691 1899 78 46 sic
735 1899 122 46 quamuis
824 1899 100 46 nulla
890 1899 122 46 caritas
968 1899 111 46 infinita

166 1935 126 54 esset
250 1935 196 54 causabilis
404 1935 126 54 adhuc
487 1935 84 54 in
529 1935 182 54 infinitum
669 1935 140 54 posset
767 1935 126 54 maior
851 1935 140 54 finita
934 1935 140 54 causari-

166 1976 66 55 â‹
192 1976 79 55 Ad
232 1976 79 55 5m
271 1976 92 55 cum
324 1976 145 55 dicitur
429 1976 211 55 quantacumque
600 1976 145 55 caritas
705 1976 132 55 potest
798 1976 118 55 fieri
877 1976 66 55 a
903 1976 92 55 deo
942 1976 132 55 successi

169 2021 82 56 ue
210 2021 123 56 tanta
293 2021 137 56 potest
388 2021 68 56 a
416 2021 96 56 deo
471 2021 123 56 fieri
553 2021 137 56 simul:
649 2021 137 56 aliqui
745 2021 137 56 negant
840 2021 123 56 hanc:
923 2021 96 56 sed
977 2021 82 56 vt
1005 2021 82 56 mihi

164 2065 158 54 videtur:
283 2065 277 54 irrationabiliter.
520 2065 92 54 Nam
573 2065 158 54 quelibet
692 2065 185 54 singularis
837 2065 106 54 eius
903 2065 92 54 est
956 2065 119 54 vera:
1022 2065 53 54 de

155 2107 189 52 monstrata
301 2107 116 52 enim
373 2107 145 52 aliqua
475 2107 203 52 latitudine
635 2107 189 52 caritatis
780 2107 203 52 successiue
925 2107 145 52 factibi-

158 2151 81 50 lis
205 2151 104 50 verum
274 2151 81 50 est
320 2151 115 50 dicere
401 2151 92 50 quod
459 2151 92 50 illa
516 2151 115 50 potest
597 2151 104 50 simul
666 2151 104 50 fieri
736 2151 58 50 a
759 2151 92 50 deo:
816 2151 69 50 et
851 2151 81 50 sic
897 2151 69 50 de
932 2151 150 50 qualibet.
1036 2151 46 50 et

162 2191 110 63 ideo
231 2191 151 63 concedo
341 2191 165 63 maiorem.
464 2191 82 63 Et
505 2191 165 63 quicquid
629 2191 96 63 sit
684 2191 82 63 de
725 2191 151 63 minore:
835 2191 110 63 dico
904 2191 110 63 quod
972 2191 82 63 ea
1000 2191 82 63 con-

167 2236 107 49 cessa
238 2236 119 49 potest
322 2236 131 49 concedi
417 2236 107 49 etiam
488 2236 167 49 conclusio:
619 2236 83 49 que
667 2236 83 49 est
714 2236 95 49 quod
774 2236 107 49 nulla
845 2236 143 49 infinita
952 2236 131 49 caritas
1035 2236 48 49 po

161 2287 115 56 test
233 2287 72 56 a
261 2287 101 56 deo
319 2287 130 56 fieri
405 2287 216 56 successiue:
578 2287 101 56 sed
636 2287 86 56 ex
679 2287 101 56 hoc
736 2287 101 56 non
794 2287 173 56 sequitur
924 2287 115 56 quod
981 2287 101 56 inten

156 2320 128 56 dunt:
241 2320 128 56 stant
327 2320 114 56 enim
398 2320 128 56 simul
484 2320 114 56 quod
555 2320 128 56 nulla
641 2320 171 56 infinita
769 2320 157 56 caritas
883 2320 143 56 possit
969 2320 114 56 fieri.

168 2371 211 52 successiue:
337 2371 84 52 et
379 2371 113 52 quod
449 2371 84 52 in
492 2371 127 52 infin
576 2371 197 52 successiue
731 2371 141 52 possit
830 2371 127 52 fieri
914 2371 127 52 maior
984 2371 99 52 cari-

169 2412 89 49 tas
220 2412 140 49 finita:
322 2412 89 49 sic
373 2412 102 49 quod
436 2412 127 49 semper
525 2412 153 49 quelibet
640 2412 114 49 facta
716 2412 102 49 erit
780 2412 140 49 finita:
881 2412 165 49 exemplum.
996 2412 76 49 nul-

169 2452 94 59 lus
222 2452 148 59 numerus
330 2452 175 59 infinitus
464 2452 134 59 potest
558 2452 121 59 fieri
638 2452 201 59 successiue:
800 2452 81 59 et
840 2452 121 59 tamen
920 2452 81 59 in
947 2452 121 59 infini-

163 2497 113 63 tum
228 2497 162 63 potest
341 2497 146 63 fieri
438 2497 227 63 successiue
616 2497 146 63 maior
714 2497 178 63 numerus
843 2497 194 63 finitus.
989 2497 81 63 â‹
1005 2497 65 63 Ao

176 2535 72 59 6m
212 2535 132 59 concedo
308 2535 168 59 consequens
440 2535 72 59 et
476 2535 96 59 dico
536 2535 96 59 quod
596 2535 84 59 non
644 2535 84 59 est
692 2535 180 59 impossibile
836 2535 108 59 motum
908 2535 132 59 aliquem
992 2535 84 59 rectu

180 2583 115 53 esse
251 2583 187 53 continuum
395 2583 86 53 et
438 2583 86 53 in
481 2583 187 53 infinitum
625 2583 129 53 inter
711 2583 115 53 duos
783 2583 172 53 terminos
912 2583 144 53 habito
998 2583 72 53 vne

178 2626 208 51 intellectu
342 2626 134 51 huius
431 2626 134 51 dicti
520 2626 104 51 quo
580 2626 164 51 dicitur
699 2626 134 51 motus
788 2626 119 51 esse
863 2626 134 51 inter
937 2626 149 51 terminos

168 2671 127 53 duos.
253 2671 113 53 vnde
323 2671 127 53 dico:
408 2671 113 53 quod
479 2671 113 53 deus
549 2671 141 53 posset
648 2671 170 53 continue
775 2671 141 53 augere
874 2671 155 53 aliquam
973 2671 113 53 magni-

171 2722 176 47 tudinem:
303 2722 88 47 et
347 2722 147 47 mouere
450 2722 147 47 corpus
552 2722 161 47 aliquod
670 2722 176 47 continue
802 2722 132 47 super
889 2722 117 47 eam:
963 2722 88 47 et
992 2722 88 47 ille

178 2766 118 45 motus
257 2766 118 45 esset
336 2766 171 45 continuus
467 2766 79 45 in
507 2766 184 45 infinitum:
652 2766 79 45 et
691 2766 118 45 eodem
770 2766 105 45 modo
836 2766 145 45 dicitur
941 2766 79 45 de
968 2766 105 45 inten-

169 2800 127 60 sione
254 2800 198 60 caritatis:
409 2800 183 60 supposito
550 2800 113 60 quod
620 2800 155 60 caritas
733 2800 85 60 in
776 2800 183 60 infinitum
917 2800 141 60 possit
1001 2800 85 60 auge

164 2853 82 47 ri
205 2853 82 47 in
247 2853 178 47 subiecto:
384 2853 123 47 alias
466 2853 192 47 argumentum
617 2853 96 47 non
672 2853 151 47 haberet
781 2853 137 47 locum:
877 2853 110 47 quia
946 2853 123 47 talis
1014 2853 69 47 in-

170 2896 151 51 tensio
275 2896 196 51 caritatis
426 2896 105 51 non
486 2896 136 51 esset
577 2896 151 51 motus.
682 2896 181 51 amplius:
818 2896 166 51 quamuis
923 2896 151 51 argumen-

174 2934 96 55 tum
229 2934 96 55 hoc
284 2934 96 55 non
339 2934 179 55 requirat.
477 2934 82 55 ex
518 2934 247 55 superabundanti
724 2934 124 55 tamen
806 2934 82 55 et
847 2934 220 55 probabiliter
1012 2934 69 55 di-

178 2979 76 50 ci
216 2979 127 50 posset
306 2979 102 50 quod
369 2979 115 50 etiam
446 2979 127 50 posito
535 2979 102 50 quod
598 2979 115 50 esset
675 2979 102 50 dare
738 2979 140 50 maximam
840 2979 165 50 caritatem
955 2979 127 50 possibi-

173 3018 123 68 lem:
250 3018 139 68 adhuc
342 3018 154 68 aliqua
450 3018 139 68 minor
543 3018 170 68 caritas
666 3018 154 68 posset
774 3018 185 68 continue
912 3018 170 68 intendi
1020 3018 62 68 in

1109 244 181 59 infinitum:
1252 244 78 59 et
1290 244 143 59 numquam
1394 244 181 59 perueniret
1537 244 78 59 ad
1575 244 155 59 maximam:
1692 244 104 59 quod
1757 244 130 59 patet.
1848 244 91 59 Nam
1899 244 104 59 data
1951 244 65 59 ca-

1118 295 161 46 ritate
1231 295 161 46 minore
1343 295 113 46 que
1408 295 113 46 sit
1472 295 193 46 subdupla
1617 295 97 46 ad
1665 295 193 46 maximam:
1810 295 177 46 poterit
1922 295 97 46 deus

1115 340 160 51 causare
1232 340 218 51 latitudinem
1406 340 189 51 caritatis
1551 340 102 51 que
1609 340 102 51 sit
1667 340 160 51 equalis
1783 340 189 51 medietati
1913 340 102 51 cari-

1117 382 116 43 tatis
1194 382 103 43 date
1259 382 77 43 in
1297 382 129 43 aliquo
1387 382 142 43 tempore
1490 382 167 43 continue.
1619 382 90 43 vbi
1671 382 142 43 gratia.
1773 382 77 43 in
1812 382 90 43 vna
1864 382 116 43 hora:
1941 382 77 43 et
1967 382 51 43 in

1110 424 115 55 hora
1182 424 188 55 immediate
1326 424 173 55 sequente
1456 424 159 55 causare
1572 424 217 55 latitudinem
1745 424 159 55 equalem
1846 424 173 55 medietati:

1112 467 195 50 latitudinis
1268 467 143 50 causate
1372 467 78 50 in
1411 467 104 50 hora
1476 467 91 50 2a:
1528 467 78 50 et
1567 467 91 50 sic
1619 467 130 50 semper
1710 467 286 50 proportionabiliter
1944 467 65 50 tas

1113 513 134 53 dando
1202 513 208 53 medietatem
1366 513 208 53 caritatis:
1529 513 104 53 quo
1588 513 119 53 casu
1663 513 149 53 posito
1767 513 104 53 tot
1826 513 134 53 erunt
1900 513 119 53 partes

1120 555 141 50 equales
1222 555 77 50 in
1261 555 141 50 tempore
1363 555 179 50 mensurante
1504 555 166 50 continuam
1632 555 192 50 intensionem
1785 555 115 50 illam
1862 555 102 50 quot
1913 555 102 50 partes

1112 601 225 50 proportionales
1299 601 100 50 sunt
1361 601 75 50 in
1398 601 100 50 illa
1461 601 162 50 caritate:
1585 601 75 50 et
1623 601 87 50 per
1673 601 175 50 consequens
1810 601 162 50 infinite:
1935 601 75 50 ac
1960 601 62 50 per

1112 642 96 51 hoc
1167 642 164 51 sequitur
1290 642 109 51 quod
1358 642 109 51 illa
1426 642 164 51 intensio
1549 642 150 51 durabit
1658 642 96 51 per
1713 642 136 51 tempus
1808 642 191 51 infinitum:
1945 642 68 51 eo:

1122 683 90 49 dem
1174 683 103 49 modo
1238 683 129 49 potest
1329 683 116 49 dici:
1406 683 103 49 quod
1471 683 181 49 cuiuslibet
1613 683 116 49 forme
1690 683 207 49 remissibilis
1858 683 129 49 posset
1936 683 77 49 esse

1116 729 184 52 remissio
1254 729 184 52 continua
1392 729 92 52 in
1438 729 200 52 infinitum
1592 729 108 52 per
1654 729 200 52 potentiam
1807 729 123 52 dei.
1884 729 77 52 â‹
1915 729 92 52 Ad
1946 729 61 52 7o

1104 771 109 44 dico
1173 771 136 44 primo:
1268 771 109 44 quod
1336 771 123 44 talis
1418 771 123 44 motus
1500 771 95 44 non
1554 771 123 44 esset
1636 771 68 44 a
1663 771 109 44 nam:
1732 771 95 44 sed
1786 771 68 44 a
1813 771 95 44 deo
1854 771 164 44 effectiue:

1110 812 90 46 non
1161 812 179 46 repugnaret
1302 812 115 46 tamen
1379 812 141 46 naturae
1481 812 90 46 rei
1533 812 90 46 que
1584 812 90 46 sic
1635 812 205 46 partibiliter
1801 812 141 46 fieret.
1904 812 64 46 â‹
1929 812 77 46 Et
1955 812 64 46 cum

1121 858 139 50 dicitur
1223 858 101 50 quod
1286 858 114 50 esset
1362 858 139 50 aliquis
1463 858 114 50 motus
1539 858 101 50 sine
1602 858 139 50 termino
1703 858 76 50 ad
1741 858 114 50 quem:
1817 858 101 50 dico
1880 858 101 50 quod
1931 858 89 50 huius

1124 903 214 49 propositionis
1300 903 126 49 duplex
1388 903 126 49 potest
1476 903 101 49 esse
1539 903 138 49 sensus:
1640 903 101 49 vnus
1703 903 101 49 quod
1766 903 113 49 esset
1841 903 138 49 aliquis
1929 903 88 49 motus

1119 944 98 48 qui
1175 944 98 48 non
1231 944 126 48 esset
1315 944 84 48 in
1358 944 168 48 aliquid:
1484 944 112 48 siue
1554 944 112 48 quod
1624 944 154 48 aliquid
1736 944 154 48 moueret
1849 944 84 48 et
1891 944 98 48 non
1933 944 84 48 moue

1114 992 97 49 retur
1179 992 65 49 ad
1212 992 130 49 aliquid:
1309 992 65 49 et
1341 992 97 49 patet
1406 992 87 49 quod
1460 992 173 49 consequentia
1601 992 76 49 non
1644 992 108 49 valet:
1720 992 97 49 alius
1785 992 108 49 sensus
1861 992 87 49 est:
1915 992 87 49 quod
1958 992 76 49 esset

1120 1030 149 57 aliquis
1229 1030 135 57 motus:
1324 1030 95 57 per
1378 1030 108 57 quem
1446 1030 95 57 non
1500 1030 163 57 complete
1622 1030 217 57 acquireretur
1798 1030 81 57 id
1838 1030 81 57 ad
1879 1030 108 57 quod
1933 1030 95 57 motum

1114 1072 160 51 mouetur:
1234 1072 93 51 sic
1287 1072 107 51 quod
1354 1072 80 51 eo
1394 1072 93 51 sic
1447 1072 173 51 acquisito
1581 1072 213 51 terminaretur
1754 1072 80 51 et
1794 1072 173 51 finiretur
1914 1072 107 51 motus:

1111 1121 99 46 seu
1168 1121 128 46 motum
1253 1121 184 46 desineret
1394 1121 156 46 moueri:
1508 1121 85 46 et
1550 1121 85 46 in
1593 1121 99 46 hoc
1649 1121 128 46 sensu
1735 1121 113 46 dico
1805 1121 198 46 consequens
1947 1121 71 46 non

1127 1160 91 45 esse
1184 1160 182 45 impossibile:
1332 1160 80 45 non
1377 1160 91 45 enim
1434 1160 80 45 est
1480 1160 68 45 de
1514 1160 125 45 ratione
1606 1160 103 45 motus
1674 1160 91 45 quod
1731 1160 91 45 isto
1788 1160 68 45 2o
1822 1160 91 45 modo
1879 1160 114 45 habent
1948 1160 68 45 ter-

1112 1201 118 51 minum
1191 1201 79 51 ad
1230 1201 118 51 quem:
1309 1201 92 51 sed
1362 1201 118 51 primo
1440 1201 105 51 modo
1506 1201 145 51 tantum.
1611 1201 66 51 â‹
1638 1201 79 51 Ad
1677 1201 92 51 8am
1730 1201 105 51 nego
1795 1201 237 51 consequentiam:
1979 1201 66 51 non

1121 1246 98 49 enim
1182 1246 160 49 sequitur:
1305 1246 98 49 quod
1367 1246 74 49 si
1404 1246 74 49 in
1441 1246 160 49 infinitum
1564 1246 135 49 caritas
1662 1246 123 49 possit
1748 1246 123 49 augeri
1834 1246 98 49 quod
1896 1246 86 49 sit
1933 1246 98 49 possi-

1126 1289 119 48 bilis
1205 1289 132 48 aliqua
1297 1289 145 48 caritas
1403 1289 171 48 infinita.
1534 1289 66 48 â‹
1561 1289 105 48 Item
1627 1289 119 48 esto:
1706 1289 105 48 quod
1772 1289 119 48 esset
1851 1289 132 48 aliqua
1930 1289 92 48 talis

1117 1333 145 54 caritas
1223 1333 145 54 causata
1328 1333 172 54 infinita:
1461 1333 119 54 adhuc
1540 1333 93 54 non
1593 1333 119 54 esset
1672 1333 159 54 infinita
1791 1333 172 54 perfectio
1923 1333 79 54 eo
1950 1333 79 54 modo

1117 1381 90 49 quo
1169 1381 116 49 deus.
1246 1381 65 49 â‹
1272 1381 77 49 Et
1311 1381 77 49 si
1350 1381 142 49 dicatur
1453 1381 129 49 contra
1543 1381 129 49 primum
1634 1381 129 49 dictum
1724 1381 103 49 quod
1789 1381 129 49 saltem
1879 1381 142 49 species
1969 1381 65 49 ca-

1113 1419 158 53 ritatis
1227 1419 201 53 importabit
1385 1419 186 53 infinitos
1528 1419 143 53 gradus
1629 1419 201 53 possibiles
1786 1419 186 53 caritati:
1915 1419 115 53 quorum

1131 1462 163 60 quilibet
1254 1462 95 60 est
1308 1462 177 60 perfectio
1444 1462 136 60 quadam
1539 1462 204 60 possibilis.
1702 1462 109 60 dico
1770 1462 109 60 quod
1838 1462 122 60 istud
1919 1462 95 60 non
1960 1462 68 60 est

1130 1505 202 51 inconueniens:
1297 1505 131 51 quoniam
1392 1505 71 51 et
1427 1505 131 51 species
1523 1505 107 51 anime
1594 1505 119 51 hbuane
1677 1505 143 51 importat
1784 1505 107 51 etiam
1856 1505 155 51 infinitas
1963 1505 71 51 pos-

1135 1547 120 51 sibiles
1222 1547 120 51 animas:
1310 1547 66 51 et
1343 1547 186 51 universaliter
1496 1547 131 51 quelibet
1594 1547 120 51 species
1681 1547 66 51 in
1714 1547 76 51 qua
1758 1547 120 51 possunt
1845 1547 87 51 esse
1900 1547 98 51 plura
1955 1547 87 51 indiui

1123 1590 97 53 dua
1179 1590 167 53 importat
1304 1590 167 53 infinita
1429 1590 181 53 indiuidua
1569 1590 209 53 possibilia:
1736 1590 111 53 siue
1805 1590 97 53 hoc
1861 1590 97 53 sit
1903 1590 125 53 proprie

1118 1633 130 51 dictum
1209 1633 104 51 siue
1274 1633 104 51 non.
1338 1633 78 51 et
1377 1633 168 51 quodlibet
1507 1633 181 51 indiuiduum
1649 1633 130 51 aliqua
1740 1633 168 51 perfectio
1870 1633 104 51 est.
1934 1633 65 51 â‹
1960 1633 78 51 Ad
1986 1633 65 51 non

1124 1676 87 54 nam
1173 1676 99 54 nego
1235 1676 186 54 antecedens:
1384 1676 74 54 et
1421 1676 161 54 vlterius:
1544 1676 99 54 dico
1606 1676 99 54 quod
1668 1676 111 54 talis
1742 1676 161 54 processus
1866 1676 74 54 in
1891 1676 136 54 infinitum

1116 1721 208 51 intensionis
1283 1721 125 51 actus
1366 1721 97 51 non
1422 1721 97 51 est
1477 1721 181 51 processus
1616 1721 83 51 ad
1658 1721 111 51 esse
1727 1721 125 51 deum.
1811 1721 97 51 Nam
1866 1721 125 51 talis
1936 1721 97 51 pote-

1133 1769 80 45 rit
1178 1769 91 45 esse
1235 1769 148 45 huiusmodi
1349 1769 148 45 processus
1463 1769 91 45 quod
1520 1769 80 45 per
1565 1769 103 45 illum
1634 1769 125 45 numquam
1725 1769 91 45 erit
1782 1769 80 45 aut
1827 1769 91 45 esse
1884 1769 125 45 poterit
1964 1769 57 45 act

1132 1806 187 48 infinitus:
1279 1806 94 48 sed
1332 1806 134 48 semper
1426 1806 160 48 finitus:
1546 1806 120 48 sicut
1626 1806 94 48 est
1680 1806 187 48 procedendo
1827 1806 80 48 in
1867 1806 174 48 infinitum
1988 1806 53 48 in

1122 1851 155 51 causatione
1243 1851 132 51 animarum
1343 1851 99 51 sicut
1409 1851 143 51 possibile
1519 1851 88 51 est.
1574 1851 66 51 Et
1608 1851 88 51 ipsi
1663 1851 77 51 sic
1707 1851 143 51 arguentes
1817 1851 77 51 est
1861 1851 155 51 concedunt.
1972 1851 55 51 non

1129 1891 139 48 venitur
1230 1891 164 48 aliquando
1356 1891 76 48 ad
1394 1891 202 48 multitudinem
1558 1891 126 48 aliqua
1647 1891 164 48 infinitam
1773 1891 151 48 animarum
1874 1891 151 48 causatarum

1124 1937 87 49 nec
1173 1937 87 49 per
1223 1937 112 49 talem
1298 1937 162 49 processum
1423 1937 75 49 in
1460 1937 137 49 numeris
1560 1937 137 49 venitur
1659 1937 75 49 ad
1697 1937 137 49 numerum
1796 1937 137 49 aliquem
1896 1937 162 49 infinitum

1132 1977 62 56 â‹
1156 1977 99 56 Item
1218 1977 111 56 dato:
1292 1977 99 56 quod
1354 1977 99 56 iste
1415 1977 111 56 actus
1489 1977 185 56 dilectionis
1637 1977 123 56 divine
1724 1977 123 56 fieret
1810 1977 160 56 aliquando
1921 1977 111 56 infini-

1130 2025 107 50 tus:
1197 2025 121 50 adhuc
1277 2025 94 50 non
1331 2025 161 50 sequitur
1451 2025 107 50 quod
1518 2025 121 50 esset
1598 2025 121 50 deus:
1679 2025 80 50 vt
1719 2025 147 50 patebit
1826 2025 80 50 in
1866 2025 161 50 distinct
1973 2025 54 50 n4

1128 2065 68 51 â‹
1156 2065 82 51 Ad
1196 2065 82 51 10
1237 2065 95 51 cum
1292 2065 150 51 dicitur
1400 2065 109 51 deus
1468 2065 95 51 non
1523 2065 95 51 est
1577 2065 136 51 tantum
1672 2065 204 51 diligibilis
1835 2065 68 51 a
1863 2065 122 51 nobis
1931 2065 122 51 quantum

1126 2111 89 52 est
1177 2111 190 52 diligibilis
1329 2111 63 52 a
1355 2111 89 52 se:
1405 2111 101 52 dico
1469 2111 101 52 quod
1532 2111 76 52 si
1570 2111 76 52 ly
1608 2111 127 52 tantum
1697 2111 76 52 et
1735 2111 152 52 quantum.
1849 2111 127 52 notant
1926 2111 101 52 quanti

1117 2151 130 54 tatem
1203 2151 159 54 obiecti
1318 2151 231 54 diligibilis.
1506 2151 86 54 vt
1549 2151 101 54 sit
1607 2151 159 54 sensus:
1722 2151 115 54 quod
1794 2151 115 54 plus
1866 2151 86 54 de
1909 2151 101 54 deo
1953 2151 86 54 dili

1136 2191 119 58 gibile
1219 2191 83 58 est
1267 2191 71 58 ab
1303 2191 71 58 eo
1338 2191 95 58 quam
1398 2191 59 58 a
1422 2191 119 58 nobis:
1505 2191 107 58 falsa
1576 2191 83 58 est
1624 2191 178 58 propositio:
1766 2191 107 58 nihil
1838 2191 95 58 enim
1897 2191 83 58 est
1945 2191 71 58 in
1969 2191 71 58 deo:

1134 2247 109 45 quod
1203 2247 96 45 non
1257 2247 96 45 sit
1312 2247 68 45 a
1339 2247 123 45 nobis
1421 2247 205 45 diligibile.
1585 2247 82 45 Si
1626 2247 109 45 vero
1694 2247 137 45 notent
1790 2247 205 45 quantitatem
1940 2247 96 45 dile-

1132 2285 154 43 ctionis:
1248 2285 77 43 vt
1286 2285 90 43 sit
1337 2285 128 43 sensus
1427 2285 103 43 quod
1491 2285 90 43 non
1543 2285 115 43 tanta
1620 2285 77 43 id
1658 2285 90 43 est
1709 2285 103 43 eque
1773 2285 154 43 perfecta
1876 2285 154 43 dilectione

1133 2323 220 52 diligibilis
1309 2323 103 52 est
1368 2323 73 52 a
1397 2323 147 52 nobis:
1500 2323 117 52 quam
1573 2323 176 52 perfecta
1706 2323 205 52 dilectione
1852 2323 191 52 diligibilis

1129 2366 94 53 est
1182 2366 67 53 a
1209 2366 94 53 se.
1263 2366 148 53 concedo
1370 2366 241 53 propositionem.
1571 2366 80 53 Et
1611 2366 94 53 cum
1665 2366 161 53 dicitur:
1786 2366 107 53 quod
1853 2366 94 53 non
1906 2366 94 53 est
1947 2366 80 53 dili

1130 2416 134 53 gibilis
1227 2416 61 53 a
1251 2416 73 53 se
1288 2416 97 53 plus
1349 2416 97 53 quam
1410 2416 73 53 in
1446 2416 158 53 infinitum
1568 2416 73 53 id
1604 2416 85 53 est
1653 2416 97 53 plus
1714 2416 97 53 quam
1774 2416 146 53 infinite
1884 2416 146 53 perfecta
1981 2416 61 53 di-

1131 2458 178 48 lectione:
1268 2458 164 48 concedo.
1391 2458 82 48 Et
1432 2458 164 48 vlterius
1555 2458 164 48 concedo:
1678 2458 109 48 quod
1746 2458 109 48 deus
1814 2458 96 48 non
1869 2458 96 48 est
1924 2458 68 48 a
1937 2458 96 48 nobis

1127 2494 200 52 diligibilis
1287 2494 107 52 eque
1353 2494 160 52 perfecta
1474 2494 200 52 dilectione:
1634 2494 93 52 sed
1687 2494 80 52 ex
1727 2494 93 52 hoc
1780 2494 93 52 non
1834 2494 173 52 sequitur:
1954 2494 80 52 quod

1132 2541 96 50 sit
1187 2541 206 50 diligibilis
1352 2541 69 50 a
1379 2541 123 50 nobis
1461 2541 82 50 in
1502 2541 178 50 infinitum
1639 2541 206 50 perfectiori
1804 2541 206 50 dilectione:
1955 2541 82 50 quia

1133 2586 76 52 ex
1171 2586 88 52 hoc
1222 2586 88 52 non
1272 2586 139 52 dabitur
1373 2586 88 52 nec
1423 2586 164 52 sequitur:
1549 2586 101 52 quod
1612 2586 126 52 possit
1700 2586 101 52 dari
1763 2586 126 52 aliqua
1851 2586 151 52 dilectio
1952 2586 88 52 infi-

1131 2635 112 42 nita
1201 2635 84 42 in
1243 2635 140 42 nobis:
1341 2635 98 42 sed
1397 2635 168 42 quelibet
1523 2635 112 42 erit
1593 2635 140 42 finita
1690 2635 84 42 vt
1732 2635 182 42 frequeter
1872 2635 140 42 dictum
1956 2635 84 42 est.

1135 2678 64 48 â‹
1161 2678 77 48 Et
1199 2678 166 48 preteream
1327 2678 77 48 si
1365 2678 140 48 daretur
1467 2678 128 48 aliqua
1557 2678 166 48 infinita:
1684 2678 115 48 adhuc
1761 2678 89 48 non
1812 2678 115 48 esset
1889 2678 115 48 equae
1953 2678 89 48 perfe

1128 2721 102 47 cta
1187 2721 102 47 cum
1245 2721 203 47 dilectione
1404 2721 116 47 dei:
1477 2721 102 47 qua
1535 2721 116 47 ipse
1607 2721 160 47 diligit
1723 2721 87 47 se
1767 2721 87 47 vt
1810 2721 160 47 patebit
1912 2721 116 47 infra-

1135 2764 67 48 â‹
1161 2764 80 48 Ad
1201 2764 80 48 im
1241 2764 173 48 dicendum:
1374 2764 106 48 quod
1441 2764 93 48 non
1494 2764 93 48 est
1547 2764 80 48 ad
1587 2764 200 48 propositum:
1747 2764 80 48 eo
1787 2764 106 48 quod
1853 2764 93 48 non
1907 2764 106 48 pono
1960 2764 93 48 talem

1132 2802 165 54 processum
1260 2802 191 54 intensionis
1412 2802 102 54 esse
1476 2802 178 54 possibilem
1616 2802 89 54 per
1667 2802 165 54 potentiam
1794 2802 153 54 creature
1908 2802 89 54 sed
1947 2802 76 54 dei-

1169 2842 84 63 Ad
1211 2842 70 63 i
1239 2842 98 63 2am
1295 2842 182 63 supposito
1436 2842 182 63 caritatem
1576 2842 154 63 christi
1688 2842 112 63 esse
1758 2842 168 63 finitam:
1885 2842 154 63 dicitur
1983 2842 70 63 per

1130 2888 139 53 aliquem
1232 2888 101 53 quod
1295 2888 89 53 non
1346 2888 89 53 est
1396 2888 190 53 impossibile
1548 2888 190 53 simpliciter
1700 2888 152 53 respectu
1814 2888 152 53 potentie
1915 2888 127 53 absolute

1133 2938 90 45 dei
1185 2938 141 45 causari
1287 2938 206 45 perfectiorem
1455 2938 180 45 caritatem:
1596 2938 77 45 et
1634 2938 103 45 tunc
1699 2938 77 45 ad
1737 2938 167 45 magistrum
1866 2938 141 45 dicitur
1956 2938 77 45 quod

1130 2980 180 50 intellexit
1271 2980 77 50 de
1310 2980 154 50 potentia
1426 2980 90 50 dei
1477 2980 167 50 ordinata:
1605 2980 90 50 non
1657 2980 116 50 autem
1734 2980 77 50 de
1772 2980 167 50 absoluta:
1901 2980 90 50 vel
1939 2980 103 50 potest

1123 3018 106 62 dici
1189 3018 160 62 secundum
1309 3018 133 62 eosdem
1402 3018 106 62 quod
1469 3018 120 62 illud
1549 3018 133 62 dictum
1642 3018 106 62 est:
1708 3018 93 62 non
1762 3018 106 62 quin
1828 3018 120 62 maior
1908 3018 146 62 caritas
2001 3018 40 62 a
