2445 3544
390 263 96 70 deo
445 263 96 70 sit
500 263 206 70 factibilis:
665 263 96 70 sed
720 263 110 70 quia
788 263 124 70 anima
871 263 110 70 illa
939 263 96 70 non
994 263 96 70 est
1049 263 151 70 maioris
1145 263 151 70 caritatis

382 313 158 63 capax:
493 313 142 63 sicut
588 313 95 63 si
635 313 158 63 cyatus
746 313 142 63 esset
841 313 158 63 plenus
951 313 158 63 optimo
1062 313 142 63 vino:
1157 313 111 63 non
1204 313 95 63 pos-

377 355 102 69 set
436 355 116 69 sibi
508 355 116 69 plus
581 355 102 69 seu
639 355 131 69 maior
726 355 189 69 quantitas
872 355 116 69 vini
944 355 174 69 infundi:
1075 355 87 69 et
1119 355 131 69 tamen
1191 355 102 69 maior

391 402 164 66 quantitas
517 402 101 66 vini
580 402 126 66 posset
669 402 63 66 a
694 402 88 66 deo
744 402 151 66 causari:
858 402 88 66 sic
908 402 113 66 anima
984 402 139 66 christi
1085 402 113 66 fuit:
1160 402 76 66 et
1198 402 88 66 est
1236 402 63 66 tam

386 452 137 60 plena
477 452 152 60 gratia
583 452 91 60 et
629 452 182 60 caritate
765 452 91 60 vt
811 452 167 60 maiorem
932 452 152 60 capere
1038 452 106 60 non
1099 452 167 60 possit.
1220 452 76 60 ⁋
1235 452 61 60 Et

382 487 205 64 responsio
540 487 173 64 haberet
666 487 205 64 veritatem
824 487 95 64 si
871 487 205 64 capacitas
1029 487 142 64 anime
1124 487 110 64 non
1171 487 126 64 posset

388 529 125 63 augeri:
478 529 79 63 aut
524 529 114 63 saltem
603 529 79 63 non
649 529 68 63 in
683 529 148 63 infinitum
796 529 91 63 tunc
853 529 91 63 enim
910 529 125 63 dicetur
1001 529 91 63 quod
1058 529 125 63 caritas
1148 529 114 63 illius
1217 529 79 63 anime

385 573 120 62 fuit
460 573 151 62 maxima
566 573 226 62 possibilis:
746 573 135 62 prima
836 573 166 62 solutio
957 573 135 62 minus
1047 573 135 62 dubia
1137 573 120 62 est.
1213 573 75 62 ⁋
1243 573 90 62 Ad

391 620 83 60 id
433 620 111 60 quod
502 620 166 60 additur:
627 620 111 60 quod
696 620 166 60 christus
821 620 180 60 meruisset
959 620 180 60 augmentum
1098 620 97 60 sue
1140 620 166 60 caritatis:

384 660 95 71 nego
444 660 214 71 consequentiam:
622 660 71 71 et
658 660 83 71 hoc
705 660 107 71 ideo:
777 660 95 71 quia
836 660 95 71 esto
896 660 95 71 quod
955 660 83 71 sua
1003 660 131 71 caritas
1098 660 83 71 non
1145 660 107 71 esset
1205 660 107 71 infini-

395 706 89 57 ta
440 706 134 57 neque
529 706 149 57 maxima
633 706 223 57 possibilis:
811 706 134 57 adhuc
901 706 104 57 non
960 706 178 57 sequitur
1094 706 119 57 quod
1153 706 149 57 potuerit

388 750 131 60 mereri
479 750 170 60 augmentum
610 750 92 60 sue
662 750 183 60 caritatis.
806 750 118 60 Ratio
885 750 105 60 est:
950 750 105 60 quia
1015 750 144 60 numquam
1120 750 157 60 secundum
1225 750 65 60 ani

389 790 111 62 mam
452 790 126 62 fuit
531 790 174 62 viator:
658 790 111 62 sed
721 790 95 62 ab
769 790 190 62 instanti
911 790 111 62 sue
974 790 221 62 creationis
1148 790 142 62 vidit
1227 790 79 62 de-

392 833 69 66 um
426 833 103 66 facie
494 833 69 66 ad
529 833 126 66 faciem:
620 833 69 66 et
654 833 126 66 numquam
746 833 69 66 ex
780 833 114 66 parte:
860 833 69 66 vt
895 833 103 66 dicit
963 833 91 66 Aug.
1020 833 80 66 83.
1066 833 69 66 q.
1100 833 69 66 et
1135 833 80 66 per
1169 833 137 66 consequens

384 881 169 58 numquam
507 881 123 58 fuit
584 881 92 58 in
630 881 139 58 statu
723 881 169 58 merendi
846 881 108 58 sue
907 881 200 58 caritatis
1061 881 200 58 augmentum
1200 881 108 58 sicut

401 925 114 57 nec
466 925 146 57 beati
563 925 163 57 angeli
677 925 130 57 nunc
759 925 195 57 merentur
905 925 212 57 augmentum
1068 925 114 57 sue
1117 925 195 57 caritatis.

400 973 76 58 ⁋
430 973 91 58 Ad
475 973 151 58 primum
581 973 212 58 argumentum
748 973 212 58 principale
914 973 106 58 cum
974 973 166 58 dicitur
1095 973 197 58 magnitudo
1231 973 76 58 non

397 1008 129 67 potest
488 1008 116 67 fieri
565 1008 116 67 maior
643 1008 78 67 in
681 1008 181 67 infinitum.
824 1008 90 67 hec
875 1008 142 67 neganda
979 1008 103 67 est:
1043 1008 78 67 vt
1082 1008 116 67 patet
1160 1008 78 67 ex
1186 1008 116 67 dictis.

394 1052 77 59 Et
433 1052 89 59 cum
484 1052 166 59 probatur:
611 1052 102 59 quia
675 1052 179 59 sequeretur
815 1052 102 59 quod
879 1052 128 59 posset
968 1052 102 59 esse
1032 1052 166 59 magnitudo
1160 1052 102 59 actu
1211 1052 89 59 infi-

394 1095 116 64 nita:
472 1095 129 64 potest
562 1095 181 64 dupliciter
704 1095 194 64 responderi.
859 1095 90 64 vno
911 1095 103 64 modo
975 1095 168 64 cocedendo
1104 1095 181 64 consequens
1233 1095 65 64 sed

397 1140 76 63 de
435 1140 88 63 hoc
486 1140 126 63 infra.
574 1140 139 63 dictins
675 1140 76 63 4.
713 1140 176 63 videbitur.
851 1140 101 63 Alio
914 1140 101 63 modo
977 1140 139 63 negando
1078 1140 227 63 consequentiam.
1255 1140 50 63 Et

392 1183 75 66 ad
429 1183 187 66 probationem
578 1183 212 66 consequentie:
753 1183 87 66 que
803 1183 87 66 est
853 1183 75 66 ex
890 1183 125 66 dicto.
977 1183 75 66 P.
1014 1183 150 66 dicentis
1127 1183 100 66 quod
1176 1183 125 66 quantam-

390 1228 149 65 cumque
494 1228 238 65 magnitudinem
688 1228 194 65 contingit
837 1228 119 65 esse
912 1228 89 65 in
956 1228 179 65 potentia
1090 1228 149 65 tantam
1180 1228 134 65 contin-

392 1269 91 67 git
444 1269 104 67 esse
509 1269 78 67 in
549 1269 118 67 actu.
627 1269 131 67 potest
718 1269 144 67 concedi
823 1269 183 67 propositio
966 1269 104 67 ista
1032 1269 78 67 in
1071 1269 118 67 sensu
1136 1269 170 67 diuisionis.

394 1313 92 66 sed
446 1313 105 66 tunc
512 1313 92 66 non
564 1313 157 66 infertur
682 1313 196 66 propositum.
838 1313 78 66 Si
878 1313 118 66 autem
956 1313 144 66 sumatur
1061 1313 78 66 in
1100 1313 118 66 sensu
1165 1313 131 66 composi-

396 1357 97 59 to:
452 1357 83 59 vt
493 1357 222 59 intelligatur
674 1357 111 59 hanc
743 1357 111 59 esse
812 1357 208 59 possibilem.
979 1357 222 59 quantacumque
1145 1357 153 59 magnitudo

395 1404 141 63 potest
494 1404 113 63 esse
564 1404 127 63 tanta
649 1404 113 63 est:
720 1404 99 63 hec
776 1404 198 63 propositio
932 1404 155 63 neganda
1045 1404 99 63 est
1101 1404 85 63 ab
1144 1404 127 63 illis
1214 1404 85 63 ergo

387 1450 158 52 tenent
498 1450 111 52 non
561 1450 126 52 esse
640 1450 205 52 possibile
798 1450 253 52 magnitudinem
1004 1450 205 52 infinitam
1162 1450 142 52 actu.
1241 1450 63 52 P.

396 1487 104 60 tamen
466 1487 104 60 habet
536 1487 104 60 illam
605 1487 116 60 ponere
686 1487 139 60 secundum
791 1487 151 60 principia
907 1487 93 60 sua:
965 1487 70 60 et
999 1487 104 60 ratio
1069 1487 93 60 est:
1127 1487 93 60 quia
1173 1487 128 60 augmentum

386 1524 237 71 magnitudinis
579 1524 119 71 quod
653 1524 104 71 fit
713 1524 104 71 per
772 1524 237 71 appositionem
965 1524 237 71 magnitudinis
1158 1524 89 71 ad
1187 1524 119 71 magni-

395 1573 136 61 tudinem
494 1573 87 61 non
543 1573 87 61 fit
593 1573 149 61 secundum
704 1573 124 61 tempus
791 1573 87 61 per
841 1573 198 61 appositionem
1002 1573 99 61 noue
1064 1573 211 61 magnitudinis:
1225 1573 74 61 seod

386 1618 212 62 magnitudinis
558 1618 252 62 praeexistentis:
770 1618 93 62 cum
823 1618 119 62 nulla
903 1618 172 62 magnitudo
1036 1618 146 62 secuedu
1142 1618 119 62 ipsum
1208 1618 106 62 possit

385 1665 133 57 fieri
474 1665 89 57 de
518 1665 133 57 nouo:
607 1665 89 57 et
651 1665 192 57 intelligo
799 1665 103 57 per
858 1665 236 57 magnitudinem
1050 1665 177 57 materiam
1168 1665 148 57 quantam:

387 1708 80 56 qui
432 1708 92 56 siue
490 1708 149 56 quantitas
605 1708 80 56 sit
651 1708 80 56 res
697 1708 149 56 distincta
811 1708 57 56 a
834 1708 126 56 materia
926 1708 92 56 siue
984 1708 92 56 non:
1041 1708 126 56 numquam
1133 1708 103 56 tamen
1190 1708 115 56 secundum

395 1748 125 64 ipsum
478 1748 181 64 magnitudo
617 1748 208 64 magnitudini
784 1748 167 64 additur:
909 1748 111 64 quin
979 1748 153 64 addatur
1090 1748 153 64 materia
1187 1748 125 64 quanta:

405 1795 124 55 materia
495 1795 102 55 autem
563 1795 102 55 nulla
631 1795 90 55 noua
687 1795 102 55 fieri
755 1795 113 55 potest
834 1795 136 55 secundum
936 1795 113 55 ipsum.
1015 1795 68 55 Ex
1049 1795 79 55 quo
1094 1795 136 55 sequitur
1185 1795 113 55 secundum

395 1835 120 68 opri
470 1835 120 68 eius
545 1835 120 68 quod
621 1835 135 68 omnes
711 1835 241 68 magnitudines
907 1835 211 68 possibiles
1072 1835 120 68 addi
1147 1835 151 68 alicui
1238 1835 75 68 ma-

391 1880 173 59 gnitudini:
526 1880 173 59 actualiter
662 1880 160 59 existent:
785 1880 74 59 et
822 1880 86 59 per
871 1880 173 59 consequens
1007 1880 111 59 tanta
1081 1880 160 59 magnitudo
1204 1880 74 59 ex
1229 1880 74 59 omni

392 1923 99 58 bus
448 1923 169 58 resultat
575 1923 141 58 quanta
674 1923 99 58 est
730 1923 211 58 possibilis:
899 1923 99 58 nec
956 1923 99 58 est
1012 1923 141 58 fienda
1111 1923 99 58 vis
1167 1923 127 58 vtrum
1238 1923 70 58 re-

399 1966 145 62 sultet
500 1966 101 62 vna
558 1966 145 62 numero
659 1966 101 62 vel
717 1966 116 62 non:
790 1966 87 62 et
833 1966 130 62 vtrum
920 1966 101 62 vna
978 1966 174 62 continua
1108 1966 101 62 vel
1166 1966 116 62 non:
1224 1966 87 62 quia

401 2021 139 51 posito
498 2021 111 51 quod
567 2021 83 51 ex
609 2021 152 51 omnibus
720 2021 139 51 fieret
817 2021 111 51 vnum
886 2021 152 51 quantum
997 2021 111 51 nuoa
1066 2021 194 51 continuum:
1205 2021 97 51 illud

401 2053 88 64 non
452 2053 113 64 esset
527 2053 126 64 maius:
615 2053 88 64 nec
666 2053 113 64 pilus
741 2053 164 64 occuparet
867 2053 101 64 quam
930 2053 113 64 omnes
1006 2053 101 64 nunc
1069 2053 126 64 simul:
1157 2053 76 64 et
1195 2053 101 64 ideo
1245 2053 63 64 in-

394 2093 159 63 tentio.
509 2093 87 63 P.
553 2093 101 63 est
611 2093 116 63 quod
683 2093 101 63 non
741 2093 101 63 sit
799 2093 203 63 possibilis
958 2093 130 63 maior
1045 2093 188 63 magnitudo
1190 2093 116 63 quam
1248 2093 72 63 est

401 2141 190 55 magnitudo
548 2141 117 55 celi
621 2141 88 55 id
665 2141 102 55 est
723 2141 146 55 totius
825 2141 146 55 mundi.
928 2141 117 55 vnde
1001 2141 190 55 tantundem
1147 2141 88 55 ad
1191 2141 102 55 hoc
1235 2141 73 55 de-

398 2181 143 61 ducit:
498 2181 86 61 si
541 2181 186 61 magnitudo
684 2181 143 61 posset
784 2181 86 61 in
827 2181 186 61 infinitum
970 2181 143 61 augeri
1071 2181 143 61 posset
1171 2181 115 61 esse
1228 2181 86 61 ali-

411 2227 92 66 quod
468 2227 103 66 maius
536 2227 103 66 celo:
605 2227 80 66 sed
651 2227 92 66 quia
708 2227 103 66 istud
777 2227 160 66 principium
903 2227 80 66 est
949 2227 69 66 in
983 2227 69 66 se
1017 2227 126 66 falsum:
1109 2227 69 66 et
1143 2227 80 66 hoc
1178 2227 137 66 consequens

389 2269 107 63 non
450 2269 107 63 est
511 2269 244 63 impossibile.
709 2269 122 63 ideo
785 2269 137 63 illud
876 2269 152 63 dictum
983 2269 76 63 a
1013 2269 198 63 theologis
1150 2269 168 63 conceden-

397 2315 89 55 dum
448 2315 89 55 non
499 2315 102 55 est:
563 2315 89 55 nec
614 2315 89 55 per
665 2315 178 55 consequens
805 2315 102 55 illa
868 2315 204 55 consequentia
1034 2315 191 55 approbanda.
1187 2315 64 55 ⁋
1212 2315 76 55 Ad
1238 2315 76 55 pro-

406 2358 162 55 bationem
527 2358 148 55 Commen.
635 2358 94 55 non
689 2358 148 55 oportet
797 2358 202 55 respondere:
958 2358 148 55 quoniam
1066 2358 121 55 magis
1147 2358 94 55 est
1188 2358 121 55 quaedam

403 2405 184 61 rethorica
544 2405 184 61 persuasio
686 2405 113 61 quam
757 2405 142 61 cogens
856 2405 184 61 probatio.
997 2405 71 61 ⁋
1026 2405 85 61 Ad
1068 2405 127 61 illud
1153 2405 142 61 quoque
1238 2405 85 61 quod

408 2443 76 56 de
446 2443 152 56 caritate
560 2443 76 56 in
598 2443 127 56 simili
687 2443 114 56 forma
763 2443 152 56 arguitur
877 2443 114 56 patet
953 2443 101 56 quid
1017 2443 152 56 dicendum
1131 2443 89 56 est
1182 2443 76 56 ex
1207 2443 114 56 dictis.

401 2490 59 57 ⁋
425 2490 71 57 Ad
460 2490 71 57 2m
495 2490 82 57 cum
542 2490 129 57 dicitur
636 2490 94 57 quod
695 2490 118 57 omnium
777 2490 118 57 natura
860 2490 176 57 constantium
1001 2490 94 57 etc.
1059 2490 141 57 dicendum
1165 2490 106 57 illam
1224 2490 94 57 propoi

394 2533 179 56 sitionem
528 2533 105 56 non
588 2533 119 56 esse
663 2533 134 56 veram
752 2533 105 56 per
812 2533 194 56 respectum
962 2533 90 56 ad
1006 2533 194 56 potentiam
1156 2533 105 56 dei
1215 2533 90 56 id
1245 2533 75 56 est

394 2584 228 53 intelligendo:
582 2584 107 53 quod
649 2584 148 53 habeant
756 2584 175 53 quaelibet
890 2584 175 53 naturalia
1025 2584 134 53 gradum
1119 2584 121 53 vltra
1199 2584 107 53 quem
1253 2584 67 53 per

391 2623 88 54 dei
442 2623 164 54 potentiam
568 2623 88 54 non
619 2623 139 54 possunt
720 2623 139 54 augeri.
821 2623 63 54 ⁋
846 2623 76 54 Ad
884 2623 76 54 3m
922 2623 139 54 ddndum:
1023 2623 101 54 quod
1087 2623 101 54 Aug.
1150 2623 88 54 non
1188 2623 126 54 loquitur

398 2665 83 58 de
440 2665 208 58 magnitudine
606 2665 180 58 caritatis
744 2665 166 58 secundum
869 2665 97 58 se:
924 2665 97 58 sed
980 2665 83 58 in
1021 2665 222 58 comperatione
1201 2665 83 58 ad
1229 2665 83 58 effe

396 2706 115 60 ctum
467 2706 186 60 caritatis
611 2706 229 60 extrinsecum:
797 2706 86 60 vt
840 2706 115 60 illa
912 2706 158 60 dicatur
1026 2706 129 60 maior
1112 2706 158 60 caritas
1227 2706 72 60 a
1241 2706 72 60 qua

394 2761 182 54 procedit
530 2761 182 54 effectus
667 2761 182 54 exterior
804 2761 152 54 signum
910 2761 167 54 maioris
1032 2761 197 54 caritatis
1168 2761 152 54 interio-

400 2803 110 46 ris:
469 2803 83 46 et
510 2803 110 46 quia
579 2803 83 46 in
621 2803 110 46 vita
689 2803 83 46 ab
731 2803 138 46 homine
827 2803 124 46 maior
910 2803 179 46 caritatis
1048 2803 165 46 effectus
1172 2803 96 46 non
1213 2803 110 46 potest

395 2846 191 58 procedere
542 2846 117 58 quam
615 2846 147 58 animam
718 2846 117 58 suam
791 2846 147 58 ponere
894 2846 103 58 pro
952 2846 161 58 amicis:
1070 2846 117 58 siue
1143 2846 88 58 ab
1187 2846 88 58 eo
1216 2846 88 58 dile

398 2882 114 54 ctis.
474 2882 101 54 ideo
538 2882 139 54 causata
639 2882 152 54 caritate
753 2882 63 54 a
778 2882 89 54 qua
829 2882 89 54 hoc
879 2882 165 54 procedit:
1006 2882 114 54 nulla
1082 2882 127 54 potest
1171 2882 114 54 maior
1234 2882 76 54 esse

401 2925 79 57 in
440 2925 209 57 comparatione
610 2925 79 57 ad
650 2925 170 57 effectum:
780 2925 92 57 cum
833 2925 92 57 hoc
885 2925 118 57 tamen
964 2925 105 57 stat
1029 2925 105 57 quod
1095 2925 131 57 duarum
1173 2925 144 57 caritatum

401 2968 64 57 a
427 2968 127 57 quarum
516 2968 140 57 vtraque
617 2968 165 57 prouenit:
745 2968 89 57 vel
796 2968 178 57 proueniret
935 2968 76 57 si
974 2968 102 57 opus
1037 2968 114 57 esset
1114 2968 165 57 expositio
1228 2968 89 57 anime

393 3009 91 66 pro
445 3009 130 66 amicis
536 3009 91 66 vna
588 3009 91 66 sit
640 3009 104 66 alia
705 3009 169 66 intensior
835 3009 78 66 et
873 3009 117 66 maior
951 3009 234 66 essentialiter:
1146 3009 78 66 et
1185 3009 104 66 eius
1237 3009 65 66 est

391 3053 128 68 actus
476 3053 171 68 interior
605 3053 171 68 elicitus
733 3053 100 68 sit
790 3053 185 68 intensior
932 3053 114 68 quam
1004 3053 214 68 extrinsecus
1175 3053 100 68 sit
1217 3053 86 68 equa

1352 246 94 67 lis:
1411 246 105 67 sicut
1481 246 105 67 patet
1551 246 70 67 de
1587 246 141 67 caritate
1692 246 141 67 christi:
1797 246 82 67 que
1844 246 141 67 secundum
1950 246 129 67 habitum
2043 246 70 67 et
2078 246 152 67 essentiam
2184 246 70 67 vtim

1356 295 93 72 que
1409 295 119 72 maior
1488 295 106 72 fuit
1554 295 106 72 quam
1620 295 145 72 caritas
1726 295 132 72 pauli:
1819 295 79 72 vt
1858 295 106 72 ipse
1924 295 93 72 pro
1977 295 132 72 amicis
2070 295 145 72 paratus
2162 295 93 72 esset

1352 345 147 53 ponere
1455 345 162 53 animam:
1573 345 118 53 ipso
1647 345 162 53 dicente
1765 345 162 53 secunda
1883 345 88 53 ad
1927 345 147 53 corin.
2030 345 103 53 Ego
2074 345 192 53 libentissi-

1338 384 90 63 me
1383 384 181 63 impendam
1519 384 90 63 et
1564 384 256 63 superimpendar
1774 384 105 63 pro
1835 384 151 63 vobis:
1940 384 90 63 et
1985 384 105 63 hoc
2045 384 181 63 effectum
2166 384 90 63 nul-

1350 426 102 60 lus
1408 426 145 60 potest
1509 426 116 60 esse
1582 426 131 60 maior
1669 426 218 60 extrinsecus
1843 426 189 60 caritatis
1988 426 189 60 effectus.
2133 426 131 60 iuxta
2205 426 58 60 il

1339 471 108 64 lud
1400 471 232 64 Saluatoris.
1586 471 108 64 Io.
1648 471 170 64 maiorem
1772 471 108 64 hac
1834 471 232 64 dilectionem
2019 471 139 64 habet
2112 471 124 64 nemo
2174 471 93 64 etc.

1347 512 98 67 vbi
1403 512 126 67 dicit
1487 512 140 67 glosa.
1585 512 140 67 ponere
1683 512 140 67 animam
1781 512 98 67 pro
1836 512 140 67 fribus
1934 512 98 67 non
1990 512 98 67 est
2046 512 182 67 dilectio:
2186 512 98 67 sed

1347 558 208 62 dilectionis
1513 558 180 62 effectus.
1652 558 83 62 Et
1694 558 111 62 quod
1763 558 111 62 ista
1832 558 97 62 sit
1888 558 166 62 intentio
2012 558 180 62 Augustini
2137 558 111 62 patet.

1353 601 116 63 Nam
1420 601 149 63 nullo
1519 601 248 63 interposito
1717 601 165 63 subdit
1833 601 165 63 verbis
1949 601 232 63 allegatis.
2114 601 149 63 maiorem

1349 645 127 61 autem
1434 645 184 61 caritatem
1575 645 113 61 nemo
1646 645 127 61 habet
1730 645 85 61 vt
1773 645 141 61 animam
1872 645 113 61 suam
1942 645 127 61 ponat
2027 645 113 61 quis
2098 645 99 61 pro
2140 645 113 61 amicis

1336 690 123 61 suis.
1418 690 109 61 ergo
1487 690 109 61 illa
1555 690 164 61 caritate
1678 690 164 61 secundum
1802 690 96 61 eum
1856 690 123 61 maior
1938 690 96 61 non
1993 690 109 61 post
2061 690 109 61 esse
2130 690 96 61 per
2171 690 82 61 quam

1344 734 111 67 quis
1413 734 138 67 animam
1510 734 124 67 ponit
1593 734 97 67 pro
1648 734 152 67 amicis:
1759 734 111 67 quod
1828 734 83 67 de
1870 734 221 67 magnitudinie
2050 734 194 67 intrinseca
2188 734 69 67 non

1344 776 134 67 potest
1437 776 188 67 intelligi:
1585 776 80 67 vt
1625 776 161 67 probatum
1746 776 107 67 est.
1813 776 67 67 ⁋
1840 776 94 67 hoc
1893 776 121 67 etiam
1974 776 201 67 confirmatur
2134 776 80 67 ex
2161 776 94 67 alio.

1351 821 104 60 Nam
1410 821 163 60 caritas
1529 821 148 60 patrie
1633 821 134 60 maior
1722 821 104 60 est
1781 821 178 60 caritate
1915 821 104 60 vie
1974 821 89 60 in
2019 821 134 60 eode:
2108 821 119 60 quod
2167 821 89 60 pro-

1337 862 139 61 batur
1429 862 186 61 secundum
1569 862 155 61 dictum
1677 862 201 61 allegatum
1832 862 124 61 Aug.
1909 862 93 61 In
1956 862 108 61 via
2017 862 186 61 minuitur
2141 862 124 61 cupidi

1343 908 102 62 tas
1402 908 174 62 caritate
1532 908 203 62 crescente.
1692 908 102 62 vbi
1750 908 116 62 ergo
1823 908 131 62 nulla
1910 908 189 62 cupiditas
2056 908 102 62 ibi
2114 908 131 62 maior
2186 908 73 62 ca-

1347 950 133 67 ritas:
1440 950 80 67 in
1480 950 133 67 patria
1573 950 120 67 autem
1653 950 120 67 nulla
1733 950 173 67 cupiditas
1866 950 120 67 erit.
1946 950 80 67 in
1986 950 93 67 via
2040 950 120 67 autem
2119 950 133 67 semper
2199 950 67 67 cum

1338 1001 170 57 caritate
1465 1001 99 57 est
1522 1001 85 57 in
1564 1001 170 57 quolibet
1691 1001 141 57 homine
1790 1001 198 57 cupiditas:
1945 1001 127 57 sicut
2030 1001 141 57 patet:
2129 1001 99 57 per
2171 1001 85 57 eun-

1339 1039 109 61 dem
1402 1039 140 61 primo
1495 1039 187 61 retract.
1635 1039 109 61 vbi
1698 1039 125 61 ait.
1776 1039 140 61 Ardor
1869 1039 156 61 quippe
1978 1039 202 61 caritatis
2118 1039 156 61 sequendo

1345 1083 112 63 deo
1409 1083 160 63 factus
1521 1083 192 63 ydoneus:
1664 1083 96 63 et
1712 1083 112 63 tam
1776 1083 160 63 magnus
1888 1083 96 63 vt
1936 1083 144 63 vicia
2032 1083 160 63 cuncta
2127 1083 128 63 consu-

1344 1125 98 62 mat
1400 1125 84 62 in
1442 1125 98 62 hac
1498 1125 112 62 vita
1568 1125 126 62 nasci
1652 1125 84 62 et
1694 1125 168 62 crescere
1819 1125 154 62 potest.
1931 1125 182 62 perficere
2071 1125 112 62 vero
2127 1125 126 62 propter

1364 1170 94 68 quod
1423 1170 153 68 nascitur:
1541 1170 71 68 vt
1576 1170 118 68 nullum
1659 1170 106 68 insit
1729 1170 118 68 homini
1812 1170 118 68 vicium
1894 1170 82 68 non
1941 1170 188 68 consequenter
2094 1170 82 68 hoc
2141 1170 106 68 post:
2200 1170 59 68 il-

1354 1209 90 63 la
1399 1209 119 63 vero
1473 1209 164 63 caritas
1593 1209 104 63 per
1652 1209 119 63 quam
1727 1209 119 63 quis
1802 1209 134 63 ponit
1891 1209 149 63 animam
1995 1209 104 63 pro
2055 1209 149 63 amicis
2160 1209 90 63 in
2189 1209 75 63 hac

1348 1256 122 64 vita:
1430 1256 81 64 et
1470 1256 95 64 per
1524 1256 189 64 consequens
1673 1256 95 64 cum
1727 1256 122 64 vicio
1809 1256 95 64 seu
1863 1256 189 64 cupiditate
2011 1256 135 64 potest
2106 1256 149 64 haberi.
2201 1256 54 64 Ex

1349 1299 90 61 quo
1400 1299 167 61 sequitur:
1529 1299 103 61 quod
1593 1299 115 61 tanta
1670 1299 154 61 caritate
1785 1299 128 61 quanta
1875 1299 90 61 non
1926 1299 128 61 potest
2016 1299 103 61 esse
2080 1299 115 61 maior
2144 1299 128 61 secundum

1348 1341 132 68 sensum
1440 1341 171 68 Augustini
1572 1341 79 68 in
1611 1341 105 68 loco
1677 1341 158 68 allegato
1796 1341 132 68 potest
1888 1341 105 68 esse
1954 1341 132 68 aliqua
2046 1341 158 68 secundum
2152 1341 105 68 essen-

1343 1385 116 61 tiam
1415 1385 145 61 maior.
1516 1385 101 61 hoc
1574 1385 145 61 quoque
1675 1385 145 61 patet:
1777 1385 101 61 per
1835 1385 145 61 eundem
1936 1385 87 61 in
1979 1385 174 61 capitulo
2110 1385 145 61 eodem.
2197 1385 72 61 vbi

1341 1429 188 64 allegatur
1485 1429 87 64 in
1529 1429 188 64 arguendo.
1673 1429 145 64 dicens
1775 1429 87 64 in
1818 1429 130 64 ench.
1905 1429 101 64 Nam
1963 1429 174 64 postquam
2093 1429 145 64 dixit.
2180 1429 101 64 maio-

1343 1475 105 60 rem
1403 1475 194 60 caritatem
1552 1475 120 60 nemo
1627 1475 135 60 habet
1717 1475 120 60 etc.
1792 1475 194 60 immediate
1941 1475 105 60 eam
2001 1475 179 60 comparat
2135 1475 90 60 ad
2165 1475 90 60 cari

1349 1519 104 59 tatem
1419 1519 127 59 patrie.
1511 1519 115 59 dicens
1592 1519 81 59 ibi
1638 1519 104 59 autem
1707 1519 138 59 scilicet
1811 1519 69 59 in
1845 1519 115 59 patria
1926 1519 92 59 quis
1984 1519 138 59 explicet
2087 1519 115 59 quanta
2168 1519 92 59 erit
2214 1519 58 59 ca-

1344 1565 145 55 ritas.
1445 1565 101 55 vbi
1503 1565 188 55 cupiditas
1648 1565 116 55 quam
1720 1565 188 55 coercendo
1865 1565 159 55 superet
1980 1565 130 55 nulla
2067 1565 130 55 erit:
2140 1565 130 55 quoniam

1348 1607 138 57 summa
1440 1607 169 57 sanitas
1563 1607 123 57 erit
1640 1607 154 57 quando
1747 1607 200 57 contentio
1901 1607 154 57 mortis
2009 1607 138 57 nulla
2101 1607 138 57 erit:
2178 1607 77 57 vbi

1358 1648 191 61 manifeste
1505 1648 147 61 innuit
1608 1648 118 61 quod
1682 1648 118 61 illa
1755 1648 162 61 caritas
1873 1648 103 61 que
1932 1648 118 61 sine
2005 1648 206 61 cupiditate
2152 1648 103 61 erit:

1353 1693 137 59 maior
1444 1693 122 59 erit
1520 1693 122 59 quam
1596 1693 122 59 ista
1672 1693 122 59 quam
1748 1693 137 59 dixit
1839 1693 122 59 esse
1915 1693 137 59 tante
2007 1693 243 59 magnitudinis
2189 1693 76 59 qua

1349 1747 139 53 maior
1441 1747 124 53 esse
1519 1747 108 53 non
1581 1747 170 53 possit.
1705 1747 77 53 ⁋
1736 1747 108 53 Uel
1798 1747 170 53 breuius
1921 1747 155 53 potest
2030 1747 139 53 dici:
2123 1747 124 53 quod
2185 1747 77 53 cum

1359 1777 129 61 caritas
1453 1777 141 61 decbitur
1559 1777 117 61 tribus
1641 1777 141 61 gradibus
1747 1777 141 61 scilicet
1852 1777 188 61 incipientium
2005 1777 200 61 perficientium
2169 1777 70 61 et
2193 1777 70 61 per-

1349 1826 197 56 fectorum:
1501 1826 167 56 caritas
1622 1826 228 56 perfectorum
1804 1826 152 56 maxima
1911 1826 121 56 est.
1987 1826 106 56 sam
2047 1826 91 56 ex
2093 1826 91 56 ea
2123 1826 152 56 prouenit

1359 1869 83 59 vt
1401 1869 139 59 animam
1498 1869 111 59 suam
1567 1869 125 59 ponat
1650 1869 111 59 quis
1720 1869 97 59 pro
1775 1869 152 59 amicis:
1886 1869 97 59 sic
1941 1869 125 59 tamen
2024 1869 152 59 accepta
2135 1869 125 59 habet
2205 1869 69 59 la-

1344 1913 167 60 titudinem
1473 1913 180 60 diuersorum
1614 1913 154 60 graduum:
1730 1913 90 60 cum
1782 1913 90 60 non
1833 1913 116 60 omnes
1910 1913 116 60 tales
1988 1913 103 60 sint
2052 1913 77 60 in
2091 1913 129 60 equali
2168 1913 90 60 cari-

1349 1954 114 75 tate.
1425 1954 76 75 et
1463 1954 114 75 tamen
1539 1954 165 75 quamlibet
1666 1954 114 75 vocat
1742 1954 139 75 maximam
1843 1954 101 75 Aug.
1907 1954 139 75 propter
2008 1954 101 75 quod
2071 1954 127 75 patet:
2160 1954 101 75 quod
2211 1954 63 75 non

1358 2008 155 62 accipit
1470 2008 155 62 maximam
1583 2008 127 62 sicut
1667 2008 84 62 in
1695 2008 169 62 quaestione

1330 2035 133 76 ⁋
1384 2035 479 76 Distinctionis.
1783 2035 160 76 XM
1863 2035 160 76 I.
1943 2035 186 76 et.
2049 2035 186 76 CX.
2129 2035 133 76 Qon

1595 2077 127 109 IArcqui
1687 2077 196 109 distinctionem
1848 2077 81 109 10.
1894 2077 69 109 et
1929 2077 81 109 2o.
1975 2077 104 109 simul
2044 2077 127 109 quaero.
2136 2077 104 109 vtrum
2193 2077 81 109 perso

1741 2130 95 53 ne
1789 2130 158 53 diuine
1899 2130 127 53 sint
1978 2130 174 53 equales
2089 2130 174 53 magnitudi

1586 2185 69 49 ne
1621 2185 69 49 et
1656 2185 150 49 potentia.
1771 2185 58 49 ⁋
1794 2185 69 49 Et
1828 2185 127 49 videtur
1920 2185 104 49 primo
1990 2185 92 49 quod
2047 2185 81 49 non
2093 2185 92 49 sunt
2151 2185 127 49 equales
2231 2185 58 49 ma-

1589 2213 209 68 gnitudine:
1754 2213 120 68 quia
1828 2213 90 68 in
1873 2213 179 68 personis
2008 2213 165 68 diuinis
2127 2213 135 68 nulla
2202 2213 75 68 est

1591 2258 254 55 magnitudo.
1790 2258 145 55 ergo
1881 2258 145 55 ipse
1972 2258 127 55 non
2044 2258 145 55 sunt
2117 2258 163 55 equales

1574 2307 70 73 qul
1614 2307 160 73 magnitudine:
1744 2307 160 73 consequentia
1875 2307 100 73 patet:
1945 2307 140 73 antecedens
2055 2307 130 73 probatur:
2156 2307 80 73 quia
2196 2307 80 73 magni-

1589 2348 94 58 tudo
1648 2348 129 58 species
1742 2348 82 58 est
1789 2348 177 58 quantitatis
1931 2348 153 58 continue:
2048 2348 106 58 nulla
2119 2348 94 58 vero
2166 2348 106 58 quanti-

1353 2392 88 57 tas
1404 2392 150 57 continua
1516 2392 88 57 est
1566 2392 75 57 in
1604 2392 100 57 deo.
1666 2392 63 57 ⁋
1691 2392 75 57 2o
1729 2392 138 57 videtur
1829 2392 100 57 quod
1892 2392 88 57 non
1942 2392 100 57 sint
2004 2392 138 57 equales
2104 2392 150 57 potentia
2217 2392 100 57 sic:

1357 2434 136 62 piaiter
1455 2434 86 62 est
1505 2434 185 62 omnipotens.
1653 2434 123 62 filius
1739 2434 111 62 autem
1813 2434 86 62 non
1863 2434 86 62 est
1912 2434 185 62 omimpotens:
2060 2434 99 62 ergo
2122 2434 123 62 filius
2196 2434 74 62 noti

1360 2477 69 57 est
1400 2477 109 57 equalis
1479 2477 139 57 potestatis
1588 2477 69 57 cum
1628 2477 99 57 patre.
1697 2477 159 57 consequentia
1826 2477 99 57 patet:
1896 2477 60 57 et
1926 2477 129 57 similiter
2025 2477 89 57 prima
2084 2477 79 57 pars
2124 2477 149 57 antecedentis:

1353 2523 136 57 iuxta
1444 2523 136 57 illud
1534 2523 182 57 simboli.
1671 2523 136 57 Credo
1762 2523 91 57 in
1807 2523 121 57 deum
1883 2523 151 57 patrem
1989 2523 257 57 omimpotentem.
2185 2523 76 57 Sed

1359 2575 135 47 secunda
1457 2575 159 47 probatur:
1579 2575 98 47 quia
1640 2575 73 47 si
1677 2575 122 47 filius
1762 2575 110 47 esset
1836 2575 183 47 omimpotens.
1983 2575 122 47 filius
2068 2575 122 47 posset
2142 2575 122 47 generare

1360 2607 102 58 filium
1431 2607 81 58 sibi
1482 2607 122 58 equalem:
1573 2607 142 58 consequens
1685 2607 102 58 falsum
1756 2607 81 58 est:
1807 2607 61 58 et
1838 2607 163 58 consequentia
1970 2607 122 58 probatur
2061 2607 71 58 per
2102 2607 173 58 consequentiam
2234 2607 41 58 Au

1364 2649 154 62 gustini
1476 2649 140 62 contra
1574 2649 182 62 Maximium:
1714 2649 98 62 per
1770 2649 112 62 quam
1839 2649 140 62 probat
1937 2649 154 62 pattrem
2049 2649 168 62 genuisse
2161 2649 112 62 filium

1366 2696 95 54 sibi
1425 2696 142 54 equalem.
1532 2696 71 54 vt
1568 2696 131 54 ponitur
1663 2696 71 54 in
1698 2696 142 54 littera.
1805 2696 83 54 2o.
1853 2696 142 54 dictinit
1959 2696 83 54 ait
2007 2696 107 54 enim.
2078 2696 71 54 si
2114 2696 107 54 pater
2173 2696 95 54 genuit

1364 2741 143 61 filium
1464 2741 171 61 minorem:
1592 2741 100 61 aut
1649 2741 100 61 non
1706 2741 157 61 potuit:
1820 2741 100 61 aut
1877 2741 100 61 non
1934 2741 143 61 voluit
2034 2741 157 61 gignere
2133 2741 143 61 equalem.

1355 2784 83 57 Si
1397 2784 124 57 autem
1479 2784 138 57 dicis:
1576 2784 110 57 quod
1645 2784 97 57 non
1700 2784 152 57 voluit:
1811 2784 97 57 eum
1866 2784 152 57 inuidum
1976 2784 110 57 esse
2045 2784 166 57 dixisti.
2169 2784 83 57 Si
2197 2784 69 57 aut

1349 2830 101 53 non
1406 2830 159 53 potuit.
1522 2830 101 53 vbi
1580 2830 101 53 est
1638 2830 217 53 oimpotentia
1811 2830 159 53 patris:
1927 2830 87 53 et
1970 2830 145 53 infra.
2072 2830 87 53 si
2115 2830 101 53 non
2158 2830 116 53 potuit

1361 2871 147 56 infirmus
1471 2871 98 56 fuit
1533 2871 98 56 etc.
1594 2871 74 56 Si
1631 2871 110 56 autem
1704 2871 86 56 hec
1753 2871 196 56 consequentia
1913 2871 98 56 bona
1974 2871 98 56 est.
2036 2871 98 56 illa
2097 2871 86 56 est
2146 2871 98 56 bona
2195 2871 74 56 est:

1356 2914 94 57 cum
1409 2914 161 57 procedat
1530 2914 81 57 ex
1570 2914 161 57 opposito
1691 2914 215 57 consequentis
1866 2914 81 57 in
1906 2914 174 57 oppositum
2027 2914 201 57 antecedentis.

1323 2949 235 107 Sppositum
1504 2949 217 107 arguitur
1667 2949 127 107 per
1739 2949 271 107 Augustinum.
1956 2949 109 107 de
2010 2949 127 107 fi.
2083 2949 109 107 ad
2137 2949 145 107 pere
2210 2949 90 107 ego

1680 3004 85 59 et
1722 3004 155 59 ponitur
1835 3004 85 59 in
1877 3004 183 59 principio
2018 3004 85 59 10
2060 3004 127 59 dicit
2145 3004 183 59 dicentem.

1348 3046 120 68 quod
1423 3046 150 68 nullus
1528 3046 135 68 trium
1619 3046 135 68 alium
1709 3046 105 68 aut
1769 3046 180 68 precedit
1904 3046 226 68 eternitate:
2085 3046 105 68 aut
2130 3046 135 68 excedit
