2437 3539
383 279 85 73 quo
431 279 194 73 praedicatur.
589 279 85 73 vbi
637 279 121 73 gratia
722 279 85 73 cum
771 279 133 73 dicitur
868 279 121 73 sortes
953 279 85 73 est
1001 279 97 73 vnus
1062 279 109 73 homo:
1134 279 73 73 ly
1171 279 109 73 vnus.
1231 279 61 73 non

381 343 174 50 significat
517 343 137 50 aliquam
616 343 161 50 entitatem
741 343 149 50 secundum
852 343 74 50 se
889 343 174 50 distinctam
1026 343 74 50 ab
1063 343 74 50 ea
1100 343 99 50 quam
1150 343 149 50 significat

378 390 118 52 homo:
457 390 79 52 et
496 390 210 52 superadditam
666 390 157 52 entitati
784 390 92 52 pro
836 390 92 52 qua
889 390 157 52 supponit
1007 390 131 52 sortes
1098 390 92 52 sic
1151 390 105 52 quod
1203 390 105 52 sortis

388 427 89 56 per
439 427 114 56 aliam
515 427 165 56 entitatem
642 427 89 56 sit
692 427 101 56 homo
756 427 76 56 et
794 427 89 56 per
844 427 114 56 aliam
920 427 89 56 sit
971 427 101 56 vnus
1034 427 114 56 homo.
1110 427 63 56 ⁋
1135 427 152 56 probatur
1237 427 63 56 aut

383 472 117 55 hoc.
457 472 146 55 Primo:
559 472 117 55 quia
632 472 88 55 si
676 472 146 55 sortes
778 472 132 55 esset
866 472 117 55 sine
939 472 117 55 omni
1012 472 176 55 entitate
1129 472 176 55 extrinseca

395 514 93 55 sibi
453 514 162 55 supaddita:
581 514 116 55 sortes
662 514 104 55 esset
731 514 93 55 vnus
789 514 104 55 homo.
859 514 93 55 ergo
917 514 116 55 sortes
998 514 81 55 non
1044 514 81 55 est
1090 514 93 55 vnus
1148 514 93 55 homo
1206 514 81 55 per
1241 514 58 55 en-

390 567 121 47 titatem
478 567 121 47 aliquam
566 567 165 47 extrinsecam
698 567 88 47 sibi
753 567 132 47 additam:
853 567 176 47 consequentia
996 567 99 47 patet
1062 567 66 47 vt
1095 567 176 47 consequentia
1227 567 77 47 prime

389 608 124 53 rationis
482 608 73 53 pro
523 608 93 53 prima
586 608 93 53 parte
648 608 93 53 huius
710 608 176 53 conclusionis.
855 608 62 53 et
886 608 145 53 antecedens
1000 608 93 53 etiam
1062 608 104 53 simili
1135 608 83 53 modo
1187 608 124 53 probatur
1270 608 41 53 vt

391 645 101 54 illud.
461 645 70 54 Nam
502 645 60 54 si
532 645 101 54 sortes
602 645 91 54 esset
662 645 101 54 sortes
733 645 91 54 esset
793 645 101 54 sortes
864 645 60 54 et
894 645 70 54 per
934 645 141 54 consequens
1045 645 91 54 esset
1105 645 91 54 homo:
1165 645 60 54 et
1195 645 70 54 non
1226 645 70 54 esset

382 691 144 62 plures
482 691 172 62 homines.
612 691 115 62 ergo
683 691 129 62 esset
770 691 115 62 vnus
841 691 129 62 homo.
928 691 72 62 ⁋
956 691 86 62 2o
1000 691 158 62 sumatur
1115 691 158 62 aliquis
1215 691 72 62 vn-

378 733 146 50 asinus
480 733 218 50 singularis.
655 733 87 50 si
699 733 117 50 iste
772 733 102 50 est
830 733 117 50 vnus
903 733 146 50 asinus
1005 733 102 50 per
1063 733 160 50 aliquam
1165 733 131 50 entita-

387 775 97 55 tem
442 775 124 55 talem
525 775 235 55 superadditam.
719 775 97 55 vel
774 775 111 55 illa
844 775 97 55 est
899 775 138 55 quanta
996 775 180 55 dimensiue
1134 775 97 55 vel
1189 775 111 55 non.
1245 775 55 55 Si

381 827 97 49 non.
441 827 85 49 aut
490 827 97 49 ipsa
550 827 85 49 est
598 827 181 49 substantia:
743 827 85 49 aut
792 827 157 49 accidens.
912 827 85 49 non
961 827 157 49 subiecta:
1082 827 97 49 quia
1142 827 85 49 non
1178 827 121 49 subiecta

377 863 239 54 immaterialis.
574 863 99 54 cum
630 863 127 54 nulla
715 863 127 54 talis
799 863 99 54 sit
856 863 84 54 in
898 863 141 54 asino.
996 863 99 54 nec
1053 863 211 54 materialis:
1208 863 84 54 quia

384 908 124 50 omnis
467 908 124 50 talis
549 908 110 50 siue
618 908 96 50 sit
673 908 151 50 materia
784 908 110 50 siue
852 908 124 50 forma
935 908 96 50 seu
990 908 193 50 compositum
1142 908 96 50 est
1183 908 110 50 quanta

376 951 112 53 Nec
440 951 208 53 accidens.
600 951 112 53 tum
664 951 128 53 quia
744 951 112 53 non
808 951 144 53 esset
903 951 176 53 signare
1031 951 96 53 in
1079 951 144 53 asino
1159 951 144 53 aliquam

386 1000 230 51 determinatam
573 1000 144 51 partem
673 1000 86 51 in
717 1000 101 51 qua
774 1000 129 51 illud
860 1000 173 51 accidens
990 1000 144 51 esset.
1091 1000 101 51 non
1148 1000 115 51 enim
1206 1000 86 51 appa

377 1037 93 55 ret
430 1037 93 55 cur
483 1037 133 55 potius
577 1037 93 55 sit
630 1037 80 55 in
670 1037 133 55 capite
763 1037 107 55 quam
830 1037 80 55 in
870 1037 133 55 cauda.
963 1037 93 55 tum
1016 1037 107 55 quia
1083 1037 107 55 esto
1149 1037 107 55 quod
1203 1037 93 55 ipsum

384 1081 117 50 esset
462 1081 78 50 in
501 1081 130 50 aliqua
592 1081 130 50 parte.
682 1081 117 50 verbi
760 1081 143 50 gratia.
864 1081 78 50 in
903 1081 130 50 capite
994 1081 91 50 non
1046 1081 143 50 propter
1149 1081 117 50 illud
1214 1081 78 50 pars

378 1127 150 49 materie
487 1127 190 49 existentis
637 1127 82 49 in
678 1127 122 49 cauda
759 1127 122 49 esset
841 1127 109 49 vnum
909 1127 95 49 cum
963 1127 109 49 alia
1031 1127 150 49 proxima
1140 1127 122 49 parte
1208 1127 95 49 mrie:

375 1176 109 45 nec
438 1176 109 45 cum
500 1176 140 45 parte
593 1176 140 45 forme
686 1176 109 45 qua
748 1176 233 45 informatur.
934 1176 109 45 nec
996 1176 124 45 etia
1074 1176 124 45 pars
1152 1176 140 45 forme
1229 1176 78 45 cau

382 1211 80 49 de
422 1211 93 49 cum
475 1211 107 49 alia
542 1211 120 49 parte
622 1211 107 49 sibi
688 1211 160 49 proxima.
808 1211 80 49 Si
849 1211 107 49 vero
915 1211 173 49 huiusmodi
1049 1211 147 49 entitas
1155 1211 93 49 sit
1195 1211 107 49 quanta

375 1256 211 52 dimensiue.
540 1256 120 52 ergo
616 1256 105 52 est
676 1256 150 52 multa.
781 1256 90 52 et
826 1256 120 52 tunc
902 1256 181 52 queratur
1037 1256 105 52 per
1097 1256 120 52 quid
1173 1256 120 52 illa
1233 1256 75 52 mul

375 1299 84 53 ta
417 1299 112 53 sunt
487 1299 126 53 vnum:
571 1299 112 53 quia
641 1299 98 53 vel
697 1299 168 53 seipsis.
823 1299 84 53 et
865 1299 112 53 tunc
935 1299 126 53 eadem
1019 1299 154 53 ratione
1131 1299 98 53 vna
1187 1299 112 53 pars
1243 1299 70 53 for

394 1342 70 52 me
429 1342 105 52 asini
499 1342 81 52 cum
546 1342 93 52 alia
604 1342 128 52 simili.
697 1342 70 52 et
732 1342 151 52 similiter
848 1342 81 52 cum
895 1342 128 52 materia
988 1342 128 52 seipsis
1081 1342 128 52 possunt
1174 1342 93 52 esse
1221 1342 81 52 vnum:

393 1393 105 46 cum
453 1393 105 46 non
513 1393 135 46 minus
604 1393 120 46 iste
679 1393 151 46 partes
784 1393 120 46 sint
860 1393 90 46 ex
905 1393 90 46 se
950 1393 120 46 nate
1025 1393 151 46 facere
1130 1393 120 46 vnum
1191 1393 105 46 inten

382 1429 93 49 se:
435 1429 80 49 et
475 1429 173 49 similiter
608 1429 133 49 partes
701 1429 146 49 materie
807 1429 133 49 illius
900 1429 173 49 entitatis
1033 1429 133 49 addite
1126 1429 120 49 inter
1206 1429 93 49 se.
1246 1429 53 49 et

385 1473 169 50 similiter
515 1473 130 50 partes
606 1473 143 50 materie
710 1473 91 50 cum
762 1473 156 50 partibus
879 1473 117 50 forme
957 1473 104 50 quam
1022 1473 130 50 partes
1113 1473 130 50 illius
1191 1473 104 50 entita

381 1515 100 50 tis
438 1515 143 50 addite
538 1515 129 50 inter
624 1515 100 50 se.
682 1515 100 50 vel
739 1515 115 50 illa
811 1515 129 50 multa
897 1515 115 50 sunt
968 1515 115 50 vnum
1040 1515 100 50 per
1097 1515 158 50 aliquam
1198 1515 100 50 aliam

382 1564 176 49 entitatem.
521 1564 75 49 et
558 1564 100 49 tunc
621 1564 75 49 de
659 1564 100 49 illa
721 1564 163 49 queratur:
847 1564 75 49 et
885 1564 88 49 sic
935 1564 75 49 in
973 1564 126 49 infin.
1060 1564 151 49 Smiliter
1173 1564 88 49 hec
1211 1564 88 49 ratio

392 1603 76 47 t
422 1603 183 47 forsitan
559 1603 213 47 euidentius
727 1603 107 47 quo
788 1603 91 47 ad
833 1603 167 47 aliquid
955 1603 152 47 posset
1061 1603 167 47 formari
1183 1603 91 47 de
1214 1603 91 47 ali-

380 1646 108 52 qua
441 1646 123 52 aqua
518 1646 108 52 vna
580 1646 93 52 et
626 1646 139 52 aliis
719 1646 216 52 corporibus
889 1646 231 52 homogeneis.
1074 1646 77 52 ⁋
1104 1646 93 52 3o
1151 1646 93 52 si
1182 1646 123 52 alicui

374 1693 129 51 aque
455 1693 210 51 iungantur
616 1693 97 51 ex
665 1693 194 51 diuersis
810 1693 194 51 partibus
956 1693 113 51 due
1020 1693 129 51 alie
1101 1693 145 51 aque.
1198 1693 97 51 et
1230 1693 65 51 ex

381 1734 105 47 eis
441 1734 120 47 fiat
516 1734 105 47 vna
575 1734 120 47 aqua
650 1734 164 47 totalis
770 1734 105 47 que
830 1734 105 47 sit
889 1734 90 47 a.
934 1734 105 47 aut
994 1734 90 47 a.
1039 1734 105 47 est
1099 1734 105 47 vna
1158 1734 120 47 aqua
1218 1734 75 47 per

393 1778 123 53 vnam
469 1778 169 53 aliquam
592 1778 200 53 entitatem
746 1778 230 53 supadditam:
930 1778 108 53 aut
992 1778 123 53 non.
1069 1778 92 53 Si
1115 1778 108 53 non
1161 1778 138 53 habetur

381 1821 191 57 propositum.
534 1821 76 57 si
572 1821 102 57 sic:
636 1821 89 57 vel
687 1821 102 57 illa
751 1821 115 57 esset
827 1821 127 57 aliqua
917 1821 140 57 entitas
1019 1821 153 57 existens
1133 1821 76 57 in
1172 1821 102 57 tota
1223 1821 76 57 aqua

383 1866 71 52 vt
419 1866 118 52 aliqua
502 1866 142 52 existens
608 1866 118 52 tantum
691 1866 71 52 in
727 1866 225 52 communiunctione
916 1866 130 52 illarum
1011 1866 130 52 aquarum
1106 1866 178 52 partialium.
1236 1866 59 52 non

381 1915 122 48 potest
466 1915 98 48 dici
527 1915 171 48 principium
661 1915 98 48 quia
722 1915 85 48 vel
771 1915 110 48 esset
844 1915 134 48 entitas
942 1915 146 48 absoluta
1052 1915 73 48 et
1088 1915 85 48 hoc
1137 1915 98 48 non.
1198 1915 85 48 tum
1235 1915 73 48 quia

388 1951 75 45 ex
426 1951 100 45 tali
489 1951 201 45 coniunctione
652 1951 151 45 praecise
765 1951 88 45 non
815 1951 138 45 apparet
916 1951 100 45 quod
978 1951 125 45 possit
1066 1951 125 45 aliqua
1154 1951 138 45 entitas
1242 1951 50 45 ab

374 1993 142 54 soluta
473 1993 171 54 generari
602 1993 100 54 per
658 1993 142 54 totum.
758 1993 171 54 Absurdum
886 1993 114 54 enim
957 1993 100 54 est
1014 1993 142 54 dicere
1114 1993 114 54 quod
1185 1993 85 54 si
1214 1993 85 54 sci-

384 2047 115 47 phus
455 2047 115 47 aqui
527 2047 158 47 addatur
642 2047 115 47 mari
713 2047 86 47 ex
756 2047 100 47 vna
814 2047 143 47 parte:
914 2047 115 47 quod
986 2047 86 47 ex
1029 2047 100 47 hoc
1086 2047 100 47 per
1143 2047 129 47 totum
1215 2047 86 47 mare

386 2082 151 50 generet
496 2082 137 50 aliqua
592 2082 151 50 entitas
702 2082 179 50 absoluta.
840 2082 82 50 Et
881 2082 151 50 iterum:
991 2082 110 50 quia
1059 2082 82 50 si
1101 2082 124 50 alius
1169 2082 124 50 sciphus

370 2133 138 43 secundo
471 2133 175 43 adderetur:
608 2133 125 43 iterum
696 2133 175 43 causaretur
833 2133 88 43 per
883 2133 113 43 totum
958 2133 100 43 mare
1021 2133 113 43 simul
1096 2133 150 43 entitas:
1208 2133 75 43 et
1233 2133 63 43 sic

386 2177 173 47 quotcumque
522 2177 124 47 sciphi
609 2177 186 47 adderentur.
757 2177 74 47 Et
794 2177 99 47 tunc
856 2177 112 47 esset
931 2177 149 47 quaestio
1042 2177 87 47 per
1092 2177 99 47 quam
1154 2177 136 47 illarum
1240 2177 50 47 to

378 2214 98 45 tum
434 2214 126 45 esset
518 2214 98 45 vna
573 2214 126 45 aqua:
657 2214 98 45 nec
713 2214 140 45 posset
811 2214 112 45 dari
880 2214 153 45 aliqua.
992 2214 98 45 Tum
1048 2214 112 45 quia
1118 2214 84 45 de
1146 2214 153 45 partibus.

371 2255 146 55 illius
473 2255 189 55 entitatis
619 2255 131 55 esset
706 2255 204 55 querendum:
866 2255 131 55 vtrum
954 2255 160 55 seipsis
1070 2255 102 55 vel
1128 2255 102 55 per
1172 2255 131 55 additum

372 2303 144 47 essent
473 2303 115 47 vnum
545 2303 87 47 vt
588 2303 144 47 supra.
689 2303 101 47 vel
747 2303 115 47 illa
819 2303 159 47 entitas
934 2303 130 47 esset
1021 2303 188 47 respectus
1165 2303 130 47 ille.
1237 2303 58 47 et

376 2344 115 45 istud
453 2344 115 45 etiam
530 2344 90 45 non
581 2344 128 45 potest
671 2344 115 45 dici:
748 2344 103 45 quia
812 2344 90 45 non
863 2344 141 45 apparet
966 2344 77 45 ad
1004 2344 103 45 quem
1068 2344 154 45 terminum
1184 2344 115 45 esset
1248 2344 51 45 re

384 2389 153 51 spectus
495 2389 125 51 ille.
579 2389 97 51 Tum
634 2389 111 51 quia
704 2389 97 51 tot
759 2389 208 51 causarentur
926 2389 181 51 respectus
1065 2389 97 51 per
1120 2389 125 51 totam
1190 2389 97 51 aquam

390 2433 114 53 quot
461 2433 143 53 sciphi
561 2433 200 53 successiue
718 2433 214 53 adderentur:
889 2433 86 53 et
932 2433 100 53 non
989 2433 143 53 posset
1089 2433 114 53 dici
1161 2433 100 53 per
1203 2433 86 53 quid

369 2475 121 53 esset
449 2475 108 53 tota
517 2475 108 53 aqua
584 2475 94 53 vna
638 2475 121 53 aqua.
719 2475 94 53 Tum
773 2475 108 53 quia
840 2475 121 53 esto:
921 2475 108 53 quod
989 2475 121 53 talis
1070 2475 175 53 respectus
1191 2475 108 53 causa-

382 2519 112 49 retur
456 2519 112 49 nihil
531 2519 75 49 ad
568 2519 186 49 propositum:
717 2519 99 49 quia
779 2519 124 49 nullus
866 2519 162 49 respectus
991 2519 87 49 est
1040 2519 137 49 entitas
1140 2519 149 49 secundum
1239 2519 50 49 se

382 2561 163 47 distincta
508 2561 75 47 ab
546 2561 176 47 absolutis:
684 2561 75 47 vt
722 2561 113 47 infra
797 2561 188 47 probabitur.
948 2561 88 47 Nec
998 2561 126 47 potest
1086 2561 113 47 dici:
1161 2561 101 47 quod
1212 2561 75 47 illa

369 2609 143 43 entitas
473 2609 91 43 sit
525 2609 143 43 causata
629 2609 78 43 in
668 2609 208 43 coniunctione
837 2609 143 43 tantum:
941 2609 78 43 vt
980 2609 130 43 aliqui
1071 2609 117 43 forte
1149 2609 169 43 dicerent:

373 2648 88 54 qui
424 2648 126 54 aliqua
512 2648 189 54 superficies
663 2648 113 54 esset
738 2648 138 54 nouiter
839 2648 138 54 causata
940 2648 176 54 continuans
1078 2648 113 54 illas
1154 2648 126 54 aquas:
1229 2648 63 54 vel

373 2701 158 42 aliqui
484 2701 205 42 respectus
641 2701 173 42 vnionis
767 2701 126 42 siue
846 2701 126 42 quod
925 2701 110 42 est
988 2701 126 42 vnio
1066 2701 173 42 illarum
1177 2701 110 42 adin-

375 2738 136 48 uicem.
471 2738 82 48 et
511 2738 95 48 per
566 2738 122 48 talem
647 2738 204 48 superficiem
810 2738 95 48 vel
865 2738 177 48 respectum
1001 2738 109 48 aque
1069 2738 109 48 illa
1137 2738 109 48 tunc
1191 2738 95 48 esset

385 2776 88 52 vna
436 2776 113 52 aqua.
511 2776 88 52 hoc
561 2776 126 52 inquam
649 2776 101 52 esse
712 2776 88 52 non
762 2776 138 52 potest.
863 2776 88 52 Tum
913 2776 101 52 quia
976 2776 126 52 neutra
1064 2776 163 52 huiusmodi
1177 2776 113 52 entitas

375 2829 98 46 noua
436 2829 160 46 causatur:
559 2829 86 46 cum
608 2829 86 46 nec
657 2829 160 46 respectus
780 2829 86 46 sit
829 2829 135 46 entitas
928 2829 147 46 secundum
1038 2829 74 46 se
1075 2829 74 46 ab
1112 2829 111 46 illis
1173 2829 111 46 distin-

365 2864 106 50 cta:
431 2864 93 50 nec
484 2864 120 50 etiam
564 2864 106 50 ipsa
630 2864 199 50 superficies
790 2864 80 50 vt
830 2864 120 50 alias
909 2864 199 50 probabitur.
1069 2864 93 50 Tum
1122 2864 106 50 quia
1175 2864 106 50 oporte

366 2909 109 51 eadem
439 2909 134 51 ratione
536 2909 122 51 dicere
621 2909 85 51 per
670 2909 97 51 quid
731 2909 122 51 partes
816 2909 182 51 superficiei
962 2909 109 51 talis
1035 2909 85 51 (si
1083 2909 170 51 poneretur)
1205 2909 73 51 sunt

370 2953 117 50 vnum:
448 2953 78 50 et
487 2953 91 50 sic
538 2953 91 50 vel
590 2953 130 50 tandem
681 2953 194 50 deueniretur
837 2953 78 50 ad
875 2953 155 50 punctum:
992 2953 78 50 et
1031 2953 91 50 non
1083 2953 117 50 esset
1160 2953 104 50 dare
1212 2953 78 50 quod

378 2995 146 45 punctum
484 2995 119 45 esset
563 2995 119 45 illud
642 2995 93 45 per
695 2995 106 45 quod
762 2995 199 45 superficies
920 2995 106 45 illa
987 2995 119 45 esset
1066 2995 106 45 vna:
1132 2995 93 45 vel
1172 2995 119 45 oporte-

368 3040 87 55 ret
417 3040 124 55 dicere
504 3040 99 55 quod
566 3040 148 55 seipsis:
677 3040 74 55 et
714 3040 111 55 eadem
788 3040 136 55 ratione
887 3040 124 55 partes
974 3040 111 55 aquae
1048 3040 136 55 seipsis
1147 3040 99 55 sunt
1196 3040 87 55 vnum-

371 3083 64 66 ⁋
397 3083 116 66 Eodem
474 3083 90 66 mod
525 3083 103 66 modo
589 3083 128 66 potest
679 3083 116 66 argui
756 3083 77 66 de
795 3083 154 66 respectu
911 3083 154 66 vnionis:
1026 3083 103 66 esto
1090 3083 103 66 quod
1142 3083 141 66 poneretur

1347 271 103 72 res
1406 271 206 72 distincta.
1568 271 103 72 Nam
1627 271 103 72 vel
1686 271 132 72 esset
1774 271 191 72 extensus:
1921 271 88 72 et
1965 271 118 72 tunc
2039 271 191 72 querendum
2171 271 103 72 esset

1348 334 98 60 per
1404 334 112 60 quid
1474 334 112 60 eius
1544 334 140 60 partes
1642 334 112 60 sunt
1712 334 126 60 vnum.
1796 334 98 60 vel
1853 334 126 60 esset
1937 334 252 60 indiuisibilis.
2147 334 84 60 et
2175 334 84 60 tunc

1343 375 86 55 non
1392 375 123 55 posset
1478 375 98 55 dari
1539 375 74 55 in
1576 375 86 55 qua
1625 375 110 55 parte
1698 375 110 55 aquae
1772 375 110 55 esset
1845 375 184 55 subiectiue:
1992 375 98 55 immo
2054 375 110 55 etiam
2127 375 86 55 nec
2176 375 74 55 in
2201 375 61 55 qua

1337 421 155 57 illarum
1450 421 169 57 aquarum:
1576 421 99 57 cum
1633 421 99 57 non
1689 421 99 57 sit
1745 421 127 57 maior
1830 421 127 57 ratio
1914 421 84 57 de
1956 421 99 57 vna
2013 421 113 57 quam
2083 421 84 57 de
2125 421 127 57 alia:
2196 421 70 57 tum

1353 463 113 63 quia
1424 463 113 63 siue
1494 463 156 63 ponatur
1607 463 127 63 talis
1692 463 212 63 superficies
1862 463 113 63 siue
1933 463 198 63 respectus.
2088 463 156 63 diuisio
2187 463 71 63 est

1352 515 116 45 maior
1430 515 116 45 ratio
1507 515 104 45 quod
1572 515 168 45 respectus
1701 515 91 45 vel
1753 515 194 45 superficies
1909 515 142 45 causata
2012 515 78 45 in
2038 515 220 45 communiunctione

1353 554 94 59 aqua
1412 554 188 59 communiuncte
1564 554 117 59 priori
1646 554 106 59 aquae
1717 554 70 59 ex
1752 554 82 59 vna
1799 554 117 59 parte:
1881 554 82 59 sit
1928 554 106 59 illud
1998 554 82 59 per
2045 554 94 59 quod
2104 554 94 59 tota
2162 554 94 59 aqua
2209 554 59 59 sit

1342 599 115 49 vna:
1414 599 115 49 quam
1486 599 216 49 superficies
1659 599 101 49 vel
1717 599 188 49 respectus
1861 599 173 49 causatus
1991 599 87 49 in
2034 599 216 49 coiunctione
2193 599 72 49 al-

1348 644 135 53 terius
1442 644 108 53 aqua
1509 644 81 53 ex
1550 644 108 53 alia
1617 644 121 53 parte
1698 644 189 53 coniuncte:
1847 644 108 53 immo
1914 644 94 53 nec
1968 644 108 53 quam
2036 644 108 53 alie
2090 644 175 53 superficies

1351 683 216 54 potinuantes
1523 683 130 54 alias
1610 683 144 54 partes
1711 683 158 54 illarum
1826 683 158 54 aquarum
1941 683 101 54 vel
1999 683 187 54 respectus
2128 683 130 54 vnionum

1343 734 163 45 illarum
1462 734 207 45 adinuicem.
1625 734 74 45 ⁋
1654 734 89 45 4o
1699 734 133 45 sicut
1787 734 148 45 aliqui
1891 734 178 45 arguunt:
2024 734 148 45 quando
2128 734 118 45 vnum
2187 734 89 45 cor-

1345 778 91 52 pus
1397 778 169 52 continuum
1527 778 169 52 diuiditur
1657 778 91 52 per
1709 778 221 52 segregationem
1891 778 143 52 partium
1995 778 182 52 adinuicem.
2125 778 130 52 quelibet

1348 812 141 62 partium
1451 812 192 62 discretarum
1604 812 90 62 est
1656 812 90 62 vna
1707 812 103 62 nuoa
1771 812 90 62 hoc
1822 812 141 62 aliquid
1925 812 154 62 secundum
2040 812 90 62 se:
2091 812 128 62 igitur
2168 812 90 62 prius

1348 863 109 44 erat
1417 863 137 44 corpus
1512 863 137 44 totale
1608 863 96 44 non
1663 863 164 44 diuisum:
1786 863 82 44 et
1827 863 123 44 tamen
1909 863 123 44 nulla
1991 863 150 44 entitas
2100 863 96 44 est
2155 863 82 44 de
2182 863 82 44 nouo

1349 909 164 52 generata
1472 909 82 52 in
1513 909 136 52 aliqua
1608 909 150 52 partium
1717 909 95 52 per
1772 909 177 52 praecisam
1908 909 232 52 segregationem
2099 909 136 52 earum.
2194 909 68 52 ⁋
2208 909 68 52 pro

1343 943 85 54 hac
1391 943 182 54 conclusione
1537 943 97 54 sunt
1597 943 145 54 expresse
1706 943 182 54 philosophus
1852 943 73 54 et
1888 943 133 54 Commen.
1985 943 73 54 4.
2022 943 73 54 et
2058 943 109 54 1d0eo
2131 943 109 54 meta.
2203 943 61 54 ⁋
2215 943 61 54 Sed

1354 991 108 47 ptra
1422 991 95 47 eam
1476 991 136 47 potest
1571 991 136 47 argui.
1666 991 95 47 Nam
1720 991 176 47 separatis
1856 991 176 47 abinuicem
1991 991 163 47 partibus
2113 991 163 47 alicuius
2222 991 54 47 to

1348 1033 119 51 tius
1423 1033 119 51 quod
1497 1033 104 51 est
1557 1033 104 51 per
1617 1033 90 51 se
1661 1033 119 51 vnum
1736 1033 104 51 hoc
1796 1033 179 51 aliquid:
1930 1033 90 51 et
1975 1033 239 51 remanentibus
2154 1033 104 51 illis

1349 1080 134 48 omnibus
1447 1080 73 48 in
1483 1080 110 48 esse.
1556 1080 98 48 ille
1618 1080 122 48 partes
1703 1080 86 48 non
1752 1080 98 48 sunt
1813 1080 98 48 vnum
1874 1080 73 48 vt
1911 1080 122 48 prius:
1996 1080 98 48 ergo
2057 1080 122 48 quando
2143 1080 98 48 sunt
2192 1080 73 48 vnum

1341 1121 152 53 scilibet
1455 1121 101 53 ante
1518 1121 202 53 seperationem
1683 1121 114 53 earum
1758 1121 88 53 non
1809 1121 101 53 sunt
1872 1121 139 53 seipsis
1973 1121 114 53 vnum:
2049 1121 88 53 sed
2100 1121 88 53 per
2150 1121 139 53 aliquid

1348 1161 147 54 additum
1454 1161 107 54 eis.
1521 1161 80 54 Ex
1561 1161 93 54 quo
1614 1161 160 54 vlterius
1734 1161 173 54 sequitur:
1867 1161 107 54 quod
1934 1161 107 54 homo
2001 1161 93 54 per
2054 1161 173 54 entitatem
2174 1161 80 54 sibi

1347 1205 151 60 additam
1457 1205 96 60 sit
1512 1205 109 60 vnus
1580 1205 123 60 homo:
1662 1205 82 60 et
1703 1205 109 60 vnum
1771 1205 137 60 lignum
1867 1205 109 60 nuoa
1936 1205 96 60 per
1990 1205 178 60 entitatem
2114 1205 151 60 superaddi

1346 1250 79 51 tam
1391 1250 79 51 sit
1436 1250 90 51 vnum
1492 1250 112 51 lignum
1571 1250 101 51 nuoa:
1638 1250 67 51 et
1672 1250 79 51 sic
1717 1250 67 51 de
1751 1250 112 51 aliis.
1829 1250 101 51 cuius
1897 1250 146 51 oppositum
2009 1250 112 51 dictum
2088 1250 90 51 est.
2133 1250 135 51 Antecedens

1349 1299 106 53 patet
1420 1299 70 53 in
1455 1299 94 53 toto
1513 1299 176 53 essentiali.
1654 1299 82 53 Nam
1701 1299 141 53 seperata
1807 1299 106 53 anima
1877 1299 117 53 homnis
1959 1299 59 53 a
1983 1299 141 53 corpore:
2088 1299 70 53 et
2123 1299 129 53 vtroque
2205 1299 59 53 re-

1352 1338 164 54 manente:
1475 1338 109 54 illa
1544 1338 123 54 anima
1626 1338 82 54 et
1667 1338 137 54 corpus
1763 1338 96 54 non
1817 1338 109 54 sunt
1886 1338 109 54 vnus
1954 1338 123 54 homo.
2036 1338 178 54 Similiter
2159 1338 96 54 secto

1355 1383 101 46 vno
1412 1383 130 46 ligno
1499 1383 86 46 in
1542 1383 173 46 partibus
1671 1383 245 46 remanentibus:
1873 1383 115 46 ille
1945 1383 101 46 non
2003 1383 115 46 sunt
2075 1383 115 46 vnum
2132 1383 130 46 lignum.

1359 1426 57 56 ⁋
1381 1426 138 56 Rsponsio
1485 1426 126 56 dicitur
1576 1426 80 56 vno
1622 1426 103 56 modo.
1691 1426 92 56 quod
1748 1426 138 56 concesso
1852 1426 92 56 quod
1909 1426 115 56 partes
1989 1426 115 56 homnis
2070 1426 80 56 non
2115 1426 92 56 sint
2161 1426 115 56 seipsis:

1356 1471 84 55 et
1398 1471 98 55 per
1454 1471 182 55 entitatem
1594 1471 154 55 additam
1705 1471 112 55 vnus
1775 1471 126 55 homo.
1859 1471 126 55 Adhuc
1943 1471 98 55 non
1999 1471 182 55 sequitur:
2138 1471 112 55 quod
2194 1471 70 55 per

1348 1526 132 38 aliam
1436 1526 191 38 entitatem
1583 1526 118 38 homo
1657 1526 103 38 sit
1716 1526 118 38 vnus
1789 1526 88 38 ab
1833 1526 103 38 his
1892 1526 147 38 quibus
1995 1526 103 38 est
2053 1526 132 38 homo:
2141 1526 103 38 nec
2186 1526 73 38 vnu

1344 1557 92 54 sic
1396 1557 196 54 praedicatum
1553 1557 79 54 de
1593 1557 105 54 ipso
1658 1557 183 54 significat
1802 1557 144 54 aliquam
1907 1557 170 54 entitatem
2038 1557 183 54 distinctam
2181 1557 79 54 ab
2208 1557 52 54 ea

1344 1596 96 64 vel
1399 1596 96 64 eis
1454 1596 109 64 quam
1522 1596 96 64 vel
1576 1596 109 64 quas
1645 1596 191 64 significat
1795 1596 109 64 homo
1863 1596 218 64 superadditam
2041 1596 96 64 ei:
2095 1596 96 64 pro
2150 1596 96 64 quo
2191 1596 68 64 sup

1361 1643 105 51 onit
1427 1643 118 51 illud
1505 1643 79 51 de
1545 1643 92 51 quo
1598 1643 210 51 praedicatur.
1768 1643 92 51 Nam
1821 1643 118 51 sicut
1900 1643 131 51 partes
1992 1643 131 51 homnis
2084 1643 158 51 separate
2189 1643 66 51 non

1343 1687 85 52 sunt
1396 1687 85 52 vnus
1449 1687 95 52 homo:
1513 1687 74 52 sic
1555 1687 74 52 est
1598 1687 74 52 non
1640 1687 85 52 sunt
1693 1687 95 52 homo.
1757 1687 64 52 Si
1788 1687 74 52 aut
1831 1687 106 52 essent
1905 1687 95 52 homo:
1969 1687 64 52 et
2000 1687 74 52 non
2043 1687 85 52 vnus
2096 1687 95 52 homo:
2149 1687 95 52 arguent

1343 1735 175 56 procederet
1480 1735 113 56 eodem
1555 1735 113 56 modo.
1630 1735 125 56 partes
1718 1735 113 56 ligni
1793 1735 113 56 secte
1868 1735 113 56 sicut
1943 1735 88 56 non
1993 1735 100 56 sunt
2055 1735 100 56 vnum
2118 1735 125 56 lignum
2193 1735 63 56 sic

1340 1774 78 54 non
1384 1774 89 54 sunt
1440 1774 122 54 lignum:
1529 1774 78 54 sed
1574 1774 111 54 ligna.
1652 1774 56 54 ⁋
1674 1774 67 54 2o
1707 1774 145 54 responsio
1819 1774 122 54 negando
1908 1774 178 54 consequentia
2052 1774 122 54 primam.
2141 1774 78 54 Nam
2175 1774 100 54 quamuis

1349 1819 95 48 sole
1409 1819 155 48 entitates
1528 1819 131 48 partium
1623 1819 95 48 sint
1683 1819 107 48 totum
1754 1819 71 48 vt
1790 1819 119 48 partes
1873 1819 119 48 homnis
1956 1819 107 48 homo:
2028 1819 83 48 non
2075 1819 107 48 tamen
2135 1819 131 48 qualiter-

1345 1861 128 56 cumque
1435 1861 77 56 se
1473 1861 153 56 habentes
1588 1861 102 56 ille
1652 1861 166 56 entitates
1780 1861 102 56 sunt
1843 1861 115 56 homo:
1920 1861 89 56 sed
1971 1861 166 56 coniuncte
2099 1861 77 56 et
2124 1861 141 56 seinuicem

1352 1908 182 55 perficientes:
1502 1908 96 55 licet
1566 1908 96 55 autem
1631 1908 75 55 non
1673 1908 107 55 semper
1748 1908 75 55 sic
1791 1908 86 55 sint
1845 1908 150 55 coniuncte:
1962 1908 107 55 quando
2037 1908 96 55 tamen
2101 1908 96 55 sunt:
2166 1908 75 55 non
2198 1908 64 55 sunt

1347 1960 89 47 per
1398 1960 140 47 aliquam
1500 1960 114 47 aliam
1576 1960 178 47 entitatem:
1715 1960 89 47 sed
1766 1960 140 47 seipsis
1868 1960 178 47 coniuncte.
2007 1960 89 47 non
2058 1960 102 47 enim
2121 1960 102 47 vnio
2172 1960 89 47 earum

1345 1989 107 58 est
1406 1989 153 58 aliqua
1513 1989 169 58 entitas
1636 1989 230 58 superaddita
1820 1989 153 58 illis.
1928 1989 199 58 Similiter
2081 1989 92 58 de
2112 1989 153 58 partibus

1347 2047 267 47 quantitatiuis
1567 2047 141 47 dico:
1661 2047 126 47 quod
1740 2047 173 47 seipsis
1865 2047 126 47 sunt
1944 2047 126 47 vnum
2022 2047 110 47 hoc
2085 2047 188 47 aliquid:
2210 2047 63 47 et

1348 2079 112 52 non
1412 2079 112 52 per
1476 2079 175 52 aliquam
1603 2079 223 52 entitatem.
1778 2079 96 52 et
1826 2079 159 52 quando
1937 2079 112 52 sic
2001 2079 143 52 sunt:
2097 2079 127 52 sunt
2160 2079 96 52 vnum

1337 2131 179 45 lignum
1462 2131 125 45 vel
1534 2131 143 45 vnum
1624 2131 197 45 aliquid
1767 2131 179 45 aliud:
1892 2131 179 45 quando
2017 2131 143 45 vero
2107 2131 125 45 non
2161 2131 107 45 sunt

1350 2167 140 49 vnum
1437 2167 122 49 hoc
1507 2167 192 49 aliquid
1646 2167 122 49 sed
1716 2167 157 49 multa
1821 2167 122 49 hec
1891 2167 192 49 aliqua.
2030 2167 157 49 sicut
2117 2167 140 49 quando

1335 2216 132 47 sunt
1417 2216 247 47 discontinua
1615 2216 99 47 et
1664 2216 214 47 discreta:
1829 2216 132 47 tunc
1912 2216 115 47 non
1978 2216 132 47 sunt
2060 2216 132 47 vnum
2126 2216 132 47 lignum

1341 2257 96 54 vt
1389 2257 145 54 prius
1486 2257 161 54 erant.
1598 2257 80 54 ⁋
1630 2257 161 54 Quarta
1743 2257 225 54 conclusio:
1919 2257 193 54 scilicet
2064 2257 129 54 quod
2144 2257 129 54 vnum
2209 2257 64 54 ve

1338 2300 86 49 re
1381 2300 86 49 et
1424 2300 216 49 simpliciter
1596 2300 201 49 predicatur
1755 2300 86 49 de
1798 2300 115 49 deo:
1870 2300 86 49 et
1913 2300 115 49 quod
1985 2300 115 49 deus
2057 2300 101 49 est
2114 2300 115 49 vere
2172 2300 86 49 vnus

1351 2344 209 53 probatur.
1512 2344 129 53 quia
1592 2344 145 53 omnis
1688 2344 113 53 res
1753 2344 177 53 simplex
1881 2344 113 53 est
1946 2344 129 53 vere
2026 2344 96 53 et
2058 2344 209 53 simpliciter

1345 2391 126 51 vna:
1424 2391 95 51 vt
1472 2391 142 51 dicit
1566 2391 142 51 prima
1661 2391 221 51 conclusio:
1835 2391 111 51 sed
1898 2391 126 51 deus
1977 2391 111 51 est
2041 2391 190 51 simplex:
2167 2391 95 51 immo

1348 2428 131 52 maxime
1440 2428 118 52 inter
1518 2428 131 52 omnia.
1610 2428 105 52 ergo
1675 2428 105 52 etc.
1740 2428 65 52 ⁋
1767 2428 144 52 Contra.
1871 2428 105 52 deus
1937 2428 92 52 est
1989 2428 131 52 aliqua
2081 2428 131 52 plura:
2159 2428 118 52 quaerum

1343 2477 89 49 vnum
1398 2477 78 49 non
1443 2477 78 49 est
1487 2477 111 49 aliud:
1565 2477 89 49 ergo
1620 2477 78 49 est
1664 2477 67 49 in
1698 2477 67 49 se
1731 2477 133 49 diuisus:
1831 2477 67 49 et
1864 2477 78 49 per
1908 2477 155 49 consequens
2030 2477 78 49 non
2075 2477 78 49 est
2108 2477 144 49 simpliciter

1343 2520 90 49 vnus.
1403 2520 160 49 consequentia
1533 2520 90 49 patet
1594 2520 60 49 ex
1624 2520 110 49 dictis:
1704 2520 60 49 vt
1734 2520 120 49 videtur.
1824 2520 60 49 et
1854 2520 140 49 antecedens
1964 2520 70 49 est
2004 2520 100 49 certum
2075 2520 70 49 per
2115 2520 100 49 fidem.
2185 2520 70 49 nam
2215 2520 50 49 est

1330 2563 103 51 tres
1395 2563 142 51 persone
1498 2563 129 51 quarum
1588 2563 90 51 vna
1640 2563 90 51 non
1691 2563 90 51 est
1743 2563 116 51 alia.
1820 2563 65 51 ⁋
1846 2563 168 51 Respondeo
1975 2563 142 51 negando
2065 2563 194 51 consequentia.

1345 2603 91 48 Nam
1397 2603 78 48 ad
1436 2603 91 48 hoc
1489 2603 104 48 quod
1554 2603 144 48 aliquid
1658 2603 91 48 sit
1711 2603 78 48 in
1750 2603 78 48 se
1789 2603 144 48 diuisum
1893 2603 91 48 non
1946 2603 157 48 sufficit
2063 2603 104 48 quod
2128 2603 91 48 sit
2168 2603 91 48 plura

1340 2649 150 53 quorum
1445 2649 120 53 vnum
1520 2649 105 53 non
1580 2649 105 53 sit
1639 2649 150 53 aliud.
1744 2649 105 53 sed
1804 2649 135 53 vltra
1894 2649 105 53 hoc
1954 2649 90 53 vt
1999 2649 135 53 supra
2088 2649 150 53 tactum
2178 2649 75 53 est

1332 2693 198 46 requiritur
1488 2693 113 46 quod
1558 2693 156 46 aliquid
1672 2693 156 46 illorum
1785 2693 156 46 plurium
1898 2693 99 46 non
1955 2693 99 46 sit
2011 2693 142 46 ipsum.
2110 2693 113 46 Tunc
2167 2693 85 46 enim

1326 2736 158 47 aliquid
1441 2736 101 47 ita
1498 2736 101 47 est
1556 2736 144 47 ipsius
1657 2736 115 47 quod
1729 2736 101 47 non
1787 2736 101 47 est
1844 2736 130 47 ipsum
1931 2736 86 47 et
1974 2736 144 47 ipsum.
2075 2736 86 47 et
2118 2736 115 47 tunc
2176 2736 86 47 vere

1335 2780 100 50 est
1392 2780 86 50 in
1435 2780 86 50 se
1478 2780 172 50 diuisum.
1607 2780 115 50 Nunc
1678 2780 129 50 autem
1764 2780 157 50 quamuis
1879 2780 100 50 vna
1936 2780 157 50 persona
2051 2780 100 50 non
2108 2780 100 50 sit
2151 2780 100 50 alia:

1342 2824 168 52 quelibet
1468 2824 126 52 tamen
1552 2824 98 52 est
1608 2824 126 52 deus:
1692 2824 98 52 nec
1748 2824 126 52 alius
1831 2824 112 52 deus
1901 2824 98 52 est
1957 2824 98 52 vna
2013 2824 112 52 quam
2083 2824 126 52 alia.
2167 2824 84 52 et
2195 2824 70 52 per

1339 2869 174 46 consequens
1475 2869 99 46 ille
1537 2869 87 46 non
1587 2869 87 46 est
1636 2869 74 46 in
1673 2869 74 46 se
1698 2869 124 46 diuisus.

1310 2908 183 100 Quantum
1443 2908 100 100 ad
1493 2908 200 100 secundum
1643 2908 233 100 articulum:
1826 2908 233 100 videlibet.
2009 2908 150 100 Utrum
2109 2908 133 100 vnum
2175 2908 100 100 quod

1580 2954 89 55 est
1631 2954 177 55 principium
1770 2954 126 55 numeri
1859 2954 139 55 dicatur
1960 2954 101 55 vere
2023 2954 76 55 de
2061 2954 101 55 deo:
2112 2954 126 55 Dicitur.

1330 2997 133 64 multis
1423 2997 107 64 quod
1490 2997 107 64 non:
1556 2997 80 64 eo
1596 2997 107 64 quod
1663 2997 107 64 tale
1730 2997 107 64 vnum
1796 2997 93 64 non
1849 2997 147 64 dicitur
1956 2997 160 64 secundum
2076 2997 120 64 ipsos
2156 2997 107 64 nisi
2223 2997 80 64 de

1333 3040 158 58 rebus
1439 3040 193 58 quantis
1579 3040 105 58 et
1631 3040 245 58 continuis:
1824 3040 140 58 mihi
1912 3040 158 58 autem
2017 3040 193 58 videtur
2139 3040 123 58 horum

1333 3087 189 73 fundamentum
1484 3087 126 73 falsum
1572 3087 113 73 esse.
1648 3087 75 73 et
1686 3087 101 73 ideo
1749 3087 88 73 pro
1799 3087 101 73 isto
1862 3087 126 73 artic.
1950 3087 101 73 pono
2013 3087 138 73 quatuor
2101 3087 176 73 conclusiones
