2484 3543
414 291 56 61 ⁋
436 291 67 61 Ex
469 291 78 61 hoc
514 291 111 61 patet.
592 291 89 61 quod
647 291 133 61 exemplum
748 291 133 61 inductum
848 291 78 61 non
892 291 78 61 est
937 291 122 61 simile:
1026 291 78 61 nam
1070 291 78 61 per
1115 291 100 61 ipsum
1181 291 133 61 candorem
1270 291 56 61 cy-

407 340 107 56 genus
478 340 83 56 est
526 340 154 56 candidus:
644 340 71 56 et
680 340 71 56 si
715 340 95 56 ille
775 340 154 56 separatus
893 340 154 56 existeret
1012 340 71 56 ab
1047 340 71 56 eo
1083 340 83 56 non
1130 340 107 56 esset
1190 340 130 56 candidus.

428 381 59 58 ⁋
452 381 71 58 2o
488 381 95 58 quia
547 381 83 58 nec
594 381 107 58 minus
666 381 131 58 entitas
761 381 107 58 anime
832 381 83 58 est
880 381 83 58 per
927 381 119 58 seipam
1010 381 71 58 in
1046 381 71 58 se
1081 381 154 58 indiuisa:
1200 381 71 58 et
1236 381 71 58 ab
1260 381 59 58 il-

419 431 72 50 la
455 431 144 50 entitate
563 431 180 50 superaddita
707 431 120 50 diuisa
791 431 96 50 quam
851 431 156 50 econverso
971 431 96 50 illa
1031 431 180 50 superaddita
1175 431 84 50 per
1223 431 72 50 se
1247 431 72 50 indi

421 468 87 56 uisa
476 468 65 56 in
508 468 65 56 se
541 468 65 56 et
573 468 65 56 ab
606 468 98 56 anima
671 468 120 56 diuisa:
758 468 65 56 et
791 468 76 56 per
834 468 152 56 consequens
954 468 76 56 non
998 468 98 56 minus
1063 468 76 56 per
1106 468 109 56 seipam
1183 468 76 56 est
1226 468 76 56 vna
1259 468 65 56 quam

408 516 106 54 ista.
479 516 59 54 ⁋
503 516 71 54 Ex
538 516 83 54 quo
585 516 153 54 sequitur.
703 516 94 54 quod
762 516 71 54 si
798 516 94 54 ista
857 516 130 54 entitas
951 516 83 54 sit
998 516 83 54 per
1046 516 71 54 se
1081 516 83 54 vna
1128 516 71 54 et
1164 516 130 54 vnitas:
1246 516 71 54 quod

418 559 99 50 etiam
484 559 121 50 entitas
572 559 99 50 anime
638 559 77 50 sit
683 559 77 50 per
727 559 66 50 se
760 559 77 50 vna
804 559 66 50 et
837 559 121 50 vnitas.
925 559 55 50 ⁋
947 559 143 50 Praeterea
1057 559 99 50 nulla
1124 559 77 50 res
1168 559 77 50 est
1212 559 66 50 in
1245 559 66 50 se
1267 559 55 50 in-

414 597 123 61 diuisa
500 597 86 61 per
549 597 136 61 aliquam
648 597 160 61 entitatem
771 597 99 61 sibi
833 597 210 61 superadditam.
1005 597 99 61 ergo
1067 597 111 61 nulla
1141 597 86 61 est
1190 597 99 61 vnum
1240 597 86 61 nume-

422 642 81 54 rale
473 642 71 54 per
513 642 112 54 aliquam
595 642 132 54 entitatem
696 642 173 54 superadditam.
838 642 163 54 consequentia
971 642 102 54 patet:
1042 642 81 54 quia
1092 642 61 54 si
1123 642 91 54 ratio
1184 642 91 54 talis
1235 642 81 54 vnius-

414 682 66 59 in
447 682 132 59 praecisa
546 682 165 59 indiuisione
677 682 154 59 intrinseca
798 682 154 59 consistit:
919 682 88 59 siue
974 682 176 59 simpliciter:
1116 682 66 59 si
1149 682 165 59 simpliciter
1270 682 55 59 sit

418 738 88 45 vnum
473 738 88 45 siue
528 738 132 45 secundum
627 738 99 45 quid:
694 738 66 45 vt
727 738 132 45 secundum
826 738 77 45 hoc
870 738 77 45 vel
914 738 110 45 illud:
991 738 66 45 si
1024 738 77 45 sit
1068 738 88 45 vnum
1124 738 132 45 secundum
1223 738 99 45 quid:
1278 738 44 45 vt

423 774 88 54 vnum
478 774 77 54 hoc
522 774 77 54 vel
566 774 88 54 vnum
621 774 110 54 illud:
698 774 66 54 vt
731 774 99 54 supra
797 774 110 54 dictum
874 774 88 54 est:
929 774 154 54 antecedens
1050 774 99 54 etiam
1116 774 77 54 est
1160 774 99 54 supra
1215 774 110 54 declara-

425 818 81 52 tum.
476 818 61 52 Ad
506 818 81 52 hanc
557 818 162 52 conclusionem
688 818 132 52 applicari
789 818 111 52 possunt
870 818 132 52 rationes.
972 818 61 52 3.
1002 818 162 52 conclusionis
1134 818 162 52 praecedentis
1255 818 71 52 arti.

423 866 58 48 ⁋
447 866 70 48 4a
482 866 151 48 conclusio
598 866 140 48 probatur
703 866 93 48 sic.
761 866 70 48 de
796 866 81 48 deo
842 866 116 48 angelo
924 866 140 48 michaele
1028 866 93 48 vere
1086 866 174 48 praedicatur
1214 866 105 48 numerus

421 905 160 57 simpliciter.
551 905 70 57 Nam
591 905 80 57 vere
641 905 110 57 dicitur
722 905 80 57 quod
772 905 80 57 sunt
822 905 80 57 duo.
872 905 80 57 ergo
922 905 60 57 de
952 905 120 57 quolibet
1042 905 90 57 eorum
1103 905 70 57 sed
1143 905 60 57 se
1173 905 80 57 vere
1213 905 110 57 praedica-

415 950 71 55 tur
456 950 81 55 vnum
506 950 132 55 nuamerale
608 950 163 55 simpliciter:
740 950 163 55 consequentia
872 950 102 55 patet:
944 950 81 55 quia
994 950 112 55 numerus
1076 950 153 55 simpliciter
1198 950 71 55 est
1238 950 81 55 vna:
1279 950 51 55 vel

425 1001 110 47 entitas
505 1001 161 47 simpliciter:
636 1001 70 47 sic
676 1001 110 47 numerus
756 1001 121 47 secundum
847 1001 90 47 quid:
907 1001 70 47 est
947 1001 70 47 vna
987 1001 121 47 secundum
1078 1001 90 47 quid.
1138 1001 50 47 ⁋
1158 1001 131 47 Praeterea
1259 1001 60 47 de
1279 1001 50 47 deo

410 1037 102 55 maxime
481 1037 81 55 vere
532 1037 112 55 dicitur
613 1037 81 55 quod
664 1037 71 55 est
705 1037 61 55 in
736 1037 61 55 se
766 1037 132 55 indiuisus
868 1037 61 55 et
898 1037 71 55 non
939 1037 102 55 multa.
1010 1037 81 55 ergo
1061 1037 61 55 de
1092 1037 61 55 eo
1122 1037 102 55 maxime
1194 1037 81 55 vere
1234 1037 92 55 dicitur

420 1079 94 55 vnum
479 1079 153 55 numerale.
597 1079 59 55 ⁋
620 1079 118 55 Contra
703 1079 106 55 istas
773 1079 188 55 conclusiones
926 1079 82 55 sit
973 1079 118 55 aliqua
1055 1079 141 55 rationes
1161 1079 141 55 alterius
1255 1079 71 55 opi-

418 1124 124 48 nionis:
508 1124 79 48 sed
553 1124 91 48 quia
610 1124 102 48 omnes
678 1124 158 48 fundantur.
802 1124 102 48 super
870 1124 79 48 hoc
916 1124 91 48 quod
972 1124 124 48 numerus
1063 1124 124 48 dicatur
1153 1124 102 48 solum
1221 1124 68 48 de
1244 1124 79 48 rebus

425 1161 130 60 quantis
520 1161 71 60 et
555 1161 201 60 materialibus:
720 1161 94 60 quod
779 1161 177 60 fundamentum
921 1161 118 60 falsum
1003 1161 94 60 esse
1062 1161 165 60 ostenditur
1192 1161 71 60 in
1216 1161 106 60 sequen-

414 1210 73 57 ti
450 1210 183 57 quaestione.
597 1210 98 57 ideo
658 1210 110 57 illas
731 1210 85 57 hoc
780 1210 134 57 obmitto
877 1210 159 57 recitare.
1000 1210 61 57 ⁋
1024 1210 73 57 Ad
1061 1210 122 57 primam
1146 1210 98 57 vero
1195 1210 134 57 rationem.

421 1253 62 57 q.
452 1253 134 57 respondeo
554 1253 82 57 quod
606 1253 113 57 vtroque
688 1253 82 57 modo
739 1253 113 57 sumptum
821 1253 82 57 vnum
873 1253 113 57 dicitur
955 1253 62 57 de
986 1253 82 57 deo:
1037 1253 72 57 cum
1078 1253 82 57 vero
1130 1253 123 57 probatur
1222 1253 82 57 quod
1263 1253 62 57 vnum

422 1298 128 47 numerale
519 1298 75 47 non
561 1298 118 47 dicitur
647 1298 64 47 de
679 1298 86 47 deo:
733 1298 86 47 quia
786 1298 96 47 ipsum
850 1298 75 47 non
893 1298 118 47 dicitur
979 1298 86 47 nisi
1032 1298 64 47 de
1064 1298 139 47 continuo:
1171 1298 86 47 nego
1225 1298 96 47 istud
1278 1298 54 47 as-

415 1344 158 49 sumptum.
534 1344 79 49 Et
573 1344 79 49 ad
613 1344 106 49 auc.
679 1344 172 49 Commenta.
811 1344 106 49 quae
877 1344 79 49 ad
917 1344 172 49 probandum
1049 1344 119 49 illud
1128 1344 185 49 inducitur.
1260 1344 66 49 Di-

417 1389 74 49 co
454 1389 112 49 primo
528 1389 99 49 quod
590 1389 87 49 non
640 1389 186 49 suffragatur
789 1389 99 49 eis:
851 1389 87 49 sed
901 1389 124 49 potius
987 1389 186 49 aduersatur.
1136 1389 87 49 Tum
1186 1389 99 49 quia
1236 1389 99 49 nullum

407 1429 153 51 continuum
525 1429 82 51 est
572 1429 200 51 indiuisibile:
737 1429 82 51 tum
784 1429 94 51 quia
843 1429 118 51 nullum
926 1429 153 51 continuum
1043 1429 106 51 caret
1114 1429 106 51 situ:
1185 1429 71 51 et
1220 1429 82 51 per
1255 1429 71 51 con-

411 1476 131 49 sequens
506 1476 131 49 videtur
601 1476 95 49 quod
661 1476 71 49 de
696 1476 107 49 nullo
768 1476 143 49 continuo
875 1476 131 49 dicatur
970 1476 95 49 vnum
1029 1476 143 49 numerale
1136 1476 95 49 quod
1195 1476 119 49 vtique
1267 1476 59 49 ve-

414 1519 84 48 rum
462 1519 84 48 est
510 1519 180 48 simpliciter
655 1519 156 48 loquendo:
775 1519 72 48 vt
811 1519 108 48 patet
883 1519 72 48 ex
919 1519 132 48 dictis.
1015 1519 60 48 ⁋
1039 1519 96 48 Quia
1099 1519 96 48 ergo
1160 1519 156 48 Commenta.
1268 1519 60 48 ait

407 1558 73 52 in
443 1558 170 52 quantitate
577 1558 85 52 non
626 1558 85 52 est
674 1558 207 52 intelligendum
845 1558 182 52 determinate
991 1558 73 52 de
1027 1558 170 52 quantitate
1161 1558 146 52 continua
1258 1558 73 52 quae

422 1601 115 52 dicitur
505 1601 147 52 magnitudo:
621 1601 73 52 sed
663 1601 157 52 generaliter
788 1601 63 52 de
820 1601 126 52 quolibet
914 1601 84 52 quod
967 1601 73 52 est
1009 1601 147 52 quantitas:
1124 1601 73 52 vel
1166 1601 84 52 pars
1218 1601 73 52 seu
1250 1601 73 52 prin-

413 1648 116 49 cipium
494 1648 173 49 quantitatis
633 1648 139 49 continue
737 1648 81 49 vel
783 1648 150 49 discrete:
899 1648 92 49 omne
957 1648 92 49 enim
1014 1648 92 49 tale
1072 1648 92 49 quod
1130 1648 81 49 est
1165 1648 150 49 indiuisibi-

415 1682 65 60 le
448 1682 65 60 et
480 1682 98 60 caret
545 1682 87 60 situ
600 1682 76 60 est
643 1682 87 60 vnum
697 1682 130 60 numerale
795 1682 65 60 et
827 1682 87 60 tale
882 1682 76 60 est
925 1682 98 60 deus:
990 1682 130 60 quilibet
1088 1682 76 60 non
1131 1682 76 60 sit
1174 1682 152 60 quantitas:
1283 1682 54 60 est

416 1732 86 46 tamen
474 1732 134 46 principium
579 1732 143 46 quantitatis
694 1732 124 46 discrete:
789 1732 86 46 sicut
847 1732 96 46 vnitas
914 1732 67 46 est
952 1732 134 46 principium
1057 1732 57 46 et
1086 1732 77 46 pars
1134 1732 105 46 numeri:
1210 1732 57 46 et
1239 1732 57 46 si
1258 1732 67 46 esset

421 1773 126 52 aliquod
512 1773 115 52 omnino
593 1773 184 52 indiuisibile
742 1773 115 52 habens
823 1773 115 52 situm:
903 1773 103 52 illud
972 1773 103 52 esset
1041 1773 138 52 punctus:
1145 1773 103 52 vtrum
1214 1773 80 52 aut
1248 1773 69 52 ali-

414 1820 95 52 quid
474 1820 107 52 huius
545 1820 95 52 sit:
605 1820 107 52 alias
676 1820 167 52 videbitur.
807 1820 107 52 sermo
879 1820 107 52 tamen
950 1820 143 52 Commeta.
1058 1820 72 52 in
1094 1820 155 52 proposito
1201 1820 119 52 conditio

425 1867 148 45 naturaliter
544 1867 128 45 intelligi
642 1867 99 45 debet.
711 1867 59 45 2o
741 1867 99 45 potest
810 1867 79 45 dici
859 1867 59 45 et
889 1867 89 45 forte
948 1867 109 45 melius.
1027 1867 79 45 quod
1076 1867 178 45 Commentatoris.
1224 1867 59 45 in
1244 1867 79 45 verbis

421 1905 101 49 illis:
492 1905 61 49 et
522 1905 152 49 philosophus
643 1905 71 49 est
684 1905 71 49 qui
724 1905 101 49 ibidem
795 1905 91 49 dicit
855 1905 111 49 similia
936 1905 71 49 non
977 1905 131 49 loquuntur
1078 1905 121 49 secundum
1168 1905 131 49 opinionem
1259 1905 61 49 pro-

411 1952 132 50 priam:
503 1952 92 50 sed
556 1952 158 50 secundum
674 1952 171 50 opinionem
806 1952 105 50 tunc
872 1952 145 50 famosam
977 1952 171 50 ponentium
1108 1952 197 50 mathematica
1253 1952 66 50 se-

421 1996 113 49 parata
500 1996 68 49 et
534 1996 113 49 puncta
612 1996 68 49 et
646 1996 90 49 alia
703 1996 203 49 indiuisibilia:
872 1996 90 49 quae
928 1996 68 49 si
962 1996 102 49 esset
1030 1996 102 49 vera.
1097 1996 102 49 esset
1165 1996 124 49 aliquid
1244 1996 79 49 prae-

401 2037 99 53 cise
463 2037 74 53 de
500 2037 124 53 genere
586 2037 186 53 quantitatis
735 2037 124 53 carens
821 2037 99 53 situ
883 2037 74 53 et
921 2037 210 53 indiuisibile:
1094 2037 74 53 et
1131 2037 111 53 illud
1205 2037 111 53 esset
1267 2037 62 53 vni

415 2082 80 54 tas
460 2082 161 54 principium
587 2082 115 54 numeri
667 2082 172 54 mathematici
805 2082 149 54 separati:
920 2082 103 54 esset
989 2082 103 54 etiam
1058 2082 126 54 aliquid
1150 2082 92 54 tale
1196 2082 126 54 indiuisi-

417 2122 109 51 bile
485 2122 136 51 habens
581 2122 122 51 situm
662 2122 109 51 quod
730 2122 150 51 punctus
839 2122 82 51 ab
880 2122 122 51 illis
962 2122 190 51 vocabatur.
1111 2122 68 51 ⁋
1139 2122 82 51 Ad
1179 2122 95 51 2am
1220 2122 109 51 aucto.

407 2169 132 49 eiusdem
503 2169 108 49 dico:
576 2169 96 49 quod
636 2169 120 49 opinio
720 2169 157 49 Commenta.
840 2169 72 49 vt
877 2169 132 49 dicitur
973 2169 72 49 in
1009 2169 120 49 verbis
1093 2169 169 49 allegatis:
1226 2169 72 49 et
1250 2169 72 49 cla-

405 2212 111 51 rius
475 2212 83 51 ad
516 2212 97 51 hoc
572 2212 83 51 10
613 2212 125 51 meta.
697 2212 111 51 fuit
766 2212 111 51 quod
836 2212 111 51 vnum
905 2212 167 51 numerale
1030 2212 222 51 significaret
1197 2212 125 51 aliquod

409 2256 134 53 accidens
509 2256 134 53 inherens
610 2256 78 53 rei
655 2256 89 53 quae
711 2256 123 53 dicitur
800 2256 89 53 vna:
856 2256 101 53 sicut
923 2256 101 53 album
990 2256 157 53 significat
1113 2256 145 53 albedinem
1214 2256 112 53 inheren-

407 2298 85 50 tem
456 2298 159 50 subiecte:
578 2298 73 50 et
614 2298 73 50 in
651 2298 85 50 hoc
700 2298 98 50 ille
761 2298 85 50 non
809 2298 98 50 fuit
871 2298 110 50 minus
944 2298 146 50 deceptus
1054 2298 98 50 quam
1115 2298 134 50 Auicen.
1212 2298 85 50 nec
1249 2298 73 50 eius

409 2341 101 52 auc.
473 2341 76 52 in
511 2341 89 52 hac
561 2341 114 52 parte
637 2341 177 52 recitanda.
777 2341 63 52 ⁋
802 2341 101 52 Quod
866 2341 203 52 confirmatur:
1030 2341 101 52 quia
1094 2341 76 52 et
1132 2341 139 52 aliquid
1221 2341 101 52 falsum

400 2381 104 55 ibidem
472 2381 93 55 dicit
534 2381 93 55 simul
596 2381 73 55 cum
638 2381 73 55 hoc
679 2381 124 55 scilicet
773 2381 83 55 quod
824 2381 73 55 ens
866 2381 83 55 quod
918 2381 145 55 significat
1032 2381 93 55 vnum:
1094 2381 145 55 significat
1208 2381 114 55 aliquod
1280 2381 52 55 ac-

416 2433 102 49 cidens
487 2433 123 49 existens
580 2433 61 49 in
610 2433 72 49 re:
651 2433 61 49 et
682 2433 82 49 ideo
733 2433 61 49 in
764 2433 102 49 neutro
836 2433 82 49 ille
887 2433 72 49 est
928 2433 154 49 recitandus.
1051 2433 72 49 Cum
1092 2433 82 49 vero
1143 2433 164 49 consequentia
1266 2433 51 49 pro

417 2471 102 53 batur
485 2471 90 53 quod
541 2471 90 53 vnum
598 2471 181 53 conuertibile
745 2471 90 53 enti
801 2471 79 53 non
846 2471 124 53 dicitur
937 2471 68 53 de
971 2471 90 53 deo:
1027 2471 90 53 quia
1084 2471 158 53 significat
1197 2471 124 53 entitatem

404 2514 202 45 superadditam
569 2514 88 45 rei
619 2514 88 45 qua
670 2514 139 45 dicitur
771 2514 101 45 vna.
834 2514 101 45 nego
897 2514 114 45 illud
973 2514 177 45 assumptum.
1111 2514 76 45 Ad
1149 2514 126 45 primam
1225 2514 101 45 proba-

415 2559 114 50 tionem
494 2559 148 50 dicendum.
608 2559 91 50 quod
665 2559 125 50 nugatio
756 2559 125 50 vitatur
848 2559 68 50 eo
882 2559 91 50 quod
939 2559 80 50 ens
984 2559 68 50 et
1018 2559 91 50 vnum
1075 2559 80 50 non
1121 2559 171 50 significant
1246 2559 80 50 eadem

406 2603 113 45 eodem
482 2603 113 45 modo:
557 2603 88 45 sed
607 2603 100 45 vnum
670 2603 176 45 significat
808 2603 163 45 negatiue:
934 2603 75 45 ea
971 2603 100 45 quae
1034 2603 88 45 ens
1084 2603 176 45 significat
1210 2603 113 45 affirma

415 2647 90 52 tiue.
475 2647 70 52 Nam
515 2647 60 52 vt
545 2647 100 52 patet:
615 2647 70 52 per
654 2647 100 52 dicta:
724 2647 90 52 verum
784 2647 140 52 significat
894 2647 80 52 idem
944 2647 80 52 quod
994 2647 70 52 hoc
1034 2647 110 52 oratio:
1113 2647 80 52 quod
1163 2647 70 52 est
1203 2647 60 52 in
1233 2647 60 52 se
1253 2647 70 52 indi-

417 2695 120 44 uisum:
501 2695 96 44 siue
561 2695 84 44 hoc
610 2695 169 44 equiualens
742 2695 108 44 prime
814 2695 96 44 quod
874 2695 84 44 non
923 2695 84 44 est
971 2695 120 44 aliqua
1055 2695 72 44 et
1091 2695 132 44 cetera:
1188 2695 84 44 vel
1236 2695 84 44 non
1272 2695 60 44 en-

411 2733 95 50 tia.
470 2733 59 50 ⁋
494 2733 71 50 Ad
530 2733 83 50 3am
577 2733 95 50 dico
637 2733 95 50 quod
696 2733 83 50 non
743 2733 119 50 semper
827 2733 119 50 passio
910 2733 142 50 importat
1016 2733 83 50 rem
1064 2733 166 50 distinctam
1194 2733 59 50 a
1206 2733 119 50 subiecto

421 2778 59 48 et
451 2778 137 48 inherentem
558 2778 88 48 illi:
616 2778 68 48 sed
655 2778 127 48 aliquando
753 2778 107 48 aliquam
831 2778 78 48 quae
880 2778 68 48 non
919 2778 98 48 potest
987 2778 78 48 illi
1036 2778 107 48 inesse:
1114 2778 68 48 sic
1153 2778 137 48 causatiuum
1251 2778 78 48 impor-

411 2820 74 53 tat
454 2820 159 53 connotatiue
581 2820 138 53 creaturam
688 2820 159 53 possibilem:
815 2820 85 53 quia
868 2820 96 53 tamen
932 2820 74 53 deo
974 2820 117 53 numquam
1059 2820 106 53 potest
1134 2820 117 53 inesse:
1208 2820 117 53 aliquando

409 2863 100 47 etiam
476 2863 78 47 non
520 2863 134 47 importat
621 2863 123 47 aliquam
710 2863 89 47 quam
766 2863 78 47 non
810 2863 134 47 importat
911 2863 156 47 subiectum.
1033 2863 78 47 sed
1078 2863 123 47 easdem:
1167 2863 78 47 non
1212 2863 100 47 tamen
1267 2863 56 47 eo-

414 2905 87 53 dem
463 2905 111 53 modo:
537 2905 87 53 sic
587 2905 87 53 est
636 2905 74 53 in
673 2905 161 53 proposito
797 2905 74 53 de
834 2905 87 53 vno
884 2905 99 53 quod
946 2905 148 53 negatiue
1057 2905 148 53 importat
1168 2905 74 53 ea
1205 2905 87 53 qua
1242 2905 87 53 affir

414 2957 118 42 matiue
497 2957 178 42 importantur
639 2957 83 42 per
687 2957 95 42 ens:
746 2957 71 42 vt
781 2957 118 42 dictum
864 2957 95 42 est:
923 2957 130 42 propter
1018 2957 95 42 quod
1077 2957 154 42 impeditur
1184 2957 142 42 predicatio

414 2997 85 48 eius
467 2997 63 48 de
499 2997 127 48 subiecto
594 2997 63 48 in
626 2997 95 48 primo
690 2997 85 48 modo
742 2997 116 48 dicendi
827 2997 74 48 per
869 2997 74 48 se.
912 2997 53 48 ⁋
933 2997 63 48 Ad
965 2997 95 48 aliud
1028 2997 85 48 quod
1081 2997 116 48 additur
1166 2997 63 48 de
1187 2997 148 48 diffinitione

421 3039 150 54 passionis
536 3039 69 54 de
570 3039 138 54 subiecto
674 3039 127 54 tamquam
766 3039 81 54 per
812 3039 196 54 additamentum:
973 3039 138 54 dicendum
1076 3039 81 54 hoc
1122 3039 104 54 verum
1191 3039 92 54 esse
1237 3039 92 54 sumen-

416 3081 68 64 do
450 3081 148 64 passionem
564 3081 80 64 pro
609 3081 148 64 accidente
723 3081 125 64 proprio
814 3081 91 64 sibi
871 3081 102 64 extra
939 3081 114 64 animam
1019 3081 159 64 inherente:
1144 3081 80 64 non
1189 3081 80 64 aut
1235 3081 80 64 hoc
1269 3081 57 64 est

1382 272 166 75 vniversaliter
1519 272 88 75 verum
1578 272 59 75 de
1607 272 117 75 passione
1695 272 78 75 quae
1744 272 68 75 est
1783 272 156 75 praedicabile
1910 272 107 75 aliquod
1988 272 59 75 de
2017 272 117 75 subiecto
2105 272 59 75 in
2135 272 59 75 3o
2164 272 78 75 modo
2203 272 88 75 dicendi

1373 324 99 68 per
1429 324 99 68 se:
1486 324 113 68 vnum
1557 324 127 68 autem
1642 324 85 68 si
1684 324 99 68 sit
1741 324 141 68 passio
1840 324 127 68 entis
1924 324 99 68 non
1981 324 99 68 est
2038 324 113 68 eius
2108 324 141 68 passio
2193 324 85 68 pri-

1366 380 94 52 mo
1413 380 141 52 modo:
1507 380 94 52 vt
1554 380 94 52 ex
1602 380 157 52 dictis
1711 380 157 52 patet:
1821 380 110 52 sed
1884 380 172 52 secundo
2009 380 125 52 modo
2072 380 141 52 tantum.

1378 414 123 61 ⁋
1428 414 443 61 Distinctionis.
1797 414 271 61 XXIIII.
1994 414 295 61 Questio.
2191 414 98 61 II

1595 463 190 100 Ecundo
1728 463 171 100 quero
1842 463 190 100 vtrum:
1976 463 209 100 termini
2109 463 171 100 numera-

1847 505 101 55 les
1904 505 231 55 multitudinem
2078 505 202 55 importantes:

1615 550 79 51 vt
1654 550 93 51 duo
1707 550 106 51 tres
1774 550 106 51 vere
1840 550 159 51 dicantur
1959 550 79 51 de
1999 550 159 51 personis
2118 550 79 51 in
2145 550 132 51 diuinis.

1615 598 51 51 ⁋
1635 598 61 51 Et
1666 598 123 51 arguitur
1758 598 82 51 quod
1809 598 72 51 non
1850 598 102 51 primo:
1922 598 82 51 quia
1973 598 133 51 huiusmodi
2075 598 113 51 termini
2147 598 133 51 significant

1599 637 139 59 numerum.
1704 637 70 59 et
1738 637 127 59 numerus
1831 637 81 59 est
1877 637 139 59 accidens
1982 637 139 59 inherens
2086 637 104 59 rebus
2144 637 139 59 numeratis:

1600 677 81 55 vt
1641 677 149 55 videtur
1750 677 122 55 velle
1831 677 177 55 Commenta.
1967 677 81 55 10
2008 677 122 55 meta.
2089 677 95 55 sed
2144 677 136 55 nullum
2225 677 68 55 ac-

1616 732 107 44 cidens
1691 732 75 44 est
1734 732 64 44 in
1766 732 86 44 deo.
1820 732 86 44 ergo
1874 732 86 44 etc.
1927 732 54 44 ⁋
1949 732 64 44 2o
1981 732 97 44 omnis
2045 732 118 44 numerus
2131 732 75 44 est
2163 732 129 44 quantitas.

1378 765 101 55 ideo
1441 765 101 55 vero
1504 765 113 55 nulla
1579 765 88 55 est
1630 765 176 55 quantitas:
1768 765 113 55 iuxta
1843 765 113 55 illud
1919 765 101 55 Aug.
1981 765 75 55 5.
2019 765 75 55 de
2057 765 101 55 tri.
2107 765 176 55 Intelligamus

1378 820 98 43 deum
1439 820 98 43 sine
1500 820 171 43 quantitate
1635 820 122 43 magnum
1720 820 98 43 etc.
1781 820 73 43 et
1818 820 110 43 illud
1892 820 122 43 Ambro.
1977 820 73 43 in
2014 820 98 43 lib.
2075 820 73 43 de
2112 820 98 43 tri.
2173 820 73 43 et
2197 820 86 43 alle-

1371 856 83 61 gatur
1426 856 55 61 in
1453 856 119 61 praesenti
1545 856 147 61 distinctione
1664 856 92 61 dicens
1729 856 73 61 quod
1774 856 55 61 in
1802 856 64 61 deo
1839 856 64 61 non
1875 856 64 61 est
1912 856 101 61 numerus
1985 856 64 61 nec
2022 856 128 61 quantitas.
2123 856 46 61 ⁋
2141 856 55 61 3o
2169 856 73 61 quia
2205 856 83 61 numerus

1376 893 72 60 est
1417 893 103 60 tantum
1489 893 83 60 modo
1541 893 93 60 rerum
1603 893 155 60 continuarum
1727 893 72 60 seu
1768 893 165 60 corporalium:
1902 893 72 60 sic
1944 893 103 60 probat
2016 893 72 60 per
2057 893 155 60 philosophum
2181 893 62 60 3.
2212 893 83 60 phy.
2254 893 41 60 eo

1382 951 87 49 qui
1431 951 112 49 dicit
1506 951 99 49 quod
1568 951 136 49 numerus
1667 951 149 49 causatur
1778 951 74 49 ex
1816 951 161 49 diuisione
1939 951 211 49 magnitudinis:
2113 951 99 49 ergo
2175 951 124 49 nullus
2249 951 50 49 nu

1781 984 144 57 merus
1877 984 208 57 reperitur
2037 984 96 57 in
2069 984 96 57 deo.

1356 994 91 97 Ad
1401 994 198 97 oppositum
1554 994 183 97 arguitur
1690 994 106 97 per
1751 994 137 97 illud
1843 994 137 97 Ioan.
1934 994 91 97 5.
1980 994 122 97 tres
2056 994 122 97 sunt
2132 994 106 97 qui
2177 994 122 97 testi-

1373 1082 133 42 monium
1466 1082 133 42 dantur
1559 1082 80 42 in
1600 1082 107 42 celo
1666 1082 120 42 pater
1746 1082 80 42 et
1786 1082 133 42 filius
1880 1082 80 42 et
1920 1082 160 42 spiritus
2027 1082 133 42 sanctus.

1355 1123 77 93 ⁋
1385 1123 107 93 hic
1447 1123 123 93 sunt
1523 1123 168 93 quatuor
1646 1123 184 93 videnda.
1784 1123 153 93 Primum
1891 1123 123 93 est.
1967 1123 138 93 vtrum
2059 1123 168 93 numerus
2166 1123 123 93 habeat

1599 1167 102 45 esse
1663 1167 89 45 per
1714 1167 229 45 apprehensionem
1904 1167 114 45 anime
1980 1167 140 45 tantum.
2082 1167 76 45 2m
2120 1167 114 45 vtrum
2184 1167 114 45 numerus

1379 1205 85 52 sit
1427 1205 85 52 rei
1476 1205 145 52 secundum
1585 1205 73 52 se
1621 1205 158 52 distincte
1743 1205 61 52 a
1767 1205 109 52 rebus
1840 1205 170 52 enumeratis
1973 1205 97 52 siue
2033 1205 85 52 pro
2082 1205 121 52 quibus
2155 1205 133 52 supponunt

1381 1245 142 53 termini
1484 1245 155 53 nuamles.
1601 1245 77 53 3m
1639 1245 116 53 vtrum
1717 1245 90 53 sit
1769 1245 129 53 tantum
1859 1245 77 53 in
1898 1245 116 53 rebus
1975 1245 207 53 corporalibus
2143 1245 77 53 an
2182 1245 116 53 etiam
2246 1245 52 53 in

1380 1291 249 56 spiritualibus.
1588 1291 97 56 4m.
1643 1291 125 56 vtrum
1726 1291 208 56 terminarius
1892 1291 111 56 siue
1962 1291 166 56 trinitas
2086 1291 194 56 personarum
2225 1291 69 56 sit

1692 1339 160 52 verus
1781 1339 178 52 numerus.

1353 1340 155 95 Quantum
1466 1340 85 95 ad
1508 1340 127 95 primo
1593 1340 113 95 dico
1663 1340 113 95 quod
1734 1340 99 95 non
1790 1340 127 95 omnis
1875 1340 155 95 numerus
1988 1340 99 95 est
2044 1340 99 95 per
2101 1340 226 95 apprehensio¬

1376 1423 87 54 nem
1425 1423 124 54 anime.
1512 1423 99 54 quod
1574 1423 87 54 sic
1623 1423 124 54 probo.
1710 1423 124 54 Primo.
1796 1423 99 54 quia
1858 1423 124 54 aliqua
1945 1423 161 54 multitudo
2068 1423 87 54 non
2118 1423 173 54 apprehensa
2242 1423 49 54 ab

1372 1463 110 59 anima
1445 1463 85 59 est
1494 1463 158 59 multitudo
1616 1463 122 59 finita
1701 1463 146 59 vnitatum
1811 1463 195 59 discretarum.
1969 1463 97 59 ergo
2030 1463 85 59 non
2079 1463 110 59 omnis
2152 1463 134 59 numerus
2237 1463 61 59 est

1382 1510 71 56 per
1423 1510 183 56 apprehensionem
1575 1510 102 56 anime.
1646 1510 142 56 Antecedens
1758 1510 71 56 est
1799 1510 112 56 certum:
1880 1510 61 56 et
1911 1510 163 56 consequentia
2043 1510 122 56 probatur
2134 1510 61 56 eo
2165 1510 81 56 quod
2205 1510 92 56 distin-

1377 1559 108 48 ctorum
1453 1559 152 48 pluralitas
1572 1559 108 48 finita
1648 1559 76 48 est
1692 1559 130 48 numerus:
1789 1559 65 48 vt
1822 1559 119 48 dicitur
1909 1559 65 48 5o
1941 1559 98 48 meta.
2006 1559 130 48 capitulo
2104 1559 65 48 de
2136 1559 119 48 quanto.
2223 1559 76 48 vel
2256 1559 43 48 vt

1378 1600 188 49 communiter
1525 1600 202 49 diffinitur.
1687 1600 148 49 Numerus
1794 1600 94 49 est
1848 1600 175 49 multitudo
1983 1600 81 49 ex
2023 1600 188 49 vnitatibus
2158 1600 134 49 aggrega-

1368 1635 99 59 ta:
1424 1635 99 59 seu
1481 1635 155 59 aceruus
1593 1635 183 59 vnitatum:
1734 1635 84 59 vt
1776 1635 127 59 dicit
1861 1635 183 59 Commenta.
2001 1635 84 59 3o
2044 1635 113 59 phy.
2114 1635 84 59 2o
2156 1635 113 59 sic.
2213 1635 84 59 ali-

1379 1685 76 54 que
1423 1685 76 54 res
1466 1685 87 54 esto
1521 1685 87 54 quod
1575 1685 76 54 non
1619 1685 196 54 apprehendantur
1782 1685 65 54 ab
1815 1685 98 54 anima
1880 1685 87 54 sunt
1935 1685 76 54 tot
1978 1685 76 54 vel
2022 1685 76 54 tot
2065 1685 120 54 finite.
2152 1685 98 54 verbi
2207 1685 87 54 gratia

1388 1737 122 47 quatuor
1477 1737 78 47 vel
1521 1737 89 47 sex:
1577 1737 67 47 et
1610 1737 78 47 sic
1654 1737 67 47 de
1688 1737 111 47 aliis.
1765 1737 89 47 ergo
1821 1737 111 47 aliqua
1898 1737 78 47 res
1943 1737 89 47 esto
1998 1737 89 47 quod
2054 1737 78 47 non
2098 1737 200 47 apprehendantur
2254 1737 44 47 ab

1387 1777 89 45 anima
1447 1777 79 45 sunt
1496 1777 119 45 numerus:
1585 1777 59 45 et
1615 1777 69 45 per
1654 1777 139 45 consequens
1763 1777 69 45 non
1803 1777 89 45 omnis
1862 1777 109 45 numerus
1942 1777 89 45 habet
2001 1777 79 45 esse
2050 1777 69 45 per
2090 1777 168 45 apprehesionem
2219 1777 79 45 anime.

1386 1816 54 54 ⁋
1408 1816 118 54 Utraque
1494 1816 172 54 consequentia
1633 1816 75 54 est
1676 1816 97 54 nota:
1740 1816 64 54 et
1772 1816 150 54 antecedens
1890 1816 139 54 probatur:
1998 1816 86 54 quia
2051 1816 75 54 non
2094 1816 86 54 plus
2148 1816 129 54 dependet
2234 1816 64 54 mul-

1375 1861 138 46 titudo
1472 1861 124 46 rerum
1555 1861 83 46 ab
1596 1861 124 46 anima
1679 1861 83 46 in
1721 1861 111 46 esse
1790 1861 97 46 tot
1845 1861 97 46 vel
1900 1861 97 46 tot
1956 1861 111 46 quam
2025 1861 180 46 dependeat
2149 1861 152 46 magnitudo

1379 1904 72 48 in
1415 1904 95 48 esse
1475 1904 107 48 tanta
1546 1904 84 48 vel
1594 1904 119 48 tanta.
1677 1904 107 48 verbi
1749 1904 119 48 gratia
1833 1904 131 48 pedalis
1928 1904 84 48 vel
1976 1904 155 48 cubitalis
2095 1904 84 48 aut
2143 1904 143 48 alicuius
2238 1904 60 48 al-

1375 1947 140 53 terius
1473 1947 210 53 determinate
1641 1947 168 53 mensure:
1767 1947 98 53 sed
1823 1947 154 53 constat
1934 1947 112 53 quod
2004 1947 182 53 magnitudo
2130 1947 168 53 corporalis

1365 1993 90 47 non
1417 1993 154 47 dependet
1532 1993 77 47 in
1571 1993 90 47 hoc
1622 1993 77 47 ab
1660 1993 128 47 anima.
1750 1993 116 47 quare
1827 1993 103 47 etc.
1891 1993 64 47 ⁋
1917 1993 90 47 Per
1968 1993 90 47 hoc
2020 1993 180 47 excluditur
2161 1993 103 47 iste
2212 1993 90 47 modus

1383 2030 127 61 dicendi
1476 2030 93 61 quod
1534 2030 104 61 extra
1603 2030 116 61 animam
1684 2030 116 61 vtique
1765 2030 81 61 est
1812 2030 151 61 multitudo
1928 2030 104 61 rerum
1997 2030 69 61 et
2032 2030 69 61 an
2066 2030 220 61 apprehendantur:
2240 2030 58 61 sed

1383 2076 88 48 illa
1438 2076 77 48 non
1482 2076 77 48 est
1527 2076 77 48 tot
1571 2076 77 48 vel
1615 2076 77 48 tot
1659 2076 66 48 et
1693 2076 77 48 per
1737 2076 155 48 consequens
1859 2076 122 48 numerus
1947 2076 88 48 nisi
2002 2076 77 48 sit
2047 2076 133 48 numerata
2146 2076 66 48 ab
2179 2076 111 48 anima.
2246 2076 55 48 Nam

1380 2121 112 51 simili
1458 2121 123 51 ratione
1548 2121 146 51 diceretur
1660 2121 90 51 quod
1716 2121 101 51 extra
1783 2121 112 51 animam
1862 2121 112 51 vtique
1940 2121 78 51 est
1985 2121 157 51 magnitudo:
2108 2121 78 51 sed
2153 2121 90 51 illa
2209 2121 78 51 non
2243 2121 56 51 est

1376 2163 122 50 tanta
1458 2163 95 50 vel
1512 2163 122 50 tanta
1594 2163 109 50 nisi
1662 2163 82 50 ab
1703 2163 122 50 anima
1784 2163 204 50 mensuretur:
1947 2163 109 50 quod
2015 2163 136 50 vtique
2111 2163 163 50 friuolum
2219 2163 82 50 est.

1374 2215 69 47 ⁋
1402 2215 194 47 Excluditur
1554 2215 138 47 quoque
1651 2215 138 47 dictum
1748 2215 152 47 aliorum
1858 2215 180 47 dicentium
1997 2215 111 47 quod
2066 2215 152 47 quamuis
2163 2215 152 47 multitudo

1379 2252 150 50 vnitatum
1491 2252 87 50 sit
1541 2252 100 50 actu
1603 2252 75 50 ex
1640 2252 125 50 animam
1728 2252 87 50 non
1777 2252 112 50 tamen
1852 2252 150 50 numerus:
1964 2252 75 50 eo
2002 2252 100 50 quod
2064 2252 100 50 ille
2126 2252 150 50 vnitates
2226 2252 75 50 sunt

1375 2298 104 48 tantum
1447 2298 83 48 modo
1500 2298 115 48 materia
1583 2298 115 48 numeri:
1666 2298 125 48 quotitas
1760 2298 73 48 aut
1801 2298 104 48 illius
1874 2298 73 48 seu
1916 2298 94 48 summa
1978 2298 62 48 et
2010 2298 135 48 conclusio
2114 2298 73 48 est
2155 2298 94 48 forma
2207 2298 94 48 numeri:

1376 2341 74 55 et
1413 2341 86 55 hoc
1462 2341 86 55 non
1511 2341 86 55 est
1560 2341 98 55 nisi
1622 2341 74 55 ab
1659 2341 111 55 anima
1732 2341 172 55 numerante:
1868 2341 74 55 et
1904 2341 184 55 concludente
2052 2341 86 55 seu
2101 2341 148 55 summante
2200 2341 98 55 dictam

1366 2382 201 53 multitudinem
1529 2382 163 53 vnitatum.
1655 2382 88 53 hoc
1705 2382 125 53 inquam
1793 2382 88 53 non
1843 2382 125 53 valet.
1931 2382 88 53 nam
1981 2382 163 53 similiter
2106 2382 163 53 diceretur
2219 2382 75 53 quod

1377 2429 176 43 magnitudo
1513 2429 95 43 est
1567 2429 136 43 tantum
1662 2429 149 43 materia
1771 2429 136 43 cubiti
1866 2429 81 43 et
1906 2429 122 43 pedis
1988 2429 81 43 et
2028 2429 163 43 similium
2137 2429 176 43 determinate

1367 2466 131 55 mensure
1463 2466 179 55 continuarum
1606 2466 191 55 quantitatum:
1761 2466 119 55 quibus
1845 2466 84 55 non
1892 2466 84 55 est
1940 2466 95 55 vnum
2000 2466 131 55 commune
2095 2466 119 55 nomen:
2179 2466 107 55 sicut
2238 2466 72 55 fini

1383 2513 83 51 tis
1431 2513 213 51 multitudinibus
1608 2513 71 51 et
1644 2513 154 51 discretis
1762 2513 201 51 quantitatibus
1928 2513 83 51 est
1975 2513 130 51 commune
2070 2513 107 51 nomen
2141 2513 142 51 numerus:
2236 2513 59 51 sed

1374 2557 168 48 tantitas
1500 2557 84 48 vt
1542 2557 238 48 cubitalitatis
1738 2557 84 48 et
1780 2557 210 48 pedalitatis
1948 2557 98 48 est
2004 2557 126 48 forma
2088 2557 154 48 talium:
2200 2557 84 48 et
2228 2557 70 48 hoc

1379 2607 88 48 est
1430 2607 75 48 ab
1467 2607 113 48 anima
1543 2607 176 48 mensurante
1681 2607 126 48 dictam
1769 2607 213 48 magnitudinem:
1944 2607 176 48 quapropter
2083 2607 88 48 non
2133 2607 138 48 apparet
2221 2607 75 48 ali-

1393 2643 77 48 ua
1432 2643 116 48 ratio
1509 2643 142 48 propter
1612 2643 103 48 quam
1677 2643 129 48 absque
1767 2643 181 48 operatione
1909 2643 116 48 anime
1986 2643 168 48 multitudo
2116 2643 129 48 finita
2206 2643 90 48 non
2245 2643 65 48 sit

1377 2693 95 51 tot
1432 2693 95 51 vel
1486 2693 109 51 tot:
1554 2693 122 51 sicut
1635 2693 176 51 magnitudo
1771 2693 136 51 finita
1866 2693 95 51 est
1920 2693 109 51 sine
1988 2693 190 51 operatione
2137 2693 122 51 anime
2205 2693 95 51 tanta

1381 2737 91 50 vel
1433 2737 130 50 tanta.
1524 2737 65 50 ⁋
1550 2737 130 50 Contra
1640 2737 208 50 conclusionem
1809 2737 117 50 istam
1887 2737 156 50 arguitur
2004 2737 130 50 primo:
2094 2737 104 50 quia
2159 2737 78 50 si
2198 2737 104 50 vera
2250 2737 65 50 sit

1378 2777 187 45 sequitur
1519 2777 219 45 necessario
1691 2777 140 45 datis
1784 2777 156 45 duobus
1894 2777 172 45 numeris
2018 2777 203 45 infinitas
2175 2777 140 45 rerum
2253 2777 62 45 in

1381 2826 138 53 actu:
1473 2826 123 53 dato
1549 2826 153 53 namque
1656 2826 168 53 binario
1779 2826 168 53 lapidum
1901 2826 92 53 et
1947 2826 168 53 binario
2070 2826 199 53 lignorum:
2208 2826 107 53 poni-

1373 2862 103 52 tur
1432 2862 176 52 binarius
1564 2862 132 52 horum
1653 2862 220 52 binariorum:
1829 2862 103 52 qui
1888 2862 132 52 eadem
1976 2862 162 52 ratione
2094 2862 103 52 est
2152 2862 118 52 actu
2211 2862 103 52 extra

1369 2908 164 45 animam:
1489 2908 105 45 qua
1548 2908 90 45 et
1593 2908 179 45 binarius
1727 2908 179 45 lapidum.
1862 2908 90 45 et
1907 2908 105 45 per
1966 2908 209 45 consequens
2131 2908 105 45 iam
2176 2908 119 45 haben-

1377 2952 100 50 tur
1434 2952 114 50 tres
1505 2952 172 50 binarii.
1634 2952 114 50 vnus
1706 2952 157 50 lapidum
1820 2952 86 50 et
1863 2952 129 50 alter
1949 2952 172 50 lignorum
2077 2952 86 50 et
2120 2952 157 50 tertius
2220 2952 72 50 bi-

1371 2999 167 48 nariorum
1497 2999 237 48 praedictorum:
1692 2999 84 48 et
1733 2999 112 48 illa
1803 2999 167 48 trinitas
1929 2999 125 48 horum
2012 2999 125 48 trium
2096 2999 181 48 numerorum
2221 2999 70 48 pa-

1390 3037 82 54 ti
1431 3037 151 54 ratione
1541 3037 124 54 etiam
1624 3037 96 54 est
1679 3037 110 54 actu
1747 3037 82 54 in
1789 3037 124 54 rerum
1871 3037 151 54 natura:
1981 3037 82 54 et
2022 3037 110 54 sunt
2091 3037 96 54 iam
2146 3037 151 54 quatuor
2242 3037 55 54 nu

1385 3080 135 61 meri:
1475 3080 120 61 tres
1550 3080 165 61 binarii
1670 3080 90 61 et
1715 3080 120 61 vnus
1790 3080 240 61 quaternarius
1985 3080 90 61 et
2030 3080 105 61 sic
2090 3080 90 61 in
2120 3080 180 61 infinitum
