2457 3524
179 251 99 78 alio
240 251 99 78 quam
302 251 124 78 seipsa
389 251 148 78 praecise
500 251 74 78 et
537 251 111 78 primo
611 251 198 78 distinguitur
772 251 74 78 ab
809 251 111 78 alia:
883 251 74 78 et
921 251 111 78 illud
995 251 111 78 magis
1057 251 49 78 ex

177 304 117 72 presse
259 304 188 72 significatur
412 304 82 72 per
459 304 164 72 abstractum
588 304 129 72 nominis
682 304 94 72 sui.
740 304 70 72 et
775 304 94 72 tunc
834 304 129 72 dicendo
928 304 106 72 pater
986 304 106 72 distin-

192 350 120 61 guitur
276 350 192 61 paternitate:
432 350 72 61 ly
468 350 180 61 paternitate
612 350 144 61 supponit
720 350 84 61 pro
768 350 144 61 ypostasi
876 350 132 61 patris.
972 350 96 61 Alio
1020 350 72 61 modo

176 396 73 59 ad
212 396 169 59 denotandum
345 396 133 59 persone
442 396 193 59 proprietatem
599 396 73 59 3o
635 396 97 59 modo
696 396 133 59 sumptam
793 396 97 59 quae
853 396 145 59 prohibet
962 396 97 59 vnam
1010 396 97 59 perso-

183 434 81 62 nam
230 434 92 62 esse
287 434 115 62 aliam.
368 434 69 62 et
402 434 92 62 tunc
460 434 81 62 est
506 434 127 62 sensus.
598 434 104 62 pater
667 434 184 62 distinguitur
817 434 58 62 a
840 434 104 62 filio
909 434 184 62 paternitate.
1047 434 46 62 id

179 482 85 57 est
227 482 97 57 quia
288 482 97 57 ipse
349 482 121 57 genuit
433 482 133 57 filium:
530 482 73 57 et
567 482 97 57 tunc
627 482 182 57 paternitate
773 482 158 57 equiualet
894 482 73 57 in
918 482 170 57 significando

170 521 98 54 illi
231 521 160 54 complexo:
354 521 86 54 nec
403 521 86 54 pro
452 521 123 54 aliquo
538 521 147 54 supponit
649 521 111 54 sicut
722 521 86 54 nec
772 521 160 54 complexum
894 521 123 54 illud.
980 521 74 54 3o
1017 521 98 54 modo

176 563 128 71 potest
266 563 116 71 fieri
343 563 116 71 talis
420 563 180 71 abstractio
562 563 77 71 ad
600 563 193 71 designandum
754 563 141 71 aliquod
857 563 193 71 intrinsecum
1011 563 90 71 per
1050 563 51 71 se

171 612 84 64 quo
219 612 72 64 ab
255 612 96 64 alia
315 612 192 64 distinguatur
471 612 72 64 et
507 612 84 64 pro
555 612 84 64 quo
603 612 144 64 supponit
712 612 108 64 illud
784 612 168 64 abstractum
916 612 72 64 in
940 612 156 64 propositio-

172 656 76 60 ne
210 656 177 60 affirmante
350 656 152 60 personam
464 656 76 60 ab
502 656 101 60 alia
565 656 177 60 distingui:
704 656 76 60 et
742 656 101 60 tunc
806 656 101 60 dico
869 656 101 60 quod
932 656 114 60 talis
996 656 101 60 abstra

178 702 104 56 ctio
243 702 208 56 inconueniens
412 702 91 56 est
464 702 78 56 et
503 702 169 56 ficticia.
633 702 91 56 nec
686 702 91 56 sic
738 702 78 56 ea
777 702 143 56 vtuntur
881 702 91 56 qui
933 702 117 56 recte
998 702 91 56 intel

181 737 159 66 ligunt:
296 737 101 66 sed
354 737 159 66 alterum
469 737 144 66 duorum
570 737 173 66 primorum
700 737 173 66 modorum.
829 737 72 66 â‹
858 737 87 66 Ad
902 737 87 66 2m
945 737 115 66 dico
1002 737 87 66 quod

176 785 88 66 pater
235 785 117 66 refertur
322 785 58 66 ad
351 785 97 66 filium
420 785 58 66 et
449 785 117 66 spiritum
536 785 107 66 sanctum
614 785 68 66 vna
653 785 127 66 relatione
750 785 97 66 tantum
819 785 117 66 secundum
906 785 68 66 rem
945 785 78 66 quae
994 785 88 66 tamen
1042 785 49 66 est

171 831 76 65 in
209 831 152 65 pluribus
323 831 164 65 speciebus
450 831 177 65 relationis
589 831 89 65 seu
640 831 89 65 cui
690 831 177 65 conueniunt
829 831 152 65 rationes
943 831 139 65 plurium
1032 831 63 65 spe

173 870 120 69 cierum
257 870 180 69 relationis:
401 870 168 69 quapropter
534 870 120 69 optime
618 870 120 69 potest
702 870 204 69 correspondere
871 870 168 69 distinctis
991 870 96 69 specie

171 914 189 62 cooppositis.
325 914 142 62 exemplum
432 914 118 62 sortes
515 914 107 62 eadem
586 914 154 62 relatione
704 914 83 62 est
751 914 130 62 similis
846 914 130 62 platoni
941 914 95 62 albo
1000 914 71 62 et
1024 914 59 62 dis

173 956 151 59 similis
283 956 165 59 ciceroni
407 956 138 59 nigro.
504 956 96 59 Nam
559 956 124 59 eadem
641 956 138 59 albedo
738 956 138 59 sortes
834 956 96 59 est
889 956 179 59 similtudo
1027 956 83 59 ad

172 1002 148 61 platonem
283 1002 74 61 et
319 1002 209 61 dissimilitudo
492 1002 74 61 ad
529 1002 172 61 ciceronem:
664 1002 86 61 cum
714 1002 86 61 nec
763 1002 172 61 similitudo
898 1002 86 61 nec
935 1002 148 61 dissimili-

165 1054 95 59 tudo
224 1054 83 59 sit
272 1054 83 59 res
319 1054 178 59 superaddita
462 1054 166 59 qualitati:
592 1054 107 59 sicut
664 1054 107 59 infra
735 1054 178 59 probabitur:
877 1054 71 59 et
913 1054 107 59 sicut
984 1054 83 59 est
1020 1054 59 59 sic

160 1090 156 59 arguentes
280 1090 168 59 opinantur:
411 1090 72 59 et
447 1090 84 59 hec
495 1090 84 59 vna
543 1090 144 59 relatuio
651 1090 144 59 secundum
759 1090 84 59 rem
807 1090 192 59 correspondet
950 1090 132 59 similitu-

158 1129 103 64 dini
223 1129 78 64 et
262 1129 246 64 dissimilitudini
468 1129 168 64 oppositis
598 1129 103 64 quae
662 1129 103 64 sunt
727 1129 78 64 in
766 1129 142 64 platone
869 1129 78 64 et
908 1129 168 64 cicerone.
1024 1129 65 64 Sic

163 1173 77 74 in
202 1173 166 74 proposito
330 1173 115 74 eadem
406 1173 141 74 entitas
509 1173 218 74 simplicissima
688 1173 102 74 quae
752 1173 90 74 est
803 1173 115 74 pater
880 1173 90 74 est
931 1173 154 74 spiratio
1034 1173 51 74 et

173 1223 181 55 paternitas
315 1223 78 55 et
354 1223 207 55 correspondet
522 1223 181 55 filiationi
665 1223 78 55 in
704 1223 116 55 filio
781 1223 65 55 a
807 1223 181 55 spirationi
937 1223 142 55 coopposi-

168 1268 68 55 te
202 1268 68 55 in
235 1268 124 55 spiritu
325 1268 124 55 sancto.
415 1268 56 55 â‹
438 1268 68 55 Ad
472 1268 68 55 3m
505 1268 68 55 si
539 1268 68 55 ly
573 1268 113 55 aliquo
652 1268 79 55 sui
697 1268 135 55 capiatur
798 1268 135 55 secundum
899 1268 169 55 transitiuam
1023 1268 56 55 con

171 1304 197 66 structionem
329 1304 79 66 vt
368 1304 145 66 accipit
473 1304 158 66 arguens.
592 1304 118 66 maior
670 1304 92 66 est
723 1304 131 66 falsa:
815 1304 79 66 et
855 1304 118 66 habet
920 1304 158 66 instantiam

159 1354 79 62 de
198 1354 132 62 duobus
291 1354 146 62 angelis
397 1354 79 62 et
437 1354 79 62 de
476 1354 132 62 duabus
569 1354 159 62 animabus
688 1354 172 62 supposito
820 1354 106 62 quod
887 1354 106 62 sint
939 1354 146 62 essentiae

165 1391 188 71 simplices.
312 1391 94 71 sic
366 1391 108 71 enim
434 1391 94 71 nec
487 1391 148 71 angelus
595 1391 94 71 nec
649 1391 121 71 anima
729 1391 229 71 distinguuntur
918 1391 134 71 aliqua
998 1391 81 71 sui:

158 1440 88 62 qui
209 1440 88 62 nec
259 1440 138 62 aliquid
359 1440 88 62 est
409 1440 88 62 sui
459 1440 75 62 in
497 1440 88 62 hoc
547 1440 113 62 sensu
622 1440 75 62 et
660 1440 88 62 non
710 1440 100 62 sunt
773 1440 88 62 duo
823 1440 125 62 angeli
911 1440 113 62 primo
973 1440 113 62 diuersi

159 1485 89 61 cum
210 1485 102 61 sint
274 1485 140 61 eiusdem
375 1485 127 61 genris
464 1485 76 61 et
502 1485 114 61 forte
579 1485 140 61 eiusdem
680 1485 153 61 speciei:
795 1485 89 61 nec
846 1485 89 61 est
896 1485 89 61 due
947 1485 114 61 anime
1011 1485 76 61 sunt

161 1520 88 69 primo
220 1520 108 69 diuersa
298 1520 68 69 cum
337 1520 78 69 sint
386 1520 108 69 eiusdem
464 1520 117 69 speciei.
552 1520 59 69 Et
582 1520 68 69 per
621 1520 137 69 consequens
728 1520 59 69 ad
757 1520 147 69 intellectum
875 1520 137 69 philosophi
972 1520 108 69 dicuntur.

162 1574 136 55 aliquid
260 1574 99 55 idem
322 1574 124 55 entes:
409 1574 86 55 aut
458 1574 99 55 quia
520 1574 136 55 aliquid
619 1574 99 55 idem
680 1574 74 55 de
717 1574 86 55 eis
767 1574 198 55 esentialiter
915 1574 173 55 praedicatur:

154 1616 79 61 vt
193 1616 132 61 aliqui
286 1616 158 61 exponunt
404 1616 132 61 verbum
496 1616 198 61 philosophi.
654 1616 79 61 5o
694 1616 119 61 meta.
773 1616 171 61 scriptum:
905 1616 92 61 aut
944 1616 132 61 accipien

158 1661 78 59 do
197 1661 117 59 actum
275 1661 169 59 exercitum
404 1661 91 59 pro
456 1661 104 59 actu
521 1661 156 59 signato:
638 1661 104 59 quia
703 1661 78 59 de
742 1661 91 59 eis
794 1661 195 59 verificatur
949 1661 104 59 quod
1001 1661 78 59 sunt

163 1703 100 57 aliqua
233 1703 80 57 modo
283 1703 80 57 idem
334 1703 120 57 scilicet
424 1703 110 57 specie:
504 1703 60 57 et
534 1703 130 57 similiter
635 1703 60 57 de
665 1703 70 57 his
705 1703 60 57 de
735 1703 100 57 quibus
805 1703 151 57 verificatur
926 1703 80 57 esse
976 1703 80 57 idem
1016 1703 60 57 nuoa

153 1746 86 60 aut
202 1746 123 60 genere
288 1746 86 60 vel
338 1746 185 60 proportione
486 1746 86 60 ibi
535 1746 111 60 dicit
609 1746 197 60 philosophus.
770 1746 74 60 Ad
807 1746 185 60 probationem
955 1746 99 60 dico
1004 1746 74 60 quod

153 1791 103 53 eodem
221 1791 92 53 modo
279 1791 126 53 aliquid
371 1791 80 53 est
416 1791 92 53 idem
474 1791 115 53 alicui
554 1791 80 53 vno
600 1791 103 53 modo:
669 1791 69 53 et
703 1791 184 53 distinguitur
853 1791 69 53 ab
887 1791 103 53 eodem
956 1791 92 53 alio
1002 1791 80 53 modo:

150 1825 109 68 sicut
223 1825 85 68 vna
271 1825 109 68 anima
344 1825 121 68 seipsa
429 1825 85 68 est
477 1825 109 68 eadem
550 1825 121 68 specie
635 1825 121 68 alteri
719 1825 109 68 anime
792 1825 73 68 et
829 1825 145 68 disticta
925 1825 158 68 numeraliter

158 1873 79 57 ab
197 1873 132 57 eadem.
290 1873 66 57 â‹
316 1873 79 57 Ad
356 1873 79 57 4m
396 1873 106 57 dico
462 1873 106 57 quod
528 1873 145 57 aliquid
634 1873 132 57 potest
726 1873 106 57 dici
792 1873 106 57 esse
858 1873 159 57 alicuius
977 1873 93 57 vel
1017 1873 53 57 in

151 1919 105 62 aliquo
225 1919 147 62 dupliciter
341 1919 74 62 vno
383 1919 84 62 modo
436 1919 116 62 proprie
520 1919 63 62 vt
552 1919 158 62 constructio
678 1919 74 62 sit
720 1919 158 62 transitiua:
847 1919 63 62 et
878 1919 84 62 omne
931 1919 84 62 quod
984 1919 74 62 sic
1015 1919 53 62 est

156 1961 123 55 alicuius
248 1961 72 55 vel
289 1961 62 55 in
320 1961 103 55 aliquo
392 1961 72 55 est
433 1961 144 55 distinctum
546 1961 62 55 ab
577 1961 72 55 eo:
618 1961 82 55 isto
669 1961 82 55 modo
721 1961 113 55 dicitur
803 1961 92 55 equus
864 1961 82 55 esse
916 1961 103 55 sortis
988 1961 62 55 et
1008 1961 72 55 anima

153 1996 121 68 dicitur
241 1996 88 68 esse
296 1996 110 68 homins
374 1996 66 68 et
407 1996 66 68 in
440 1996 121 68 homine.
528 1996 66 68 et
561 1996 99 68 forma
628 1996 66 68 in
661 1996 121 68 materia
749 1996 66 68 et
782 1996 121 68 locatum
870 1996 66 68 in
903 1996 99 68 loco:
970 1996 66 68 et
1003 1996 77 68 sic
1036 1996 44 68 de

149 2052 105 59 aliis
219 2052 105 59 modis
289 2052 117 59 quibus
371 2052 128 59 aliquid
464 2052 128 59 proprie
558 2052 128 59 dicitur
651 2052 93 59 esse
709 2052 70 59 in
744 2052 128 59 aliquo.
838 2052 93 59 Alio
896 2052 93 59 modo
943 2052 128 59 improprie

164 2093 78 59 vt
203 2093 195 59 constructio
359 2093 91 59 sit
411 2093 221 59 intransitiua:
593 2093 78 59 et
632 2093 117 59 illud
710 2093 169 59 consueuit
840 2093 78 59 ab
879 2093 169 59 aliquibus
996 2093 78 59 voca

152 2136 58 54 ri
181 2136 78 54 esse
230 2136 58 54 in
259 2136 97 54 aliquo
327 2136 68 54 per
366 2136 156 54 identitatem:
492 2136 78 54 quia
541 2136 117 54 scilicet
629 2136 78 54 quod
677 2136 68 54 sic
716 2136 107 54 dicitur
794 2136 78 54 esse
842 2136 117 54 alicuius
930 2136 68 54 vel
969 2136 58 54 in
988 2136 78 54 aliquo

141 2183 81 52 non
188 2183 186 52 distinguitur
339 2183 70 52 ab
374 2183 93 52 illo
432 2183 81 52 sed
478 2183 81 52 est
525 2183 116 52 ipsum:
606 2183 93 52 isto
664 2183 93 52 modo
722 2183 139 52 loquimur
827 2183 81 52 cum
873 2183 128 52 dicimus
955 2183 116 52 essentia

149 2224 98 58 angeli
218 2224 69 58 vel
257 2224 118 58 essentia
346 2224 69 58 dei
386 2224 59 58 id
415 2224 69 58 est
454 2224 69 58 qua
494 2224 69 58 est
533 2224 108 58 angelus
612 2224 59 58 et
642 2224 128 58 essentias
740 2224 79 58 quae
789 2224 69 58 est
829 2224 79 58 deus
878 2224 59 58 et
907 2224 138 58 econverso.
1006 2224 59 58 Nunc

155 2265 75 63 ad
193 2265 150 63 rationem
306 2265 75 63 si
343 2265 225 63 innascibilitas
531 2265 150 63 supponat
644 2265 88 63 pro
694 2265 125 63 aliqua
781 2265 150 63 entitate
894 2265 63 63 a
906 2265 163 63 generatione

151 2308 113 62 actiua
230 2308 124 62 sumatur
320 2308 79 62 pro
365 2308 147 62 relatione
478 2308 113 62 patris
557 2308 68 62 ad
590 2308 124 62 filium:
681 2308 79 62 sic
726 2308 124 62 oportet
816 2308 68 62 si
850 2308 158 62 argumentum
963 2308 101 62 debeat:

154 2354 144 62 procedere
264 2354 110 62 contra
342 2354 177 62 conclusionem
485 2354 133 62 positam:
585 2354 88 62 dico
640 2354 88 62 quod
695 2354 88 62 sunt
751 2354 66 62 in
784 2354 99 62 patre
850 2354 177 62 intransitiue
983 2354 88 62 loquen

143 2404 73 56 do.
184 2404 62 56 et
215 2404 93 56 eodem
278 2404 125 56 dicuntur
371 2404 166 56 proprietates
506 2404 104 56 patris
578 2404 62 56 id
610 2404 73 56 est
651 2404 73 56 qua
693 2404 83 56 sunt
744 2404 104 56 pater.
817 2404 73 56 non
859 2404 93 56 autem
921 2404 83 56 vere
962 2404 104 56 dicuntur

141 2439 99 61 esse
202 2439 123 61 patris
289 2439 86 61 vel
338 2439 74 61 in
375 2439 111 61 patre
449 2439 185 61 transitiue:
597 2439 86 61 nec
646 2439 111 61 etiam
720 2439 160 61 adinuicem
843 2439 222 61 distinguuntur.
1015 2439 62 61 nec

159 2484 133 54 probatio
259 2484 67 54 ex
292 2484 100 54 dicto
359 2484 89 54 Aug.
415 2484 111 54 valet.
493 2484 78 54 Non
537 2484 89 54 enim
593 2484 145 54 sequitur:
704 2484 67 54 si
737 2484 100 54 pater
804 2484 78 54 non
849 2484 100 54 esset
915 2484 145 54 ingenitus
1015 2484 56 54 pos

153 2527 79 54 set
198 2527 90 54 esse
254 2527 113 54 pater.
333 2527 90 54 ergo
389 2527 169 54 innatiuitas
524 2527 68 54 et
558 2527 158 54 paternitas
682 2527 68 54 in
715 2527 101 54 patre
783 2527 203 54 distinguuntur.
952 2527 101 54 Sicut
1008 2527 56 54 non

144 2568 139 60 sequitur:
251 2568 64 60 si
284 2568 86 60 deus
337 2568 75 60 non
380 2568 96 60 esset
444 2568 118 60 dominus
530 2568 96 60 adhuc
594 2568 107 60 posset
669 2568 86 60 esse
723 2568 96 60 deus.
787 2568 86 60 ergo
841 2568 86 60 deus
895 2568 64 60 et
927 2568 129 60 dominium
1012 2568 54 60 dei

145 2611 198 66 distinguuntur.
310 2611 66 66 Et
343 2611 99 66 sicut
408 2611 77 66 non
452 2611 143 66 sequitur:
562 2611 66 66 si
595 2611 110 66 sortes
672 2611 77 66 non
716 2611 99 66 esset
782 2611 121 66 similis
869 2611 99 66 adhuc
935 2611 110 66 posset
1001 2611 66 66 esse

153 2655 112 59 albus
227 2655 100 59 ergo
289 2655 100 59 eius
352 2655 124 59 albedo
439 2655 75 59 et
476 2655 174 59 similitudo
613 2655 224 59 distinguuntur.
799 2655 62 59 â‹
824 2655 75 59 Ad
862 2655 75 59 5m
899 2655 100 59 dico
961 2655 100 59 quod
1011 2655 62 59 si-

157 2702 88 60 esse
212 2702 77 60 in.
256 2702 121 60 sumatur
344 2702 187 60 intransitiue.
499 2702 99 60 maior
565 2702 77 60 est
609 2702 110 60 falsa.
686 2702 66 60 et
719 2702 143 60 similiter
829 2702 132 60 probatio
929 2702 88 60 eius
984 2702 66 60 in
1006 2702 55 60 eo-

159 2738 80 63 dem
204 2738 102 63 sensu
272 2738 80 63 nec
318 2738 80 63 per
363 2738 102 63 illud
431 2738 136 63 exemplum
534 2738 182 63 sufficienter
682 2738 136 63 probatur
784 2738 159 63 assumptum.
909 2738 125 63 quoniam
988 2738 80 63 licet

157 2789 98 56 nihil
222 2789 76 56 sit
266 2789 109 56 sortes
342 2789 87 56 quod
397 2789 76 56 non
440 2789 174 56 distinguatur
582 2789 54 56 a
604 2789 131 56 platone.
702 2789 120 56 aliquid
789 2789 98 56 tamen
854 2789 76 56 est
898 2789 98 56 pater
963 2789 87 56 quod
1007 2789 54 56 non

160 2826 175 57 distinguitur
302 2826 55 57 a
324 2826 98 57 filio
390 2826 131 57 scilicet
488 2826 131 57 essentia
587 2826 120 57 divina.
674 2826 66 57 Si
707 2826 98 57 autem
773 2826 88 57 esse
827 2826 77 57 in.
871 2826 120 57 sumatur
948 2826 131 57 transitive

143 2872 88 63 sic
194 2872 113 63 maior
269 2872 88 63 est
319 2872 100 63 vera
382 2872 75 63 et
419 2872 113 63 minor
494 2872 113 63 falsa
570 2872 138 63 quantum
670 2872 75 63 ad
708 2872 150 63 vtramque
820 2872 138 63 partem:
921 2872 138 63 quantum
1021 2872 75 63 ad

148 2912 110 62 primam
225 2912 122 62 quidem:
314 2912 122 62 quoniam
402 2912 133 62 essentia
502 2912 110 62 divina
579 2912 122 62 proprie
667 2912 133 62 loquendo
767 2912 66 62 et
800 2912 66 62 in
833 2912 77 62 hoc
877 2912 99 62 sensu
943 2912 77 62 non
988 2912 77 62 est
1021 2912 44 62 in

156 2966 85 56 patre
212 2966 56 56 et
240 2966 94 56 filio:
306 2966 66 56 sed
344 2966 85 56 pater
400 2966 56 56 et
428 2966 94 56 filius
494 2966 75 56 sunt
541 2966 75 56 ipsa
588 2966 122 56 essentia:
683 2966 56 56 et
711 2966 122 56 propterea
805 2966 132 56 Damascenus
908 2966 85 56 libro
965 2966 85 56 primo
1012 2966 47 56 cum

154 3007 174 59 dixisset.
287 3007 94 59 cum
341 3007 214 59 respexerimus
514 3007 80 59 ad
554 3007 80 59 ea
594 3007 80 59 in
635 3007 134 59 quibus
728 3007 94 59 est
781 3007 174 59 divinitas
915 3007 147 59 loquens
1009 3007 53 59 de

140 3044 165 81 personis:
267 3044 165 81 immediate
394 3044 165 81 ostendens
521 3044 89 81 hoc
571 3044 101 81 esse
635 3044 165 81 improprie
761 3044 127 81 dictum
850 3044 127 81 addit:
939 3044 89 81 vel
977 3044 76 81 quod

1138 274 137 70 deinde
1234 274 151 70 certius
1344 274 151 70 dicamus
1454 274 110 70 quae
1522 274 110 70 sunt
1591 274 178 70 divinitas
1728 274 96 70 hoc
1783 274 96 70 est
1838 274 82 70 ad
1879 274 110 70 tres
1934 274 123 70 yposta-

1142 323 102 64 ses
1201 323 116 64 etc.
1273 323 102 64 vbi
1332 323 102 64 dat
1390 323 131 64 nobis
1477 323 189 64 doctrinam
1623 323 87 64 vt
1667 323 146 64 vbique
1768 323 87 64 in
1812 323 146 64 sacris
1899 323 146 64 scriptu-

1143 373 86 60 ris
1192 373 159 60 inuenimus
1314 373 122 60 dictum
1399 373 98 60 quod
1460 373 159 60 divinitas
1583 373 86 60 est
1631 373 73 60 in
1668 373 159 60 personis.
1790 373 110 60 illud
1864 373 86 60 sit
1900 373 159 60 intelligen-

1147 412 74 70 dum
1190 412 127 70 secundum
1285 412 179 70 intransitivam
1432 412 190 70 constructionem
1591 412 63 70 id
1622 412 74 70 est
1665 412 84 70 quod
1717 412 137 70 divinitas
1823 412 74 70 est
1865 412 127 70 parsone:
1960 412 74 70 vel
1992 412 63 70 quod

1137 459 136 64 persone
1236 459 99 64 sunt
1298 459 136 64 deitas.
1397 459 112 64 eodem
1471 459 99 64 modo
1533 459 74 64 in
1571 459 112 64 eodem
1645 459 112 64 sensu
1720 459 112 64 falsa
1794 459 87 64 est
1844 459 136 64 reliqua
1943 459 99 64 pars
1992 459 50 64 mi

1138 508 89 60 noris
1198 508 119 60 scilicet
1287 508 79 60 quod
1337 508 139 60 paternitas
1446 508 70 60 est
1486 508 60 60 in
1516 508 99 60 patre:
1585 508 70 60 sed
1625 508 139 60 paternitas
1734 508 70 60 est
1774 508 99 60 pater:
1843 508 60 60 et
1873 508 89 60 pater
1933 508 70 60 est
1963 508 89 60 paterni

1136 544 97 66 tas.
1197 544 61 66 â‹
1221 544 85 66 Sed
1269 544 73 66 ex
1306 544 121 66 dictis
1391 544 121 66 istius
1476 544 146 66 doctoris
1585 544 121 66 potest
1670 544 121 66 contra
1755 544 85 66 sic
1803 544 121 66 argui.
1888 544 109 66 pater
1949 544 97 66 aliquo

1142 583 85 64 sui
1190 583 85 64 non
1239 583 195 64 distinguitur
1397 583 61 64 a
1422 583 122 64 filio:
1507 583 73 64 et
1543 583 122 64 aliquo
1628 583 85 64 sui
1677 583 195 64 distinguitur
1835 583 61 64 a
1859 583 122 64 filio.
1945 583 97 64 ergo
1993 583 61 64 non

1145 628 101 62 seipso
1216 628 91 62 primo
1276 628 162 62 distinguitur
1408 628 51 62 a
1428 628 101 62 filio.
1498 628 162 62 consequentia
1630 628 101 62 patet.
1700 628 141 62 Antecedens
1812 628 131 62 probatur.
1913 628 111 62 quoniam
1983 628 71 62 pater

1145 674 175 68 divinitate
1282 674 87 68 non
1332 674 200 68 distinguitur
1494 674 62 68 a
1519 674 125 68 filio.
1606 674 75 68 et
1644 674 187 68 paternitate
1793 674 200 68 distinguitur
1956 674 75 68 ab
1981 674 62 68 eo.

1148 716 63 63 â‹
1174 716 164 63 Responsio
1300 716 126 63 patrem
1388 716 63 63 a
1413 716 114 63 filio
1489 716 164 63 distingui
1615 716 88 63 aut
1666 716 139 63 aliquid
1767 716 76 63 ab
1805 716 126 63 aliquo
1893 716 126 63 seipso
1969 716 88 63 primo

1151 765 90 64 potest
1214 765 117 64 intelligi
1304 765 126 64 dupliciter
1402 765 63 64 vno
1438 765 72 64 modo
1483 765 90 64 seipso
1546 765 81 64 primo
1600 765 54 64 id
1626 765 63 64 est
1662 765 108 64 quolibet
1743 765 72 64 sui.
1788 765 72 64 Alio
1833 765 81 64 modo:
1887 765 54 64 id
1913 765 63 64 est
1949 765 81 64 nullo
1994 765 54 64 alio

1140 801 81 69 seu
1187 801 93 69 quod
1245 801 81 69 non
1292 801 81 69 est
1338 801 116 69 ipsum:
1420 801 70 69 et
1455 801 93 69 tunc
1513 801 105 69 ista:
1583 801 105 69 pater
1652 801 186 69 distinguitur
1804 801 58 69 a
1827 801 105 69 filio
1897 801 116 69 seipso
1967 801 81 69 primo

1131 847 160 71 exponitur
1253 847 86 71 per
1303 847 123 71 istas:
1388 847 110 71 pater
1462 847 196 71 distinguitur
1622 847 61 71 a
1646 847 110 71 filio
1720 847 74 71 et
1757 847 86 71 per
1806 847 110 71 nihil
1879 847 98 71 quod
1941 847 86 71 non
1978 847 61 71 est

1128 887 121 75 pater:
1212 887 109 75 pater
1285 887 193 75 distinguitur
1442 887 60 75 a
1466 887 121 75 filio:
1550 887 72 75 et
1586 887 72 75 in
1623 887 84 75 hoc
1671 887 109 75 sensu
1743 887 97 75 dixi
1804 887 121 75 supra:
1888 887 97 75 quod
1936 887 109 75 persone

1139 937 115 66 seipsis
1222 937 189 66 distinguuntur.
1379 937 94 66 primo
1442 937 84 66 quia
1495 937 126 66 scilicet
1589 937 168 66 distinguitur
1725 937 105 66 vtique
1799 937 63 66 et
1830 937 73 66 non
1872 937 73 66 per
1914 937 115 66 aliquae
1987 937 63 66 quae

1135 977 93 64 non
1188 977 106 64 sunt
1254 977 120 64 ipse:
1334 977 93 64 sed
1387 977 106 64 sint
1454 977 146 64 ipsarum
1560 977 120 64 sicut
1640 977 133 64 aliqui
1733 977 199 64 imaginantur
1892 977 80 64 et
1932 977 120 64 multo
1999 977 53 64 ma

1124 1020 92 64 gis
1176 1020 92 64 nec
1229 1020 92 64 per
1281 1020 144 64 aliquae
1385 1020 105 64 quae
1451 1020 92 64 non
1503 1020 105 64 sunt
1568 1020 105 64 ipse
1634 1020 92 64 nec
1686 1020 157 64 ipsarum.
1804 1020 65 64 â‹
1830 1020 105 64 Tunc
1895 1020 78 64 ad
1921 1020 131 64 rationem

1134 1069 108 63 factam
1210 1069 97 63 dico:
1275 1069 87 63 quod
1329 1069 65 63 si
1361 1069 65 63 ly
1394 1069 76 63 sui
1437 1069 65 63 in
1470 1069 162 63 antecedente
1599 1069 130 63 teneatur
1697 1069 162 63 transitiue:
1827 1069 151 63 antecedens
1946 1069 76 63 est
1978 1069 65 63 fal-

1133 1108 104 68 sum:
1198 1108 91 68 nec
1250 1108 156 68 probatio
1367 1108 130 68 valet.
1458 1108 104 68 quia
1523 1108 156 68 supponit
1640 1108 104 68 quod
1705 1108 130 68 deitas
1796 1108 91 68 sit
1848 1108 143 68 aliquid
1939 1108 104 68 patris

1128 1153 71 65 et
1164 1153 82 65 non
1211 1153 118 65 pater.
1293 1153 71 65 et
1329 1153 153 65 similiter
1446 1153 71 65 de
1482 1153 189 65 paternitate:
1635 1153 118 65 quorum
1717 1153 141 65 vtrumque
1823 1153 118 65 falsum
1906 1153 94 65 est.
1965 1153 71 65 Si
1988 1153 71 65 vero

1120 1205 138 58 teneatur
1223 1205 195 58 intransitiue:
1384 1205 92 58 nego
1441 1205 207 58 consequentiam.
1613 1205 80 58 non
1659 1205 92 58 enim
1717 1205 149 58 sequitur.
1831 1205 103 58 pater
1900 1205 115 58 aliquo
1969 1205 69 58 quod

1134 1236 87 71 est
1183 1236 100 71 ipse
1246 1236 87 71 non
1295 1236 199 71 distinguitur
1457 1236 62 71 a
1482 1236 124 71 filio.
1569 1236 75 71 et
1606 1236 124 71 aliquo
1693 1236 100 71 quod
1755 1236 87 71 est
1805 1236 100 71 ipse
1867 1236 199 71 distinguitur
2017 1236 37 71 a

1130 1279 125 65 filio.
1218 1279 100 65 ergo
1281 1279 113 65 pater
1356 1279 125 65 aliquo
1444 1279 100 65 quod
1507 1279 88 65 non
1557 1279 88 65 est
1607 1279 100 65 ipse
1670 1279 201 65 distinguitur
1833 1279 63 65 a
1858 1279 125 65 filio:
1946 1279 75 65 et
1971 1279 63 65 per

1129 1334 159 59 consequens
1254 1334 102 59 etiam
1322 1334 79 59 non
1367 1334 148 59 sequitur.
1481 1334 91 59 ergo
1537 1334 102 59 pater
1606 1334 79 59 non
1651 1334 114 59 seipso
1730 1334 102 59 primo
1799 1334 182 59 distinguitur
1946 1334 57 59 a
1958 1334 79 59 filio

1133 1369 155 62 secundum
1249 1369 129 62 sensum
1339 1369 116 62 datum
1417 1369 64 62 â‹
1443 1369 103 62 Quod
1507 1369 103 62 vero
1572 1369 103 62 idem
1636 1369 129 62 doctor
1726 1369 116 62 addit
1804 1369 155 62 soluendo
1907 1369 129 62 rationem

1129 1411 78 68 pro
1173 1411 89 68 illa
1229 1411 178 68 conclusione.
1374 1411 89 68 quia
1430 1411 122 68 simplex
1519 1411 78 68 non
1563 1411 167 68 constitutum
1697 1411 89 68 etc.
1752 1411 100 68 nihil
1819 1411 111 68 valet:
1897 1411 122 68 quoniam
1975 1411 67 68 omne

1135 1459 127 58 simplex
1227 1459 81 58 est
1273 1459 150 58 huiusmodi
1388 1459 69 58 et
1422 1459 115 58 nullum
1503 1459 173 58 constitutum
1641 1459 69 58 ex
1675 1459 127 58 communi
1767 1459 69 58 et
1802 1459 127 58 proprio
1894 1459 81 58 est
1928 1459 115 58 simplex.

1133 1498 64 57 â‹
1159 1498 76 57 3a
1197 1498 165 57 conclusio
1324 1498 165 57 probatur.
1451 1498 76 57 ex
1489 1498 76 57 eo
1527 1498 102 57 quod
1591 1498 89 57 non
1642 1498 89 57 est
1692 1498 102 57 dare
1756 1498 140 57 aliquas
1858 1498 114 57 tales
1921 1498 140 57 entitates

1134 1552 146 58 proprias
1243 1552 182 58 personarum:
1389 1552 97 58 quod
1450 1552 146 58 apparet:
1559 1552 97 58 quia
1620 1552 85 58 vel
1668 1552 109 58 tales
1741 1552 158 58 entitates
1863 1552 73 58 si
1899 1552 97 58 quae
1948 1552 97 58 forent

1126 1595 144 54 essent
1226 1595 202 54 extrinsece
1385 1595 130 54 ipsis
1471 1595 173 54 personis
1601 1595 101 54 vel
1659 1595 202 54 intrinsece
1817 1595 159 54 incluse
1933 1595 86 54 in
1962 1595 86 54 eis.

1127 1628 84 67 Non
1175 1628 120 67 potest
1259 1628 96 67 dici
1319 1628 132 67 primum:
1415 1628 132 67 quoniam
1511 1628 84 67 vel
1559 1628 96 67 ipse
1620 1628 120 67 essent
1704 1628 84 67 per
1752 1628 72 67 se
1788 1628 204 67 subsistentes:
1956 1628 72 67 et
1980 1628 60 67 per

1122 1668 171 60 consequens
1256 1668 122 60 essent
1341 1668 146 60 persone.
1451 1668 73 60 ex
1488 1668 85 60 quo
1537 1668 110 60 vltra
1610 1668 146 60 sequitur
1720 1668 98 60 quod
1781 1668 73 60 in
1817 1668 134 60 divinis
1915 1668 122 60 essent
1988 1668 49 60 ad

1123 1720 99 55 minus
1189 1720 77 55 sex
1233 1720 121 55 persone
1321 1720 132 55 scilicet
1419 1720 99 55 pater
1485 1720 66 55 et
1518 1720 110 55 filius
1595 1720 66 55 et
1628 1720 132 55 spiritus
1727 1720 132 55 sanctus.
1825 1720 66 55 et
1858 1720 88 55 tres
1913 1720 88 55 alie
1957 1720 77 55 earum

1123 1759 219 63 proprietates
1301 1759 109 63 quod
1370 1759 96 63 est
1424 1759 178 63 erroneum:
1561 1759 96 63 vel
1616 1759 137 63 essent
1712 1759 164 63 personis
1835 1759 192 63 inherentes
1972 1759 68 63 vel

1124 1808 201 64 insistentes.
1288 1808 113 64 sicut
1363 1808 113 64 forme
1438 1808 151 64 materiis
1551 1808 100 64 quod
1614 1808 113 64 etiam
1689 1808 88 64 est
1740 1808 188 64 impossibile
1890 1808 75 64 in
1928 1808 100 64 deo:
1978 1808 63 64 qui

1123 1856 129 56 nulli
1209 1856 201 56 subsistere
1367 1856 158 56 potest.
1482 1856 86 56 vt
1525 1856 129 56 dicit
1611 1856 115 56 Aug.
1683 1856 86 56 7o
1726 1856 86 56 de
1769 1856 115 56 tri.
1841 1856 101 56 Sed
1898 1856 101 56 nec
1941 1856 115 56 potest

1110 1895 112 60 dici
1180 1895 112 60 quod
1250 1895 112 60 sint
1319 1895 126 60 tales
1403 1895 140 60 alique
1501 1895 181 60 entitates
1640 1895 195 60 intrinsece
1794 1895 153 60 incluse
1905 1895 84 60 in
1933 1895 98 60 perso

1111 1935 96 55 nis
1166 1935 164 55 secundum
1289 1935 109 55 quem
1358 1935 123 55 modum
1440 1935 178 55 imaginari
1577 1935 178 55 videntur.
1714 1935 178 55 quicumque
1850 1935 123 55 tales
1919 1935 123 55 proprie

1109 1973 111 60 tates
1182 1973 123 60 ponunt
1269 1973 74 60 in
1305 1973 160 60 personis:
1428 1973 86 60 hoc
1478 1973 111 60 autem
1551 1973 98 60 esse
1613 1973 184 60 impossibile
1760 1973 123 60 potest
1847 1973 135 60 probari
1933 1973 98 60 multi-

1122 2019 194 60 pliciter.
1271 2019 134 60 primo
1360 2019 149 60 quidem
1464 2019 104 60 per
1524 2019 194 60 expressam
1673 2019 283 60 determinationem
1896 2019 149 60 ecclesie

1114 2072 117 54 extra.
1196 2072 70 54 de
1231 2072 105 54 summa
1301 2072 93 54 tri.
1359 2072 70 54 et
1394 2072 82 54 fi.
1441 2072 82 54 ca.
1487 2072 140 54 capitulo
1592 2072 152 54 damnamus.
1709 2072 82 54 sic
1755 2072 152 54 dicentis.
1872 2072 105 54 pater
1942 2072 70 54 ab
1965 2072 70 54 eter

1118 2105 70 63 no
1153 2105 117 63 filium
1235 2105 152 63 generando
1351 2105 93 63 suam
1410 2105 175 63 substantiam
1550 2105 70 63 ei
1585 2105 117 63 dedit.
1666 2105 105 63 iuxta
1736 2105 93 63 quod
1794 2105 93 63 ipse
1853 2105 152 63 testatur:
1957 2105 82 63 pater

1116 2152 96 62 quod
1176 2152 108 62 dedit
1249 2152 96 62 mihi
1309 2152 108 62 maius
1381 2152 84 62 est
1429 2152 133 62 omnibus
1526 2152 72 62 at
1562 2152 96 62 dici
1622 2152 84 62 non
1670 2152 121 62 potest
1755 2152 96 62 quod
1815 2152 121 62 partem
1887 2152 145 62 substantie

1118 2193 101 59 illi
1181 2193 139 59 dederit
1282 2193 76 59 et
1320 2193 126 59 partem
1408 2193 101 59 ipse
1472 2193 101 59 sibi
1535 2193 189 59 retinuerit:
1686 2193 88 59 cum
1736 2193 177 59 substantia
1875 2193 126 59 patris
1951 2193 88 59 indi-

1122 2242 171 50 uisibilis
1254 2242 105 50 sit.
1319 2242 132 50 vtpote
1412 2242 145 50 simplex
1517 2242 145 50 omnino:
1623 2242 92 50 sed
1675 2242 92 50 nec
1728 2242 105 50 dici
1794 2242 132 50 potest
1886 2242 105 50 quod
1939 2242 92 50 pater

1122 2281 75 62 in
1159 2281 125 62 filium
1246 2281 199 62 transtulerit
1408 2281 100 62 suam
1470 2281 187 62 substantiam
1620 2281 162 62 generando
1744 2281 112 62 quasi
1819 2281 87 62 sic
1869 2281 137 62 dederit
1956 2281 75 62 eam-

1122 2322 122 62 filio:
1207 2322 98 62 quod
1269 2322 86 62 non
1317 2322 171 62 retinuerit
1452 2322 110 62 ipsam
1525 2322 110 62 sibi:
1599 2322 147 62 alioquin
1709 2322 171 62 desinisset
1844 2322 98 62 esse
1892 2322 135 62 subiecta.

1123 2368 60 64 â‹
1147 2368 109 64 patet
1219 2368 97 64 ergo
1280 2368 97 64 quod
1340 2368 97 64 sine
1400 2368 97 64 vlla
1461 2368 181 64 diminutione
1606 2368 121 64 filius
1690 2368 145 64 nascendo
1799 2368 181 64 substantiam
1931 2368 97 64 patris

1115 2421 141 49 accepit.
1221 2421 70 49 et
1256 2421 82 49 ita
1303 2421 106 49 pater
1374 2421 70 49 et
1409 2421 117 49 filius
1491 2421 117 49 habent
1573 2421 117 49 eandem
1655 2421 164 49 subiectam:
1784 2421 70 49 et
1820 2421 82 49 sic
1867 2421 106 49 eadem
1937 2421 82 49 res
1972 2421 59 49 est

1126 2453 109 66 pater
1198 2453 72 66 et
1235 2453 121 66 filius
1319 2453 84 66 nec
1367 2453 84 66 non
1416 2453 145 66 spiritus
1524 2453 133 66 sanctus
1621 2453 72 66 ab
1657 2453 133 66 vtroque
1753 2453 169 66 procedens.
1886 2453 84 66 cum
1934 2453 97 66 ergo
1983 2453 48 66 vt

1118 2495 182 64 profitetur
1261 2495 169 64 ecclesia.
1391 2495 130 64 filius
1482 2495 117 64 totam
1560 2495 195 64 substantiam
1715 2495 130 64 patris
1806 2495 104 64 sine
1858 2495 169 64 diminutione

1112 2553 159 56 accepit.
1231 2553 172 56 Manifeste
1364 2553 119 56 patet
1443 2553 106 56 quod
1510 2553 133 56 nullam
1603 2553 172 56 entitatem
1735 2553 80 56 in
1775 2553 80 56 se
1815 2553 119 56 habet
1894 2553 106 56 sibi
1947 2553 80 56 pro-

1120 2589 122 59 priam
1202 2589 122 59 pater
1283 2589 108 59 quam
1350 2589 122 59 filio
1431 2589 176 59 generando
1566 2589 95 59 non
1621 2589 162 59 dederit.
1742 2589 95 59 Nec
1796 2589 135 59 potest
1891 2589 108 59 dici
1945 2589 81 59 quod

1125 2628 137 56 quamuis
1224 2628 112 56 totam
1299 2628 100 56 sine
1361 2628 187 56 diminutione
1511 2628 125 56 patris
1598 2628 187 56 substantiam
1747 2628 125 56 filius
1835 2628 162 56 generando
1947 2628 87 56 acce-

1127 2681 118 46 perit:
1210 2681 83 46 non
1257 2681 107 46 tamen
1328 2681 130 46 accepit
1423 2681 107 46 omnem
1494 2681 154 46 entitatem
1613 2681 130 46 patris:
1707 2681 130 46 quoniam
1802 2681 83 46 non
1849 2681 107 46 illam
1909 2681 118 46 propriam

1111 2723 113 52 quam
1181 2723 127 52 vltra
1266 2723 169 52 communem
1392 2723 183 52 essentiam
1533 2723 127 52 pater
1617 2723 183 52 includit:
1758 2723 98 52 tum
1814 2723 113 52 quia
1884 2723 98 52 non
1927 2723 98 52 minus

1114 2767 87 44 est
1163 2767 212 44 indiuisibilis
1338 2767 75 44 et
1375 2767 125 44 omnino
1463 2767 137 44 simplex
1563 2767 137 44 persona
1662 2767 125 44 patris
1750 2767 100 44 quam
1812 2767 87 44 sit
1862 2767 150 44 essentia
1962 2767 62 44 il-

1119 2803 70 59 la
1154 2803 151 59 communis:
1271 2803 70 59 et
1306 2803 82 59 per
1352 2803 163 59 consequens
1480 2803 105 59 iuxta
1550 2803 221 59 argumentationem
1737 2803 140 59 ecclesie
1842 2803 175 59 impossibile
1970 2803 58 59 est

1117 2852 92 59 quod
1174 2852 115 59 partem
1255 2852 81 59 sui
1301 2852 138 59 scilicet
1404 2852 138 59 communem
1508 2852 150 59 essentiam
1623 2852 104 59 filio
1692 2852 127 59 dederit
1784 2852 69 59 et
1818 2852 115 59 partem
1899 2852 104 59 aliam
1956 2852 69 59 sibi

1111 2898 215 47 retinuerit.
1282 2898 115 47 ergo
1354 2898 115 47 sine
1426 2898 215 47 diminutione
1597 2898 143 47 filius
1698 2898 129 47 totam
1784 2898 186 47 entitatem
1912 2898 115 47 patris

1115 2934 149 54 accepit.
1226 2934 112 54 nulla
1300 2934 99 54 ergo
1362 2934 136 54 entitas
1462 2934 87 54 est
1511 2934 74 54 in
1548 2934 112 54 patre
1623 2934 99 54 quae
1685 2934 87 54 non
1734 2934 87 54 sit
1784 2934 74 54 in
1821 2934 124 54 filio.
1908 2934 87 54 tum
1945 2934 74 54 quia

1102 2974 229 63 stultissimum
1287 2974 100 63 est
1345 2974 186 63 imaginari
1487 2974 114 63 quod
1559 2974 86 63 in
1602 2974 129 63 patre
1687 2974 100 63 sit
1745 2974 143 63 aliqua
1845 2974 157 63 entitas
1945 2974 71 63 que

1109 3019 82 61 non
1156 3019 82 61 sit
1203 3019 163 61 substantia
1331 3019 82 61 vel
1378 3019 70 61 de
1413 3019 163 61 substantia
1541 3019 105 61 eius:
1611 3019 82 61 sic
1657 3019 93 61 enim
1716 3019 105 61 esset
1786 3019 187 61 accidentalis
1937 3019 82 61 vel
1972 3019 47 61 ei

1112 3063 171 60 extranea.
1243 3063 105 60 ergo
1309 3063 79 60 si
1348 3063 118 60 totam
1427 3063 131 60 patris
1519 3063 171 60 subiectam
1650 3063 144 60 accepit
1755 3063 144 60 filius:
1860 3063 118 60 omnem
1926 3063 92 60 enti
