2439 3548
332 286 149 78 ritur
431 286 182 78 quoddam
563 286 149 78 aliud
662 286 165 78 saltem
777 286 99 78 in
827 286 165 78 multis
942 286 248 78 manerinebus
1124 286 149 78 relati-

349 338 126 65 uorum.
438 338 114 65 sicut
514 338 76 65 ad
552 338 88 65 hoc
602 338 101 65 quod
665 338 139 65 aliquid
766 338 88 65 sit
817 338 126 65 simile
905 338 177 65 requiritur
1044 338 101 65 quod
1107 338 88 65 sit
1145 338 114 65 quoddam

337 383 107 64 aliud
409 383 84 64 cui
456 383 84 64 sit
504 383 131 64 simile.
600 383 72 64 et
635 383 72 64 ad
671 383 84 64 hoc
719 383 95 64 quod
779 383 131 64 aliquid
874 383 84 64 sit
922 383 131 64 dominus
1017 383 167 64 requiritur
1149 383 95 64 quod
1196 383 72 64 ali-

341 434 122 63 quis
417 434 137 63 alius
509 434 107 63 sit
570 434 168 63 seruus:
692 434 92 63 et
737 434 107 63 sic
798 434 92 63 de
844 434 137 63 aliis
936 434 168 63 multis.
1058 434 122 63 Unde
1134 434 107 63 duo
1180 434 76 63 rec

349 475 104 55 runtur
421 475 125 55 scilicet
515 475 94 55 ipsum
577 475 83 55 quod
629 475 135 55 refertur:
733 475 62 55 et
765 475 62 55 id
796 475 62 55 ad
827 475 83 55 quod
879 475 135 55 refertur:
983 475 73 55 nec
1025 475 104 55 semper
1098 475 94 55 tamen
1160 475 94 55 talia
1212 475 52 55 duo

351 511 109 63 sunt
419 511 95 63 due
474 511 95 63 res
528 511 190 63 existentes
678 511 122 63 actu:
759 511 122 63 sicut
841 511 150 63 patebit
949 511 82 63 in
990 511 217 63 sequentibus.
1167 511 82 63 et
1194 511 68 63 hoc

346 554 109 61 vult
414 554 204 61 significare
577 554 176 61 Commenta.
713 554 95 61 per
767 554 109 61 illa
835 554 122 61 verba
916 554 204 61 interuallum
1079 554 81 61 et
1106 554 163 61 dispositio

349 598 141 63 inter
443 598 125 63 duo:
521 598 109 63 nec
584 598 141 63 aliam
677 598 109 63 rem
740 598 156 63 mediam
849 598 125 63 vult
927 598 250 63 significare.
1130 598 78 63 ⁋
1161 598 94 63 Ad
1193 598 62 63 2a

343 640 161 69 dicendum
464 640 108 69 quod
531 640 161 69 loquendo
652 640 81 69 in
692 640 108 69 vero
760 640 121 69 sensu
840 640 81 69 de
881 640 148 69 effectu
988 640 148 69 formali
1096 640 161 69 (quamuis
1204 640 67 69 im-

352 684 186 70 proprius
492 684 140 70 nimis
585 684 109 70 sit
647 684 140 70 talis
740 684 140 70 modus
834 684 202 70 loquendi)
989 684 186 70 effectus
1113 684 155 70 formalis

346 737 190 54 relationis
496 737 95 54 est
550 737 108 54 esse
617 737 176 54 relatiuum
753 737 95 54 (vt
807 737 230 54 similitudinis
997 737 108 54 esse
1065 737 149 54 simile:
1173 737 81 54 et
1200 737 68 54 pa-

346 770 177 64 ternitatis
486 770 101 64 esse
549 770 152 64 patrem:)
663 770 76 64 et
701 770 89 64 hoc
752 770 127 64 vtique
840 770 89 64 non
891 770 76 64 ab
929 770 177 64 intellectu
1068 770 101 64 est:
1132 770 89 64 sed
1170 770 101 64 absque

356 817 97 63 eius
417 817 170 63 operatione
550 817 134 63 aliquid
648 817 85 63 est
696 817 122 63 simile
782 817 73 63 et
818 817 134 63 aliquid
915 817 97 63 vere
976 817 122 63 pater:
1061 817 73 63 et
1098 817 85 63 ita
1146 817 73 63 de
1171 817 97 63 multis

353 857 129 67 aliis.
443 857 90 67 nec
495 857 77 67 ad
534 857 90 67 hoc
585 857 142 67 necesse
688 857 90 67 est
740 857 90 67 rem
791 857 142 67 aliquam
894 857 77 67 ad
933 857 116 67 aliam
1010 857 103 67 alio
1075 857 103 67 modo
1139 857 116 67 ferri
1204 857 64 67 vel

359 901 161 62 portari.
479 901 67 62 ⁋
506 901 80 62 Ad
546 901 80 62 3m
586 901 107 62 nego
653 901 187 62 antecedens
800 901 80 62 si
841 901 147 62 proprie
948 901 147 62 sumatur
1055 901 94 62 nec
1108 901 120 62 ipsum
1175 901 94 62 ponit

358 947 77 59 P.
397 947 90 59 sed
448 947 103 59 ait.
512 947 167 59 contingit
641 947 103 59 enim
705 947 129 59 altero
795 947 141 59 mutante
898 947 77 59 id
937 947 90 59 est
988 947 129 59 mutato
1078 947 116 59 verum
1155 947 103 59 esse
1207 947 64 59 al-

351 990 111 66 terum
425 990 111 66 nihil
499 990 123 66 mutas:
585 990 86 66 et.
634 990 86 66 xi.
684 990 111 66 meta.
758 990 123 66 eandem
844 990 185 66 sententiam:
992 990 74 66 et
1029 990 74 66 ad
1066 990 99 66 idem
1115 990 148 66 propositua

359 1033 129 73 ponit
445 1033 86 73 in
487 1033 100 73 his
545 1033 157 73 verbis.
659 1033 100 73 est
716 1033 114 73 enim
788 1033 143 73 altero
888 1033 186 73 permutato
1031 1033 200 73 verificari
1174 1033 100 73 alte-

362 1071 84 68 rum
410 1071 108 68 nihil
482 1071 179 68 permutatum.
625 1071 72 68 et
661 1071 84 68 est
709 1071 120 68 intemo
793 1071 108 68 eius.
864 1071 72 68 id
900 1071 84 68 est
948 1071 155 68 contingit
1068 1071 132 68 aliquid
1163 1071 72 68 ad
1187 1071 84 68 aliud

347 1122 88 72 de
391 1122 117 72 nouo
464 1122 175 72 relatiue
596 1122 117 72 dici
669 1122 102 72 vel
727 1122 117 72 esse
800 1122 190 72 relatiuum
947 1122 175 72 secundum
1063 1122 205 72 determinatam

351 1169 123 59 scicet
437 1169 136 59 speciem
535 1169 185 59 relationis.
683 1169 111 59 verbi
757 1169 123 59 gratia
843 1169 123 59 simile
930 1169 86 59 vel
979 1169 136 59 duplum:
1078 1169 86 59 aut
1127 1169 136 59 aliquid
1213 1169 74 59 tale

360 1205 145 62 absque
461 1205 101 62 sui
519 1205 203 62 mutatione.
678 1205 101 62 sed
736 1205 87 62 ad
779 1205 101 62 hoc
837 1205 101 62 non
895 1205 101 62 est
953 1205 188 62 necessrum
1098 1205 159 62 aliquid
1199 1205 87 62 rei-

357 1256 98 61 vel
413 1256 167 61 rationis
538 1256 153 61 acquiri
650 1256 98 61 vel
706 1256 112 61 sibi
776 1256 181 61 aduenire:
915 1256 84 61 vt
957 1256 153 61 patebit
1069 1256 98 61 in.
1125 1256 84 61 q.
1152 1256 126 61 sequen-

356 1290 94 62 ti.
409 1290 67 62 ⁋
436 1290 81 62 Ad
476 1290 81 62 4m
517 1290 148 62 neganda
624 1290 94 62 est
678 1290 121 62 minor
759 1290 81 62 si
799 1290 148 62 sumatur
906 1290 242 62 vniversaliter.
1108 1290 81 62 Ad
1135 1290 134 62 probatio

357 1345 79 54 nem
402 1345 136 54 dicendum
504 1345 90 54 quod
560 1345 90 54 ibi.
617 1345 68 54 P.
651 1345 68 54 et
685 1345 147 54 Commenta.
798 1345 90 54 sunt
854 1345 68 54 ad
888 1345 158 54 oppositum:
1013 1345 90 54 quod
1069 1345 113 54 patet:
1148 1345 90 54 quia
1194 1345 90 54 exclu-

358 1381 129 61 dendo
444 1381 72 61 a
472 1381 100 61 sua
529 1381 257 61 consideratione
744 1381 100 61 ens
801 1381 100 61 per
858 1381 172 61 accidens
987 1381 86 61 et
1030 1381 100 61 ens
1087 1381 86 61 in
1130 1381 143 61 anima.
1216 1381 57 61 di

360 1425 119 58 cunt
435 1425 90 58 se
480 1425 134 58 velle
569 1425 224 58 perscrutari
748 1425 90 58 de
793 1425 119 58 ente
868 1425 119 58 vero
943 1425 119 58 quod
1017 1425 105 58 est
1077 1425 134 58 extra
1152 1425 134 58 animam.

364 1468 82 62 Ex
405 1468 123 62 rebus
487 1468 123 62 autem
569 1468 150 62 inquit.
679 1468 82 62 P.
720 1468 164 62 secundum
843 1468 123 62 illam
925 1468 232 62 translationem
1116 1468 96 62 que
1171 1468 109 62 sunt
1225 1468 55 62 in

371 1508 94 61 rei
424 1508 161 61 veritate
545 1508 94 61 est
599 1508 121 61 illud
680 1508 108 61 quod
747 1508 188 61 significat
895 1508 94 61 aut
948 1508 108 61 quid
1016 1508 94 61 aut
1069 1508 121 61 quale
1150 1508 94 61 aut
1190 1508 81 61 quam

361 1553 95 68 aut
416 1553 108 68 quod
483 1553 176 68 copulatur
618 1553 95 68 cum
672 1553 122 68 alio.
753 1553 95 68 vbi
807 1553 122 68 dicit
888 1553 162 68 Commeta.
1010 1553 108 68 quod
1077 1553 95 68 per
1131 1553 122 68 illud
1199 1553 81 68 quod

370 1606 168 57 copulatur
499 1606 103 57 etc.
564 1606 181 57 intelligit
706 1606 129 57 cetera
797 1606 233 57 praedicamenta.
991 1606 129 57 Uolunt
1081 1606 103 57 ergo
1146 1606 103 57 quod
1197 1606 78 57 cete

371 1648 81 51 ra
411 1648 228 51 praedicamenta
599 1648 201 51 significent
760 1648 121 51 veras
840 1648 94 51 res
894 1648 121 51 extra
974 1648 148 51 animam.
1082 1648 81 51 Et
1122 1648 107 51 quia
1176 1648 107 51 aliqui

368 1696 214 49 estimauerunt
541 1696 187 49 oppositum:
688 1696 80 49 vt
729 1696 94 49 ibi
782 1696 120 49 dicit
862 1696 174 49 Commment.
996 1696 107 49 ideo
1063 1696 80 49 ad
1103 1696 120 49 eorum
1170 1696 120 49 opinio-

367 1731 96 62 nem
422 1731 219 62 excludendam:
600 1731 178 62 specialem
737 1731 82 62 de
778 1731 123 62 illis
860 1731 151 62 sepatem
970 1731 123 62 fecit
1052 1731 164 62 mentione
1175 1731 123 62 simul
1243 1731 55 62 cu

379 1764 115 69 aliis.
459 1764 115 69 dicens
539 1764 92 69 quod
596 1764 92 69 illa
654 1764 126 69 sigfict
745 1764 69 69 ex
780 1764 103 69 rebus
848 1764 92 69 quae
906 1764 92 69 sunt
963 1764 69 69 in
997 1764 80 69 rei
1043 1764 149 69 veritate.
1158 1764 57 69 ⁋
1169 1764 115 69 Praetere

367 1823 92 54 hec
420 1823 158 54 probatio
538 1823 198 54 contradicit
697 1823 158 54 arguenti
815 1823 92 54 cum
868 1823 106 54 ipse
934 1823 119 54 velit
1013 1823 106 54 quod
1079 1823 119 54 actio
1158 1823 79 54 et
1184 1823 106 54 passio

373 1864 102 53 sint
437 1864 89 53 res
488 1864 115 53 extra
565 1864 141 53 animam:
667 1864 77 53 et
705 1864 115 53 tamen
782 1864 115 53 actio
859 1864 77 53 et
897 1864 128 53 pactio
986 1864 102 53 sunt
1050 1864 77 53 de
1089 1864 115 53 illis
1165 1864 128 53 septem
1242 1864 51 53 de

368 1913 125 58 quibus.
459 1913 125 58 dicens.
550 1913 148 58 Commenta.
664 1913 91 58 quod
721 1913 148 58 estimatur
835 1913 91 58 quod
892 1913 80 58 non
938 1913 114 58 essent
1018 1913 91 58 nisi
1075 1913 103 58 anima
1143 1913 114 58 esset.
1212 1913 68 58 Dico

380 1947 101 69 ergo
443 1947 101 69 quod
506 1947 88 69 nec
557 1947 63 69 a
582 1947 176 69 philosopho
720 1947 88 69 nec
770 1947 63 69 a
795 1947 201 69 Commentatore
959 1947 176 69 estimantur
1097 1947 113 69 talia
1173 1947 88 69 non
1211 1947 75 69 esse

365 1997 108 56 nisi
432 1997 122 56 anima
513 1997 135 56 esset:
608 1997 95 56 sed
662 1997 68 56 a
689 1997 176 56 quibusdam
824 1997 122 56 aliis
905 1997 95 56 hoc
959 1997 122 56 false
1040 1997 216 56 opinantibus:
1202 1997 95 56 sicut

371 2036 77 61 et
410 2036 128 61 quidem
500 2036 116 61 false
577 2036 141 61 opinati
679 2036 103 61 sunt
744 2036 180 61 relationes
885 2036 103 61 esse
949 2036 77 61 de
988 2036 154 61 secundis
1090 2036 193 61 intentionibus

371 2079 87 60 vt
415 2079 131 60 dicit
502 2079 218 60 Commentator
677 2079 102 60 12.
735 2079 160 60 metaph.
851 2079 73 60 ⁋
880 2079 87 60 Ad
924 2079 87 60 5m
967 2079 174 60 dicendum
1098 2079 116 60 quod
1156 2079 131 60 Commnen

383 2122 118 57 tator
462 2122 92 57 non
514 2122 118 57 dicit
593 2122 118 57 illud
672 2122 105 57 quin
737 2122 92 57 sit
790 2122 131 57 aliqua
882 2122 144 57 relatio
987 2122 158 57 potentis
1105 2122 118 57 esse:
1184 2122 105 57 immo
1236 2122 53 57 et

376 2166 190 67 potentissimi
530 2166 107 67 esse.
601 2166 83 67 cum
649 2166 119 67 aliqua
732 2166 130 67 relatio
827 2166 83 67 sit
874 2166 107 67 deus.
945 2166 83 67 sed
993 2166 95 67 quia
1052 2166 95 67 esse
1111 2166 71 67 ad
1147 2166 130 67 aliquid
1230 2166 59 67 non

384 2212 85 57 est
433 2212 98 57 esse
494 2212 134 57 aliquid
591 2212 146 57 secundum
701 2212 73 57 se
738 2212 85 57 seu
786 2212 134 57 aliquam
884 2212 171 57 entitatem:
1018 2212 73 57 vt
1055 2212 73 57 in
1092 2212 159 57 sequenti.
1214 2212 73 57 q.
1238 2212 61 57 de-

383 2254 188 58 clarabitur.
534 2254 138 58 quamuis
635 2254 113 58 illud
710 2254 100 58 quod
773 2254 88 58 est
823 2254 75 58 ad
861 2254 138 58 aliquid
961 2254 88 58 sit
1011 2254 113 58 etiam
1087 2254 151 58 aliquid:
1200 2254 88 58 non
1237 2254 63 58 sic

376 2296 116 54 autem
453 2296 90 54 est
505 2296 77 54 de
543 2296 180 54 absolutis.
684 2296 90 54 Nam
736 2296 103 54 esse
800 2296 141 54 hominem
903 2296 90 54 est
954 2296 103 54 esse
1018 2296 141 54 aliquam
1121 2296 180 54 entitatem:
1250 2296 51 54 et

377 2339 172 68 similiter
509 2339 106 68 esse
576 2339 186 68 albedinem.
722 2339 80 68 et
761 2339 93 68 sic
814 2339 80 68 de
854 2339 133 68 aliis.
947 2339 80 68 et
987 2339 93 68 hec
1040 2339 119 68 soluo
1119 2339 119 68 magis
1186 2339 119 68 patebit

381 2383 74 56 ex
418 2383 86 56 his
467 2383 86 56 que
516 2383 74 56 in
553 2383 148 56 sequenti
664 2383 173 56 quaestione
800 2383 160 56 dicentur.
923 2383 62 56 ⁋
948 2383 74 56 Ad
985 2383 136 56 ratione
1083 2383 99 56 quae
1133 2383 160 56 specialiter

384 2427 144 58 arguitur
492 2427 72 58 de
528 2427 192 58 relationibus
684 2427 108 58 primi
756 2427 96 58 modi
816 2427 156 58 respondeo
935 2427 96 58 quod
995 2427 84 58 cum
1043 2427 132 58 dicitur
1139 2427 96 58 quod
1187 2427 108 58 identi-

389 2470 94 58 tas
442 2470 80 58 et
482 2470 174 58 equalitas
616 2470 80 58 et
656 2470 187 58 similitudo
804 2470 107 58 sunt
871 2470 254 58 indistinctiones
1085 2470 80 58 et
1112 2470 187 58 indiuisiones

384 2524 69 52 in
418 2524 91 52 vero
475 2524 103 52 sensu
544 2524 80 52 non
589 2524 103 52 aliud
658 2524 183 52 significatur
806 2524 91 52 quam
864 2524 69 52 si
898 2524 149 52 diceretur
1012 2524 91 52 idem
1069 2524 149 52 inquantum
1172 2524 126 52 huiusmodi

394 2556 73 57 est
435 2556 177 57 indistinctum.
581 2556 63 57 et
612 2556 104 57 simile
685 2556 136 57 inquantum
790 2556 146 57 huiusmodi:
904 2556 63 57 et
936 2556 104 57 equale
1009 2556 136 57 inquantum
1113 2556 104 57 equale
1186 2556 73 57 est
1217 2556 73 57 indi-

383 2601 154 58 stinctum
499 2601 77 58 ab
537 2601 77 58 eo
576 2601 90 58 cui
627 2601 90 58 est
679 2601 103 58 idem
743 2601 128 58 simile
833 2601 90 58 vel
884 2601 141 58 equale:
987 2601 77 58 et
1025 2601 180 58 intelligit
1167 2601 77 58 de
1192 2601 103 58 indist

391 2652 125 53 ctione
478 2652 162 53 specifica
603 2652 150 53 secundum
715 2652 162 53 entitatem
840 2652 175 53 qualitatem
977 2652 187 53 quantitatem
1127 2652 150 53 reddendo
1227 2652 75 53 sin-

380 2688 109 65 gula
448 2688 204 65 singularis.
612 2688 82 65 Et
652 2688 82 65 ad
693 2688 95 65 hoc
748 2688 231 65 significandum
938 2688 150 65 vtuntur
1047 2688 95 65 qui
1101 2688 122 65 recte
1169 2688 136 65 sentiunt

377 2734 152 58 talibus
487 2734 207 58 abstractis.
653 2734 83 58 Et
694 2734 83 58 ad
735 2734 110 58 hunc
804 2734 138 58 sensum
901 2734 165 58 loquendo
1025 2734 96 58 non
1080 2734 152 58 oportet
1176 2734 124 58 imagina

385 2780 83 54 ri
427 2780 152 54 aliquas
537 2780 193 54 negationes
689 2780 97 54 vel
744 2780 207 54 priuationes
910 2780 83 54 et
952 2780 97 54 eis
1007 2780 180 54 procurare
1145 2780 138 54 aliqua
1228 2780 69 54 fur

392 2814 162 65 damenta
510 2814 88 65 in
554 2814 147 65 quibus
657 2814 250 65 sustententur:
863 2814 103 65 sed
922 2814 162 65 ipsemet
1040 2814 103 65 res
1099 2814 206 65 singulares
1246 2814 59 65 ex

393 2859 174 59 existentes
530 2859 100 59 sunt
592 2859 174 59 indisticte
729 2859 174 59 specifice:
866 2859 112 59 licet
941 2859 187 59 numeraliter
1090 2859 100 59 sint
1153 2859 150 59 diuerse.
1252 2859 50 59 Si

400 2907 91 56 vero
456 2907 79 56 non
502 2907 68 56 in
536 2907 91 56 dato
593 2907 102 56 sensu
661 2907 182 56 intelligatur
808 2907 159 56 antecedens
933 2907 159 56 assumptum:
1058 2907 79 56 sed
1104 2907 182 56 concipiantur
1240 2907 68 56 ali-

390 2953 101 49 que
447 2953 202 49 negationes
606 2953 144 49 medie:
707 2953 87 49 et
751 2953 188 49 quaeratur
895 2953 87 49 de
938 2953 217 49 fundamentis
1112 2953 101 49 vel
1155 2953 159 49 subiectis

403 2993 158 60 ipsarum:
521 2993 105 60 nego
587 2993 118 60 totum
666 2993 132 60 illud.
758 2993 79 60 et
798 2993 105 60 alia
864 2993 105 60 quae
929 2993 171 60 sequuntur
1061 2993 118 60 eidem
1127 2993 184 60 imaginationi

403 3034 190 56 conformia.
552 3034 68 56 ⁋
580 3034 81 56 Ad
620 3034 163 56 rationem
742 3034 81 56 de
783 3034 81 56 2o
823 3034 108 56 modo
891 3034 203 56 relatiuorum
1054 3034 149 56 concedo
1162 3034 149 56 maiorem
1257 3034 54 56 in

393 3082 94 69 sua
446 3082 147 69 propria
553 3082 241 69 significatione
754 3082 174 69 acceptam:
889 3082 80 69 et
929 3082 107 69 nego
996 3082 161 69 minorem.
1116 3082 107 69 dico
1183 3082 107 69 enim
1237 3082 67 69 quo

1310 266 90 75 nec
1362 266 129 75 paiter
1452 266 90 75 nec
1503 266 180 75 paternitas
1645 266 167 75 fundantur
1774 266 116 75 super
1851 266 167 75 genuisse:
1979 266 142 75 quamuis
2082 266 129 75 nullus
2160 266 64 75 sit

1313 321 113 64 piter
1389 321 88 64 aut
1439 321 164 64 patrnitas
1565 321 88 64 que
1615 321 88 64 non
1666 321 164 64 genuerit.
1791 321 113 64 Eodem
1867 321 63 64 m
1892 321 63 64 o
1917 321 101 64 dico
1980 321 75 64 de
2018 321 176 64 filiatione
2144 321 75 64 quod

1311 365 81 63 non
1358 365 138 63 fundatur
1461 365 104 63 super
1530 365 127 63 genitum
1622 365 104 63 esse:
1691 365 81 63 sed
1737 365 104 63 omnis
1807 365 115 63 filius
1887 365 81 63 vel
1933 365 150 63 filiatiso
2048 365 92 63 quod
2106 365 81 63 pro
2140 365 81 63 eodem

1309 408 98 59 nunc
1370 408 135 59 accipio
1468 408 135 59 genitus
1567 408 98 59 est.
1628 408 61 59 ⁋
1653 408 74 59 Ad
1690 408 147 59 rationem
1800 408 74 59 de
1837 408 74 59 3o
1874 408 98 59 modo
1935 408 98 59 dico
1997 408 98 59 quod
2058 408 86 59 non
2107 408 111 59 omnis
2169 408 61 59 re-

1307 444 133 75 latio
1396 444 177 75 dependet
1529 444 89 75 in
1573 444 118 75 esse
1647 444 74 75 a
1676 444 103 75 suo
1735 444 162 75 termino
1853 444 162 75 quamuis
1971 444 148 75 aliqua
2060 444 177 75 dependeant

1323 490 79 72 vt
1362 490 184 72 relationes
1507 490 197 72 creaturarum
1665 490 79 72 ad
1705 490 105 72 deum
1770 490 79 72 et
1810 490 184 72 causatorum
1955 490 66 72 a
1981 490 105 72 suis
2047 490 132 72 causis
2139 490 66 72 a
2152 490 79 72 qui-

1322 549 96 56 bus
1377 549 109 56 ipsa
1445 549 164 56 causata:
1569 549 96 56 que
1623 549 137 56 vtique
1719 549 109 56 sunt
1788 549 109 56 ipse
1856 549 192 56 relationes
2007 549 192 56 dependent.
2157 549 68 56 ⁋
2171 549 82 56 Con-

1319 590 104 50 tra
1379 590 134 50 istud
1468 590 148 50 arguit
1571 590 119 50 iste
1646 590 148 50 doctor
1749 590 134 50 primo
1839 590 119 50 sic.
1913 590 104 50 non
1972 590 134 50 magis
2061 590 178 50 dependet
2180 590 74 50 res

1310 623 71 65 in
1346 623 153 65 intelligi
1463 623 94 65 quam
1522 623 71 65 in
1557 623 106 65 esse.
1628 623 94 65 quod
1686 623 118 65 patet.
1769 623 94 65 quia
1827 623 176 65 intellectus
1968 623 176 65 praescindit
2109 623 82 65 rem
2156 623 59 65 a
2168 623 59 65 mul

1318 671 94 61 tis
1371 671 214 61 dependentiis
1545 671 94 61 que
1599 671 120 61 ipsam
1679 671 214 61 consequuntur
1853 671 80 61 in
1893 671 120 61 esse.
1973 671 107 61 Unde
2040 671 147 61 lapidem
2134 671 107 61 potest

1308 711 177 63 concipere
1444 711 136 63 absque
1539 711 204 63 dependentia
1702 711 81 63 ad
1743 711 122 63 deum:
1825 711 149 63 quamuis
1933 711 81 63 in
1974 711 149 63 essendo
2083 711 68 63 a
2110 711 109 63 tali
2164 711 68 63 de-

1312 752 164 74 pendentia
1439 752 114 74 lapis
1515 752 139 74 absolui
1616 752 88 74 non
1666 752 139 74 possit:
1767 752 88 74 sed
1818 752 190 74 intellectus
1970 752 88 74 non
2020 752 126 74 potest
2096 752 139 74 praescin-

1324 797 106 67 dere
1390 797 185 67 relationem
1535 797 66 67 a
1562 797 159 67 termino:
1681 797 93 67 cum
1734 797 159 67 relatiua
1853 797 106 67 sint
1919 797 119 67 simul
1998 797 159 67 naturali
2104 797 132 67 intelli-

1315 850 142 60 gentia.
1419 850 103 60 ergo
1483 850 103 60 etc.
1548 850 65 60 ⁋
1574 850 78 60 2o
1612 850 116 60 nulla
1690 850 91 60 res
1742 850 129 60 potest
1832 850 103 60 esse
1897 850 103 60 sine
1962 850 78 60 eo
2000 850 103 60 quod
2065 850 91 60 est
2117 850 78 60 de
2143 850 116 60 quidita

1320 883 83 58 te
1362 883 83 58 et
1403 883 220 58 diffinitione
1582 883 152 58 ipsius:
1692 883 96 58 sed
1747 883 165 58 terminus
1871 883 96 58 est
1926 883 83 58 de
1968 883 207 58 quiditatiua
2119 883 124 58 ratione

1325 930 93 65 seu
1378 930 212 65 diffinitione
1550 930 198 65 relationis.
1708 930 106 65 ergo
1774 930 119 65 nulla
1854 930 145 65 relatio
1959 930 132 65 potest
2052 930 106 65 esse
2118 930 79 65 in
2144 930 93 65 rerum

1322 968 144 71 naturam
1427 968 105 71 quin
1493 968 118 71 etiam
1571 968 118 71 simul
1650 968 144 71 existat
1755 968 158 71 terminus
1873 968 118 71 eius.
1952 968 66 71 ⁋
1978 968 79 71 Ad
2018 968 131 71 primum
2097 968 131 71 dicendu-

1321 1017 104 63 quod
1386 1017 117 63 minor
1464 1017 143 63 accepta
1568 1017 78 63 in
1607 1017 104 63 isto
1672 1017 130 63 sensu:
1763 1017 104 63 quod
1827 1017 195 63 intellectus
1983 1017 91 63 non
2035 1017 130 63 potest
2113 1017 130 63 intelli-

1315 1059 104 63 gere
1380 1059 195 63 relactionem
1536 1059 91 63 non
1588 1059 182 63 intellecto
1731 1059 156 63 termino:
1848 1059 117 63 sicut
1926 1059 130 63 accipi
2017 1059 143 63 oportet
2121 1059 78 63 ad
2147 1059 91 63 propo

1330 1114 113 54 situm:
1409 1114 90 54 ipsa
1465 1114 113 54 vtique
1544 1114 79 54 est
1589 1114 113 54 falsa.
1667 1114 68 54 et
1701 1114 146 54 similiter
1814 1114 158 54 propositio
1937 1114 79 54 que
1982 1114 124 54 assumit
2072 1114 68 54 ad
2106 1114 90 54 eius
2151 1114 90 54 proba-

1330 1143 122 64 tionem:
1419 1143 66 64 et
1452 1143 100 64 licet
1518 1143 144 64 aliquando
1629 1143 144 64 allegetur
1740 1143 122 64 tanquam
1828 1143 100 64 dicta
1895 1143 55 64 a
1917 1143 155 64 philosopho
2039 1143 66 64 in
2061 1143 188 64 praedicamentis:

1334 1189 104 67 ipsam
1404 1189 104 67 tamen
1473 1189 81 67 non
1519 1189 104 67 ponit
1588 1189 184 67 philosophus:
1738 1189 81 67 nec
1784 1189 127 67 aliquam
1876 1189 92 67 sibi
1934 1189 196 67 equivalentem:
2095 1189 81 67 sed
2141 1189 92 67 bene
2187 1189 58 67 di-

1334 1237 83 63 cit
1382 1237 95 63 quod
1441 1237 142 63 videntur
1548 1237 119 63 quadam
1631 1237 142 63 relatiua
1738 1237 95 63 esse
1797 1237 107 63 simul
1868 1237 95 63 nam:
1928 1237 71 63 et
1963 1237 119 63 postea
2046 1237 142 63 dicitur:
2141 1237 107 63 quaedam

1334 1276 116 58 etiam
1412 1276 91 58 non
1463 1276 103 58 esse
1528 1276 116 58 simul
1606 1276 91 58 nam
1657 1276 103 58 quod
1722 1276 116 58 autem
1800 1276 155 58 naturali
1916 1276 220 58 intelligentia
2097 1276 103 58 sint
2149 1276 103 58 simul:

1327 1318 88 67 non
1378 1318 125 67 dicit.
1465 1318 75 67 Et
1503 1318 75 67 si
1540 1318 113 67 illud
1615 1318 125 67 verbum
1703 1318 88 67 sic
1753 1318 188 67 exponeretur
1903 1318 75 67 na
1940 1318 75 67 id
1978 1318 88 67 est
2028 1318 150 67 naturali
2128 1318 125 67 intelli-

1324 1361 127 71 gentia
1413 1361 152 71 exportio
1527 1361 114 71 esset
1603 1361 76 71 ad
1641 1361 152 71 placitum
1755 1361 178 71 exponentis
1895 1361 76 71 et
1933 1361 89 71 non
1984 1361 76 71 ad
2022 1361 127 71 mentem
2098 1361 152 71 philosophi

1339 1411 68 56 vt
1373 1411 80 56 ibi
1418 1411 114 56 patet.
1498 1411 68 56 et
1533 1411 103 56 tamen
1601 1411 80 56 hoc
1647 1411 103 56 esset
1715 1411 114 56 contra
1795 1411 160 56 arguentem.
1921 1411 91 56 cum.
1978 1411 68 56 P.
2012 1411 103 56 dicat
2080 1411 80 56 non
2126 1411 103 56 omnia
2183 1411 57 56 re-

1331 1446 115 65 latiua
1412 1446 92 65 esse
1470 1446 104 65 simul
1539 1446 92 65 nam:
1596 1446 69 65 et
1631 1446 81 65 per
1677 1446 161 65 consequens
1803 1446 81 65 nec
1849 1446 138 65 naturali
1953 1446 196 65 intelligentia
2114 1446 138 65 secundum
2206 1446 46 65 il

1335 1494 99 67 lum
1391 1494 127 67 modum
1476 1494 198 67 exponendi.
1632 1494 113 67 Dico
1703 1494 113 67 ergo
1773 1494 113 67 quod
1844 1494 113 67 vnum
1915 1494 184 67 relatiuum
2056 1494 85 67 et
2099 1494 99 67 vna
2141 1494 99 67 rela-

1327 1533 132 69 potest
1419 1533 172 69 intelligi
1551 1533 93 69 tam
1604 1533 79 69 de
1644 1533 225 69 intellectione
1829 1533 172 69 simplici:
1961 1533 106 69 quam
2027 1533 119 69 etiam
2107 1533 132 69 aliqua
2186 1533 66 69 com

1343 1578 132 61 plexa:
1435 1578 92 61 non
1488 1578 185 61 intellecto
1633 1578 211 61 correlatiuo:
1805 1578 92 61 sed
1857 1578 92 61 non
1910 1578 132 61 potest
2002 1578 171 61 intelligi
2134 1578 106 61 esse
2187 1578 66 61 re-

1344 1628 144 61 latiuum
1448 1628 157 61 secundum
1566 1628 144 61 aliquam
1670 1628 144 61 speciem
1775 1628 196 61 relatiuorum
1932 1628 170 61 distincte
2062 1628 78 61 et
2088 1628 170 61 determinate

1327 1676 94 57 non
1380 1676 189 57 intellecto
1529 1676 216 57 correlatiuo.
1704 1676 121 57 verbi
1785 1676 135 57 gratia
1879 1676 135 57 simile
1973 1676 135 57 vtique
2068 1676 135 57 potest
2149 1676 94 57 cogno

1337 1711 90 60 sci
1389 1711 90 60 non
1440 1711 142 60 cognito
1544 1711 77 60 eo
1582 1711 90 60 cui
1634 1711 90 60 est
1685 1711 142 60 simile.
1789 1711 90 60 sed
1840 1711 129 60 simile
1931 1711 90 60 non
1982 1711 129 60 potest
2072 1711 155 60 cognosci
2176 1711 77 60 esse

1338 1759 121 64 simile
1423 1759 97 64 nisi
1483 1759 182 64 cognoscatur
1629 1759 85 64 cui
1677 1759 85 64 est
1726 1759 133 64 simile:
1823 1759 73 64 et
1859 1759 85 64 hec
1908 1759 85 64 est
1956 1759 145 64 intentio
2065 1759 182 64 philosophi.
2198 1759 61 64 cum

1341 1812 113 54 ait:
1411 1812 113 54 quod
1482 1812 99 54 qui
1538 1812 183 54 diffinite
1680 1812 183 54 cognoscit
1821 1812 113 54 vnum
1891 1812 212 54 relatiuorum
2060 1812 183 54 diffinite
2187 1812 71 54 co-

1339 1844 142 69 gnoscit
1442 1844 167 69 reliquum:
1571 1844 116 69 sicut
1648 1844 129 69 patet.
1738 1844 90 69 ait
1790 1844 103 69 enim
1854 1844 116 69 palam
1931 1844 129 69 itaque
2021 1844 77 69 ex
2060 1844 90 69 hoc
2111 1844 103 69 est.
2176 1844 77 69 Si
2202 1844 51 69 ni

1339 1889 121 61 nouit
1419 1889 94 61 hoc
1473 1889 135 61 quidem
1567 1889 161 61 aliquid:
1688 1889 108 61 quia
1756 1889 81 61 ad
1796 1889 148 61 aliquid
1904 1889 94 61 est
1958 1889 81 61 et
1998 1889 121 61 illud
2079 1889 121 61 nouit
2159 1889 81 61 ad
2186 1889 81 61 quod

1342 1940 162 59 quodammo
1463 1940 81 59 se
1503 1940 135 59 habet.
1598 1940 81 59 et
1638 1940 108 59 post
1706 1940 229 59 exemplificat.
1895 1940 135 59 dicens
1989 1940 81 59 vt
2030 1940 108 59 hic.
2097 1940 135 59 Siquis
2178 1940 81 59 noue

1341 1973 98 62 rit
1397 1973 195 62 diffinite:
1550 1973 112 62 quia
1620 1973 98 62 est
1676 1973 153 62 duplum:
1788 1973 84 62 et
1829 1973 126 62 cuius
1913 1973 98 62 est
1969 1973 140 62 duplum
2067 1973 98 62 mox
2109 1973 153 62 diffinite

1345 2012 150 69 nouerit
1454 2012 109 69 etc.
1522 2012 82 69 et
1563 2012 95 69 sic
1617 2012 82 69 de
1658 2012 163 69 singulis
1781 2012 218 69 exemplificat
1957 2012 136 69 semper
2052 2012 150 69 dicendo
2161 2012 109 69 quod
2216 2012 54 69 si

1345 2066 106 59 quis
1411 2066 145 59 nouerit
1516 2066 106 59 hoc.
1582 2066 119 59 verbi
1661 2066 145 59 gratia.
1767 2066 145 59 lapidem
1872 2066 106 59 hunc
1938 2066 92 59 vel
1991 2066 145 59 lignum:
2097 2066 106 59 quia
2162 2066 92 59 est
2202 2066 66 59 du-

1349 2104 111 67 plum
1418 2104 111 67 etc.
1487 2104 152 67 quamuis
1598 2104 97 67 nec
1653 2104 124 67 istud
1736 2104 97 67 sit
1791 2104 124 67 verum
1874 2104 83 67 in
1916 2104 166 67 omnibus.
2040 2104 97 67 Nam
2095 2104 111 67 quis
2150 2104 111 67 posset

1347 2149 176 61 cognoscere
1486 2149 101 61 quod
1549 2149 101 61 iste
1612 2149 113 61 calor
1687 2149 88 61 qui
1738 2149 101 61 nunc
1800 2149 88 61 est
1851 2149 76 61 et
1889 2149 113 61 prius
1964 2149 88 61 non
2014 2149 101 61 erat
2077 2149 88 61 est
2128 2149 164 61 causatus:

1352 2192 80 60 et
1392 2192 120 60 tamen
1472 2192 160 60 ignorare
1592 2192 67 60 a
1619 2192 93 60 qua
1672 2192 120 60 causa
1752 2192 93 60 est
1806 2192 174 60 causatus:
1939 2192 80 60 et
1979 2192 93 60 sic
2033 2192 80 60 de
2073 2192 134 60 multis
2153 2192 120 60 effecti

1351 2235 96 63 bus
1406 2235 151 63 aliorum
1516 2235 137 63 quorum
1612 2235 137 63 causas
1709 2235 192 63 ignoramus:
1860 2235 82 63 et
1901 2235 124 63 tamen
1984 2235 137 63 scimus
2080 2235 110 63 quod
2149 2235 110 63 sunt
2204 2235 82 63 effe

1344 2285 136 56 ctus.
1435 2285 76 56 ⁋
1465 2285 91 56 Ad
1511 2285 91 56 2m
1556 2285 212 56 accipiendo
1723 2285 212 56 quiditatem
1889 2285 106 56 pro
1950 2285 167 56 ratione
2071 2285 167 56 dicente
2177 2285 91 56 quid

1350 2327 99 62 est
1407 2327 114 62 siue
1478 2327 99 62 pro
1534 2327 227 62 diffinitione
1719 2327 128 62 sicut
1804 2327 114 62 ipsi
1875 2327 170 62 videntur
2003 2327 213 62 intelligere
2174 2327 85 62 in
2202 2327 71 62 sua

1354 2369 142 61 minore.
1457 2369 116 61 primo
1535 2369 103 61 dico
1599 2369 103 61 quod
1664 2369 116 61 maior
1742 2369 90 61 non
1793 2369 90 61 est
1845 2369 103 61 vera
1909 2369 103 61 nisi
1974 2369 77 61 de
2013 2369 207 61 diffinitione
2168 2369 103 61 dicen-

1345 2422 77 52 te
1384 2422 103 52 quid
1448 2422 90 52 est
1499 2422 103 52 res:
1563 2422 103 52 siue
1628 2422 90 52 qua
1679 2422 193 52 respondetur
1833 2422 77 52 ad
1871 2422 193 52 quaestionem
2025 2422 128 52 factam
2115 2422 77 52 de
2154 2422 77 52 re
2192 2422 90 52 per
2231 2422 51 52 no

1350 2452 101 64 men
1407 2452 274 64 demonstratiuum:
1638 2452 159 64 dicendo
1754 2452 116 64 quid
1826 2452 101 64 est
1884 2452 116 64 hoc:
1956 2452 87 64 et
2000 2452 87 64 in
2043 2452 101 64 qua
2101 2452 101 64 non
2144 2452 130 64 ponitur

1347 2498 155 61 aliquis
1460 2498 169 61 terminus
1586 2498 183 61 importans
1727 2498 155 61 aliquid
1840 2498 211 61 extrinsecum
2009 2498 113 61 ipsi
2079 2498 113 61 rei.
2149 2498 84 61 Et
2177 2498 99 61 istud

1345 2541 119 74 patet:
1429 2541 131 74 quoniam
1524 2541 72 74 si
1560 2541 179 74 diffiniatur
1703 2541 155 74 ignitiuum
1822 2541 191 74 diffinitione
1978 2541 131 74 dicente
2073 2541 95 74 quid
2133 2541 131 74 nomins.
2216 2541 60 74 Di-

1354 2585 96 64 cet
1409 2585 110 64 quod
1478 2585 96 64 est
1533 2585 151 64 aliquid
1643 2585 137 64 potens
1739 2585 124 64 ignem
1821 2585 192 64 producere.
1972 2585 82 64 Et
2013 2585 151 64 constat
2123 2585 110 64 quod
2178 2585 96 64 igni-

1355 2628 117 62 tiuum
1433 2628 91 62 est
1485 2628 78 62 et
1524 2628 130 62 nullus
1616 2628 117 62 ignis
1694 2628 117 62 adhuc
1772 2628 104 62 est:
1837 2628 117 62 cuius
1915 2628 91 62 est
1967 2628 208 62 productiuus:
2137 2628 78 62 et
2176 2628 91 62 sic
2215 2628 52 62 de

1356 2672 140 65 multis
1454 2672 140 65 posset
1552 2672 168 65 exemplum
1678 2672 126 65 poni.
1762 2672 140 65 Rursum
1860 2672 84 65 si
1902 2672 84 65 in
1944 2672 224 65 diffinitione
2126 2672 140 65 aliqua
2210 2672 70 65 po-

1367 2717 116 59 natur
1444 2717 193 59 extrinsecum
1598 2717 103 59 idem
1663 2717 128 59 patet.
1752 2717 90 59 cum
1804 2717 116 59 nihil
1881 2717 167 59 prohibeat
2009 2717 103 59 sine
2074 2717 77 59 eo
2112 2717 103 59 quod
2176 2717 90 59 non
2215 2717 64 59 est

1360 2760 188 56 intrinsecum
1511 2760 100 56 sibi
1573 2760 88 56 rem
1624 2760 113 56 esse.
1699 2760 138 56 quamuis
1799 2760 88 56 non
1849 2760 100 56 sine
1912 2760 163 56 quolibet:
2037 2760 100 56 quia
2100 2760 88 56 non
2150 2760 100 56 sine
2200 2760 75 56 deo.

1358 2801 84 65 ipse
1411 2801 95 65 autem
1474 2801 74 65 non
1517 2801 116 65 ponitur
1601 2801 63 65 in
1633 2801 137 65 huiusmodi
1738 2801 200 65 difinitionibus.
1907 2801 74 65 sic
1949 2801 84 65 ergo
2002 2801 95 65 patet
2065 2801 84 65 quod
2118 2801 84 65 illa
2171 2801 95 65 maior
2223 2801 53 65 non

1365 2844 90 64 est
1417 2844 103 64 vera
1481 2844 103 64 nisi
1545 2844 77 64 in
1584 2844 116 64 sensu
1661 2844 116 64 dato:
1738 2844 90 64 sed
1790 2844 77 64 in
1828 2844 116 64 eodem
1906 2844 116 64 sensu
1983 2844 116 64 minor
2060 2844 90 64 est
2112 2844 129 64 falsa.
2189 2844 77 64 quod

1370 2889 77 55 de
1409 2889 128 55 aliquo
1498 2889 153 55 relatiuo
1613 2889 77 55 si
1651 2889 204 55 interrogetur
1817 2889 140 55 dicendo
1919 2889 102 55 quid
1983 2889 89 55 est
2034 2889 89 55 hoc
2085 2889 192 55 demonstrata
2226 2889 51 55 re

1363 2930 96 63 ipsa
1423 2930 156 63 relatiua.
1543 2930 84 63 non
1591 2930 180 63 respondetur
1735 2930 168 63 diffinitio
1868 2930 72 63 in
1904 2930 84 63 qua
1952 2930 156 63 potesitur
2072 2930 144 63 terminus
2180 2930 72 63 ad
2204 2930 72 63 quem

1369 2980 164 56 dicitur.
1492 2980 109 56 Unde
1561 2980 137 56 siquis
1657 2980 137 56 quarat
1752 2980 109 56 quid
1821 2980 96 56 est
1876 2980 96 56 hoc
1930 2980 205 56 demonstrato
2094 2980 137 56 aliquo
2177 2980 109 56 homine

1368 3020 120 57 patre:
1452 3020 84 57 non
1500 3020 155 57 respondet
1619 3020 120 57 aliqua
1703 3020 167 57 diffinitio
1834 3020 72 57 in
1870 3020 84 57 qua
1918 3020 132 57 ponitur
2014 3020 132 57 filius:
2110 3020 132 57 quamuis
2205 3020 72 57 si
2229 3020 48 57 de

1363 3062 106 74 ipso
1429 3062 133 74 nomine
1522 3062 159 74 relatiuo
1641 3062 225 74 significatiue
1827 3062 133 74 stante
1920 3062 186 74 quaeratur.
2066 3062 146 74 dicendo
2172 3062 106 74 quid
2225 3062 66 74 est
