2437 3549
342 300 166 71 sumendo
463 300 136 71 totum
553 300 151 71 istud.
659 300 106 71 est
719 300 151 71 aliqua
825 300 181 71 entitas:
960 300 106 71 aut
1021 300 121 71 illa
1096 300 106 71 est
1141 300 121 71 deitas

344 351 103 67 aut
403 351 191 67 creatura:
550 351 103 67 aut
609 351 147 67 deitas
712 351 88 67 et
756 351 191 67 creatura:
903 351 103 67 aut
962 351 147 67 aliqua
1065 351 162 67 entitas
1168 351 88 67 quae

342 392 108 69 nec
403 392 108 69 est
465 392 154 69 deitas
573 392 108 69 nec
634 392 200 69 creatura:
788 392 108 69 nec
850 392 169 69 vtraque
973 392 154 69 simul.
1081 392 169 69 Ultimum
1189 392 77 69 di-

353 439 81 60 ci
394 439 95 60 non
448 439 135 60 potest
543 439 135 60 vtpote
638 439 189 60 hereticum:
786 439 122 60 iuxta
868 439 122 60 illud
949 439 108 60 quod
1016 439 81 60 in
1057 439 149 60 symbolo
1152 439 108 60 profi-

351 483 136 59 temur:
447 483 164 59 factorem
570 483 191 59 visibilium
720 483 136 59 omnium
815 483 82 59 et
856 483 232 59 inuisibilium.
1047 483 109 59 omne
1115 483 109 59 ergo
1170 483 95 59 visi-

354 527 112 59 bile
424 527 84 59 et
466 527 195 59 inuisibile
619 527 112 59 quod
689 527 98 59 non
744 527 98 59 est
800 527 112 59 deus
870 527 98 59 est
926 527 139 59 factum
1023 527 70 59 a
1051 527 112 59 deo.
1121 527 98 59 Nec
1162 527 112 59 primum

355 571 131 61 potest
446 571 118 61 dici:
525 571 157 61 constat:
642 571 104 61 quia
708 571 91 61 cum
760 571 144 61 deitas:
864 571 78 61 et
903 571 104 61 omne
969 571 104 61 quod
1034 571 91 61 est
1086 571 131 61 deitas
1165 571 104 61 semper

354 612 119 62 fuerit.
441 612 87 62 ergo
495 612 108 62 sortes
571 612 108 62 genuit
647 612 119 62 platone
733 612 108 62 semper
809 612 98 62 fuit.
874 612 65 62 et
907 612 76 62 per
950 612 152 62 consequens
1069 612 130 62 antequam
1167 612 98 62 sort.
1221 612 54 62 vel

361 653 102 68 plao
425 653 140 68 fuerit:
526 653 76 68 et
564 653 76 68 si
602 653 102 68 sic:
666 653 102 68 tunc
729 653 102 68 ista
793 653 140 68 fuisset
894 653 102 68 vera
958 653 76 68 si
996 653 140 68 fuisset
1097 653 127 68 sortes
1173 653 102 68 genuit

356 702 162 67 platonem.
480 702 87 67 Nec
530 702 75 67 2m
567 702 87 67 vel
617 702 75 67 3m
655 702 125 67 potest
742 702 112 67 dici:
817 702 100 67 quia
879 702 125 67 posito
966 702 100 67 quod
1028 702 150 67 postquam
1140 702 125 67 sortes
1215 702 50 67 go

344 745 121 62 nuit
419 745 181 62 platonem
555 745 166 62 vterque
676 745 91 62 et
721 745 136 62 omnis
812 745 181 62 creatura
947 745 106 62 que
1008 745 121 62 nunc
1083 745 106 62 est
1128 745 136 62 desinat

351 787 130 62 esse:
437 787 130 62 adhuc
524 787 87 62 si
567 787 202 62 formaretur
727 787 116 62 ista
799 787 217 62 propositio:
972 787 145 62 sortes
1074 787 145 62 genuit
1160 787 116 62 plato-

361 829 91 61 nem
413 829 116 61 esset
490 829 116 61 vera.
568 829 65 61 â‹
594 829 168 61 Praeterea
723 829 91 61 cum
775 829 116 61 multe
853 829 220 61 propositiones
1034 829 104 61 sint
1099 829 104 61 vere
1151 829 129 61 necesse:

349 876 141 58 sicut
443 876 141 58 multe
537 876 234 58 ypothetice.
724 876 94 58 ac
771 876 141 58 etiam
865 876 234 58 cathegorice
1052 876 187 58 negatiue
1177 876 94 58 for-

354 925 121 51 mate
429 925 91 51 de
475 925 211 51 creaturis:
641 925 91 51 si
686 925 106 51 sua
746 925 226 51 significata
927 925 166 51 totalia
1048 925 151 51 essent
1138 925 136 51 entita-

355 962 104 65 tes
415 962 149 65 alique
519 962 209 65 sequeretur
683 962 119 65 quod
758 962 149 65 essent
862 962 134 65 multe
952 962 194 65 entitates
1101 962 119 65 alie
1176 962 75 65 a
1190 962 75 65 deo

364 998 93 76 que
417 998 133 76 essent
510 998 146 76 necesse
616 998 120 76 esse:
696 998 106 76 quod
763 998 93 76 est
816 998 146 76 falsum.
922 998 120 76 Demum
1002 998 106 76 quod
1069 998 120 76 solum
1135 998 133 76 suffice-

366 1050 64 60 re
398 1050 107 60 debet:
473 1050 128 60 cuilibet
569 1050 117 60 apparet
654 1050 85 60 quod
708 1050 85 60 illa
761 1050 149 60 propositio
879 1050 75 60 qua
921 1050 117 60 dicitur
1007 1050 107 60 aliqua
1081 1050 117 60 entitas
1167 1050 75 60 est
1199 1050 85 60 sortis

363 1089 139 69 genuit
460 1089 167 69 platonem
585 1089 97 69 est
641 1089 153 69 penitus
752 1089 278 69 inintelligibilis
988 1089 83 69 si
1030 1089 97 69 hoc
1086 1089 125 69 totum
1155 1089 125 69 praedi-

358 1138 131 55 catum.
450 1138 131 55 sortes
541 1138 131 55 genuit
633 1138 157 55 platonem
751 1138 170 55 suppionat
881 1138 209 55 personaliter
1052 1138 79 55 et
1078 1138 196 55 significatiue

372 1176 98 67 sicut
438 1176 120 67 oportet
525 1176 65 67 in
558 1176 153 67 proposito.
678 1176 65 67 Ex
710 1176 76 67 hac
754 1176 164 67 conclusione
885 1176 98 67 patet
951 1176 87 67 quod
1005 1176 109 67 sortes
1082 1176 131 67 genuisse
1169 1176 109 67 platonem

357 1224 99 59 vel
414 1224 142 59 fuisse
513 1224 184 59 genitorem
654 1224 184 59 platonis:
796 1224 99 59 aut
853 1224 128 59 etiam
938 1224 142 59 sortem
1037 1224 113 59 esse
1108 1224 142 59 patrem
1193 1224 85 59 pla-

365 1264 123 62 tonis:
451 1264 86 62 non
500 1264 86 62 est
550 1264 123 62 aliqua
636 1264 148 62 entitas:
747 1264 99 62 nisi
809 1264 160 62 huiusmodi
932 1264 111 62 dicta
1006 1264 173 62 sumerentur
1130 1264 148 62 materiali-

367 1304 87 63 ter
416 1304 87 63 vel
466 1304 198 63 simpliciter:
626 1304 74 63 et
664 1304 111 63 eodem
738 1304 111 63 modo.
812 1304 87 63 nec
861 1304 124 63 sortem
948 1304 99 63 esse
1010 1304 136 63 animal:
1109 1304 87 63 nec
1158 1304 99 63 deum
1208 1304 74 63 esse

366 1349 132 62 deum:
454 1349 103 62 nec
513 1349 161 62 aliquid
630 1349 176 62 eiusmodi
762 1349 249 62 significabile
967 1349 191 62 complexem
1114 1349 161 62 tantum:
1217 1349 73 62 est

370 1391 141 67 entitas
473 1391 141 67 aliqua:
575 1391 77 67 vt
614 1391 90 67 per
665 1391 167 67 praedicta
793 1391 167 67 probatur.
921 1391 64 67 â‹
947 1391 128 67 Contra
1037 1391 115 67 istam
1101 1391 179 67 conclusionem

372 1436 127 66 potest
461 1436 127 66 argui.
551 1436 115 66 primo
627 1436 102 66 sic.
691 1436 102 66 omne
755 1436 115 66 verum
831 1436 89 66 est
882 1436 127 66 aliqua
971 1436 153 66 entitas.
1086 1436 127 66 sortem
1163 1436 127 66 genuisse

379 1482 161 58 platonem
499 1482 94 58 est
553 1482 134 58 verum.
647 1482 147 58 ponatur
754 1482 94 58 sic
807 1482 121 58 esse.
888 1482 107 58 ergo
955 1482 134 58 sortem
1049 1482 161 58 genuisse
1156 1482 134 58 platonem

370 1524 92 63 est
423 1524 132 63 aliqua
515 1524 158 63 entitas.
634 1524 66 63 â‹
660 1524 79 63 2o
700 1524 106 63 Aug.
766 1524 79 63 de
806 1524 106 63 fide
872 1524 79 63 ad
911 1524 132 63 petrus
1004 1524 119 63 dicit
1083 1524 106 63 quod
1149 1524 119 63 aliud
1215 1524 66 63 est

376 1571 162 57 genuisse
497 1571 108 57 quam
564 1571 121 57 natum
645 1571 121 57 esse:
726 1571 162 57 aliudque
847 1571 175 57 procedere
982 1571 108 57 quam
1050 1571 175 57 genuisse:
1185 1571 81 57 et
1212 1571 67 57 con

365 1611 97 58 stat
425 1611 97 58 quod
486 1611 97 58 isti
546 1611 145 58 infiniti
655 1611 145 58 sumuntur
764 1611 181 58 verbaliter:
909 1611 73 58 et
945 1611 85 58 per
994 1611 169 58 consequens
1127 1611 157 58 complexe:
1236 1611 48 58 ac

372 1653 77 64 si
411 1653 180 64 diceretur:
552 1653 116 64 aliud
629 1653 90 64 est
680 1653 141 64 aliquem
783 1653 154 64 genuisse
899 1653 103 64 quam
963 1653 116 64 natum
1040 1653 103 64 esse
1104 1653 103 64 etc.
1168 1653 90 64 sed
1207 1653 77 64 omne

376 1698 102 67 quod
440 1698 89 67 est
491 1698 115 67 aliud
567 1698 76 67 ab
605 1698 102 67 alio
669 1698 89 67 est
720 1698 127 67 aliqua
809 1698 140 67 entitas
911 1698 153 67 secundum
1025 1698 89 67 se.
1076 1698 89 67 nam
1127 1698 115 67 purum
1191 1698 89 67 nihi-

378 1741 98 63 non
434 1741 98 63 est
490 1741 126 63 aliud
574 1741 84 63 ab
616 1741 126 63 ente:
699 1741 98 63 nec
755 1741 126 63 etiam
839 1741 70 63 a
867 1741 98 63 non
923 1741 126 63 ente.
1007 1741 70 63 â‹
1035 1741 84 63 Ad
1076 1741 140 63 primum
1160 1741 126 63 neganda

372 1787 98 56 est
428 1787 126 56 maior
512 1787 168 56 capiendo
638 1787 126 56 verum
722 1787 98 56 pro
778 1787 210 56 enunciabili
945 1787 98 56 per
1001 1787 238 56 propositionem
1183 1787 112 56 veram:

370 1830 113 59 sicut
446 1830 163 59 accipitur
571 1830 75 59 in
608 1830 175 59 proposito.
746 1830 75 59 Si
783 1830 100 59 vero
846 1830 175 59 accipiatur
984 1830 113 59 verum
1059 1830 150 59 secundum
1171 1830 100 59 quod
1221 1830 63 59 con

378 1872 144 66 sueuit
479 1872 115 66 dici
551 1872 115 66 quod
623 1872 159 66 veritas
738 1872 101 66 est
796 1872 101 66 rei
853 1872 173 66 entitas:
983 1872 87 66 vt
1026 1872 101 66 cum
1084 1872 159 66 dicimus
1185 1872 101 66 etiam

378 1918 96 56 hoc
433 1918 96 56 est
488 1918 124 56 verum
571 1918 124 56 aurum
654 1918 96 56 vel
709 1918 124 56 verum
791 1918 179 56 argentum.
929 1918 96 56 sic
984 1918 124 56 maior
1067 1918 138 56 potest
1149 1918 138 56 concedi-

372 1957 100 62 sed
429 1957 129 62 minor
515 1957 100 62 est
572 1957 172 62 neganda.
701 1957 72 62 â‹
730 1957 86 62 Ad
773 1957 86 62 2m
816 1957 129 62 sicut
901 1957 115 62 fuit
973 1957 143 62 tactum
1073 1957 86 62 in
1116 1957 143 62 prima.
1202 1957 86 62 quod

382 2005 114 58 plogi.
461 2005 79 58 hec
507 2005 114 58 nomina
586 2005 79 58 ens
631 2005 91 58 res.
688 2005 68 58 et
722 2005 148 58 similiter
836 2005 125 58 aliquid
927 2005 148 58 aliquando
1040 2005 170 58 accipiuntur
1165 2005 125 58 communis-

371 2045 108 64 sime
438 2045 81 64 vt
478 2045 175 64 quodlibet
613 2045 229 64 significabile
802 2045 162 64 complexe
923 2045 94 64 vel
977 2045 189 64 incomplexe
1125 2045 148 64 dicitur
1220 2045 67 64 res

379 2088 85 66 vel
427 2088 145 66 aliquid:
536 2088 73 66 et
573 2088 85 66 sic
621 2088 109 66 etiam
694 2088 97 66 quod
754 2088 85 66 non
803 2088 85 66 est
851 2088 121 66 aliqua
936 2088 133 66 entitas
1033 2088 157 66 aliquando
1154 2088 133 66 dicitur
1238 2088 61 66 res

380 2132 76 69 et
418 2132 152 69 aliquid.
532 2132 101 69 Unde
596 2132 76 69 2o
634 2132 76 69 de
672 2132 190 69 generatione
824 2132 76 69 in
861 2132 76 69 io
899 2132 152 69 capitulo
1013 2132 101 69 quia
1077 2132 101 69 vero
1140 2132 101 69 sunt
1191 2132 101 69 quedam

377 2177 205 65 generabilia
542 2177 96 65 vbi
596 2177 137 65 nostra
692 2177 192 65 translatio
843 2177 137 65 habet:
939 2177 96 65 hec
994 2177 137 65 quedam
1090 2177 110 65 enim
1158 2177 82 65 ex
1185 2177 110 65 neces-

369 2220 137 59 sitate
465 2220 109 59 sunt
534 2220 82 59 vt
575 2220 151 59 eterna.
684 2220 109 59 Alia
753 2220 192 59 translatio
903 2220 137 59 habet:
999 2220 137 59 quedam
1095 2220 96 59 res
1136 2220 164 59 existentes

376 2263 100 61 sunt
439 2263 188 61 necessario:
589 2263 75 61 et
627 2263 125 61 quedam
714 2263 88 61 non
764 2263 175 61 existentes
902 2263 188 61 necessario.
1052 2263 75 61 et
1090 2263 75 61 de
1127 2263 113 61 istis
1190 2263 100 61 statim

380 2307 158 61 subditur.
501 2307 85 61 has
550 2307 97 61 vero
610 2307 182 61 impossibile
756 2307 85 61 est
804 2307 97 61 esse
865 2307 182 61 existentes.
1010 2307 73 61 et
1047 2307 218 61 Commentatoris.
1216 2307 73 61 ibi-

378 2351 111 63 dem
441 2351 111 63 res
505 2351 158 63 inquit
615 2351 237 63 inueniuntur
805 2351 158 63 tribus
916 2351 158 63 modis.
1026 2351 158 63 Quedam
1137 2351 126 63 enim
1200 2351 95 63 sunt

381 2395 143 60 semper:
485 2395 78 60 et
524 2395 130 60 quedam
615 2395 156 60 numquam:
731 2395 78 60 et
770 2395 130 60 quedam
861 2395 78 60 in
900 2395 130 60 aliquo
991 2395 143 60 tempore
1094 2395 104 60 sunt
1159 2395 78 60 et
1198 2395 78 60 in
1224 2395 78 60 ali-

398 2439 96 67 quo
453 2439 110 67 non.
522 2439 137 67 Simile
617 2439 110 67 enim
686 2439 123 67 dicit
768 2439 123 67 primo
850 2439 123 67 celi.
932 2439 151 67 Constat
1042 2439 123 67 autem
1124 2439 110 67 quod
1192 2439 96 67 res
1234 2439 68 67 non

393 2479 175 67 existentes
531 2479 75 67 et
569 2479 200 67 impossibiles
732 2479 100 67 esse
794 2479 88 67 non
844 2479 100 67 sunt
907 2479 125 67 aliqua
995 2479 175 67 entitates.
1133 2479 163 67 Similiter
1245 2479 63 67 est

400 2524 84 60 de
442 2524 98 60 hoc
498 2524 140 60 nomine
596 2524 168 60 aliquid.
723 2524 98 60 Nam
779 2524 84 60 5o
821 2524 140 60 physi.
919 2524 154 60 dicitur
1031 2524 112 60 quod
1102 2524 126 60 omnis
1172 2524 126 60 mutatio

384 2571 98 58 est
440 2571 84 58 ex
482 2571 140 58 quodam
580 2571 84 58 in
623 2571 168 58 quoddam.
749 2571 84 58 Et
791 2571 196 58 translatio
945 2571 168 58 commenti
1072 2571 126 58 habet
1156 2571 84 58 de
1184 2571 112 58 aliquo

392 2612 88 57 in
436 2612 175 57 aliquid.
568 2612 88 57 et
612 2612 132 57 Greg.
699 2612 88 57 2o
743 2612 132 57 mora.
831 2612 146 57 mutari
933 2612 146 57 inquit
1036 2612 88 57 ex
1080 2612 117 57 alio
1153 2612 88 57 in
1197 2612 132 57 aliud

399 2655 77 63 re
438 2655 102 63 est.
502 2655 77 63 et
540 2655 115 63 tamen
617 2655 77 63 5o
655 2655 128 63 physi.
745 2655 141 63 dicitur
847 2655 102 63 quod
911 2655 141 63 aliquid
1014 2655 141 63 mutatur
1116 2655 77 63 ex
1154 2655 90 63 non
1206 2655 102 63 esse
1257 2655 51 63 in

395 2705 123 56 esse:
478 2705 82 56 et
519 2705 151 56 aliquid
628 2705 165 56 econtra.
752 2705 110 56 ergo
820 2705 123 56 etiam
903 2705 96 56 non
957 2705 110 56 esse
1026 2705 219 56 significatur
1204 2705 96 56 per
1245 2705 69 56 has

389 2742 194 62 dictiones
539 2742 164 62 aliquid
658 2742 90 62 et
703 2742 135 62 aliud
793 2742 90 62 et
838 2742 179 62 quoddam:
972 2742 90 62 et
1017 2742 120 62 ideo
1092 2742 194 62 Commenta.
1226 2742 75 62 ibi

394 2787 120 58 dicit
474 2787 107 58 quod
540 2787 93 58 hoc
593 2787 120 58 nomen
673 2787 146 58 aliquid
780 2787 146 58 dicitur
886 2787 93 58 ibi
940 2787 200 58 simpliciter
1099 2787 80 58 de
1139 2787 107 58 esse
1206 2787 80 58 et
1232 2787 67 58 non

390 2829 127 60 esse:
474 2829 99 60 aut
531 2829 84 60 de
573 2829 225 60 affirmatione
756 2829 84 60 et
798 2829 197 60 negatione.
953 2829 84 60 id
995 2829 99 60 est
1052 2829 84 60 de
1094 2829 84 60 eo
1136 2829 113 60 quod
1192 2829 113 60 signi-

389 2878 164 59 ficatur
508 2878 104 59 per
568 2878 254 59 affirmationem
777 2878 90 59 et
822 2878 224 59 negationem.
1001 2878 119 59 Item
1075 2878 119 59 aug.
1150 2878 90 59 in
1195 2878 90 59 de
1224 2878 90 59 gen.

387 2916 83 62 ad
429 2916 180 62 litteram.
568 2916 208 62 imperfectio
734 2916 111 62 ait.
803 2916 111 62 quod
873 2916 125 62 aliud
956 2916 97 62 est
1012 2916 97 62 lux
1067 2916 125 62 aliud
1150 2916 167 62 tenebre:
1261 2916 56 62 et

394 2959 121 61 tamen
474 2959 80 61 in
514 2959 161 61 pluribus
635 2959 121 61 aliis
715 2959 134 61 locis:
809 2959 80 61 et
849 2959 134 61 ibidem
943 2959 121 61 etiam
1024 2959 134 61 contra
1117 2959 174 61 manicheos
1238 2959 67 61 di-

392 3011 117 53 cit:
465 3011 117 53 quod
538 3011 160 53 tenebre
655 3011 102 53 non
713 3011 117 53 sunt
786 3011 146 53 alique
888 3011 204 53 entitates:
1048 3011 87 53 et
1092 3011 102 53 ita
1135 3011 175 53 frequenter

408 3043 192 61 auctoritas
559 3043 137 61 sancti
655 3043 82 61 et
696 3043 192 61 philosophi
847 3043 151 61 vtuntur
957 3043 96 61 his
1012 3043 178 61 vocabulis
1149 3043 96 61 res
1190 3043 124 61 aliquid

399 3090 143 70 aliud:
499 3090 129 70 etiam
584 3090 100 70 pro
642 3090 100 70 his
699 3090 100 70 que
756 3090 100 70 non
813 3090 114 70 sunt
884 3090 143 70 alique
984 3090 200 70 entitates:
1142 3090 86 70 et
1184 3090 114 70 ideo
1242 3090 71 70 di

1318 278 92 74 cit
1371 278 132 74 Ansel.
1463 278 79 74 de
1502 278 105 74 casu
1568 278 158 74 dyaboli.
1687 278 105 74 quod
1753 278 119 74 multa
1832 278 158 74 dicuntur
1950 278 145 74 aliquid
2056 278 158 74 secundum
2161 278 79 74 for-

1315 336 108 58 mam
1376 336 185 58 loquendi
1515 336 108 58 que
1576 336 108 58 non
1638 336 123 58 sunt
1714 336 185 58 aliquid:
1853 336 169 58 quoniam
1976 336 108 58 sic
2037 336 185 58 loquimur
2160 336 62 58 de

1307 379 107 64 eis
1368 379 137 64 sicut
1459 379 91 64 de
1505 379 137 64 rebus
1596 379 259 64 existentibus.
1809 379 91 64 Et
1855 379 122 64 idem
1931 379 274 64 sententialiter
2144 379 76 64 po-

1309 426 94 57 nit
1362 426 108 57 Aug.
1430 426 189 57 ypontonim.
1578 426 202 57 responsione
1740 426 121 57 prima
1820 426 81 57 in
1861 426 121 57 fine.
1942 426 94 57 sic
1996 426 81 57 in
2036 426 175 57 proposito
2157 426 81 57 dico

1322 462 107 75 quod
1389 462 107 75 Aug.
1456 462 121 75 dicit
1536 462 121 75 aliud
1616 462 107 75 esse
1683 462 161 75 genuisse
1804 462 107 75 etc.
1871 462 94 75 non
1925 462 107 75 quia
1992 462 94 75 sit
2045 462 107 75 alia
2099 462 134 75 entitas:

1310 507 97 63 sed
1366 507 111 63 quia
1435 507 125 63 aliud
1519 507 250 63 significabile.
1727 507 125 63 aliud
1811 507 111 63 enim
1880 507 223 63 significatur
2061 507 97 63 cum
2103 507 125 63 dicimus

1319 549 163 65 aliquem
1438 549 178 65 genuisse
1571 549 119 65 quam
1645 549 104 65 cum
1704 549 163 65 dicimus
1823 549 163 65 aliquem
1942 549 133 65 natum
2031 549 133 65 esse.
2119 549 104 65 Sic
2164 549 74 65 est

1317 599 99 60 ono
1373 599 84 60 de
1415 599 141 60 trini.
1514 599 127 60 dicit
1598 599 113 60 quod
1669 599 127 60 aliud
1753 599 99 60 est
1810 599 99 60 deo
1866 599 113 60 esse
1936 599 127 60 aliud
2021 599 141 60 patrem
2119 599 99 60 vel
2162 599 84 60 deum

1316 636 125 64 esse.
1399 636 83 64 Et
1441 636 152 64 constat
1552 636 111 64 quod
1621 636 97 64 non
1676 636 97 64 est
1732 636 111 64 alia
1801 636 152 64 entitas
1912 636 111 64 deum
1981 636 125 64 esse:
2064 636 83 64 et
2105 636 111 64 alia
2161 636 69 64 do-

1320 681 119 59 minum
1399 681 106 59 esse
1465 681 93 59 vel
1518 681 132 59 patrem
1611 681 119 59 esse.
1691 681 66 59 â‹
1717 681 79 59 3a
1757 681 172 59 conclusio
1889 681 159 59 scilicet
2009 681 106 59 quod
2075 681 132 59 aliqua
2154 681 93 59 rela-

1325 727 114 58 tio
1390 727 97 58 3o
1438 727 130 58 modo
1519 727 162 58 sumpta
1633 727 227 58 relatione.
1811 727 114 58 est
1876 727 114 58 vna
1941 727 114 58 res
2006 727 146 58 extra
2087 727 146 58 animam.

1322 767 106 61 hoc
1382 767 197 61 faciliter
1534 767 197 61 probatur.
1685 767 106 61 Nam
1746 767 197 61 quocumque
1897 767 166 61 aliquod
2018 767 106 61 est
2063 767 182 61 formaliter

1326 810 112 63 tale
1396 810 126 63 quale
1480 810 98 63 est
1536 810 126 63 aliud
1619 810 126 63 ipsum
1703 810 98 63 est
1759 810 196 63 similitudo
1913 810 84 63 et
1955 810 168 63 relatio.
2080 810 98 63 sed
2122 810 112 63 aliqua

1322 855 100 57 res
1379 855 129 57 extra
1465 855 143 57 animam
1565 855 200 57 actualiter
1722 855 186 57 existens:
1865 855 86 57 et
1908 855 86 57 ab
1951 855 114 57 eius
2022 855 200 57 operatione
2165 855 72 57 in-

1314 907 218 58 dependens.
1486 907 109 58 est
1548 907 140 58 illud
1642 907 109 58 quo
1704 907 171 58 aliquid
1829 907 218 58 formaliter
2000 907 109 58 est
2063 907 125 58 tale
2125 907 109 58 quale

1327 945 94 56 est
1380 945 135 56 aliud.
1475 945 108 56 ergo
1542 945 108 56 etc.
1609 945 121 56 maior
1690 945 135 56 patet.
1784 945 94 56 Nam
1838 945 94 56 hoc
1892 945 94 56 est
1945 945 108 56 esse
2013 945 135 56 simile
2107 945 108 56 quod
2161 945 67 56 est

1324 984 112 69 esse
1394 984 112 69 tale
1464 984 126 69 quale
1548 984 98 69 est
1605 984 140 69 aliud.
1703 984 112 69 ergo
1773 984 182 69 quocumque
1913 984 98 69 est
1969 984 112 69 tale
2040 984 126 69 ipsum
2124 984 98 69 est
2166 984 70 69 si-

1329 1033 164 60 militudo.
1456 1033 76 60 et
1493 1033 88 60 per
1544 1033 177 60 consequens
1683 1033 151 60 relatio.
1796 1033 114 60 Minor
1872 1033 164 60 probatur.
1998 1033 76 60 ex
2036 1033 76 60 eo
2073 1033 101 60 quod
2137 1033 139 60 aliquid

1335 1074 101 66 per
1392 1074 217 66 qualitatem.
1566 1074 130 66 verbi
1653 1074 145 66 gratia
1755 1074 188 66 albedinem
1899 1074 130 66 extra
1986 1074 145 66 animam
2073 1074 174 66 existentem

1322 1123 232 56 actualiter
1505 1123 100 56 et
1555 1123 100 56 ab
1604 1123 133 56 eius
1687 1123 232 56 operatione
1870 1123 183 56 penitus
1986 1123 249 56 independentem

1326 1168 101 51 est
1383 1168 116 51 tale
1456 1168 130 51 quale
1543 1168 101 51 est
1600 1168 145 51 aliud.
1702 1168 101 51 Nam
1760 1168 101 51 est
1817 1168 130 51 album
1904 1168 130 51 sicut
1991 1168 87 51 et
2034 1168 130 51 aliud
2121 1168 101 51 est
2165 1168 72 51 al-

1325 1203 113 62 bum.
1395 1203 211 62 Aduertendum
1565 1203 99 62 est
1621 1203 127 62 autem
1705 1203 113 62 quod
1776 1203 127 62 sicut
1860 1203 155 62 quamuis
1973 1203 183 62 quorumdam
2100 1203 141 62 relatiuo

1327 1245 84 62 rum
1375 1245 96 62 sint
1435 1245 168 62 relationes
1567 1245 84 62 hoc
1615 1245 96 62 modo
1675 1245 120 62 sumpte
1759 1245 96 62 quae
1818 1245 96 62 sunt
1878 1245 84 62 res
1926 1245 156 62 distincte
2046 1245 72 62 ab
2082 1245 96 62 eis:
2130 1245 120 62 illisque

1331 1289 171 65 inherentes.
1467 1289 102 65 sicut
1536 1289 114 65 simili
1615 1289 171 65 similitudo:
1752 1289 68 65 et
1786 1289 125 65 scienti
1877 1289 148 65 scientia:
1991 1289 68 65 et
2025 1289 91 65 amor
2082 1289 125 65 amanti.
2173 1289 68 65 et
2196 1289 57 65 sic

1335 1339 78 58 de
1374 1339 169 58 pluribus:
1504 1339 91 58 ita
1556 1339 104 58 quod
1622 1339 182 58 abstractum
1765 1339 156 58 relatiui
1882 1339 78 58 et
1921 1339 169 58 concretum
2052 1339 169 58 supponunt
2169 1339 65 58 pro

1337 1377 111 57 rebus
1411 1377 160 57 diuersis.
1534 1377 74 57 vt
1571 1377 111 57 patet
1645 1377 74 57 in
1682 1377 173 57 praemissis
1818 1377 160 57 exemplis.
1941 1377 86 57 Non
1990 1377 123 57 omnium
2077 1377 111 57 tamen
2138 1377 99 57 talium

1333 1420 196 59 relatiuorum
1490 1420 105 59 sunt
1555 1420 183 59 relationes
1699 1420 105 59 isto
1764 1420 118 59 modo:
1843 1420 118 59 sicut
1921 1420 118 59 patet
2000 1420 78 59 de
2039 1420 118 59 eodem
2117 1420 78 59 et
2143 1420 105 59 distin

1339 1465 86 59 cto
1388 1465 160 59 contrario
1511 1465 148 59 creatore
1622 1465 74 59 et
1659 1465 160 59 creatura:
1782 1465 111 59 patre
1855 1465 74 59 et
1892 1465 111 59 filio
1966 1465 62 59 a
1991 1465 123 59 multis
2077 1465 123 59 aliis.
2151 1465 98 59 Qoniam

1335 1511 173 59 abstracta
1468 1511 133 59 talium
1561 1511 93 59 non
1614 1511 173 59 supponunt
1747 1511 93 59 pro
1801 1511 173 59 aliquibus
1934 1511 120 59 rebus
2014 1511 213 59 inherentibus
2173 1511 67 59 his

1336 1552 89 62 pro
1387 1552 127 62 quibus
1476 1552 153 62 concreta
1591 1552 102 62 ipsa
1655 1552 178 62 supponunt:
1795 1552 115 62 sicut
1871 1552 178 62 probabitur
2012 1552 76 62 in
2050 1552 153 62 sequenti
2165 1552 76 62 q.
2190 1552 51 62 et

1334 1602 86 55 ideo
1388 1602 75 55 cum
1431 1602 118 55 dicitur
1517 1602 86 55 quod
1571 1602 97 55 pater
1636 1602 75 55 est
1679 1602 118 55 plaiter
1765 1602 172 55 paternitate:
1905 1602 75 55 vel
1948 1602 108 55 filius
2023 1602 75 55 est
2066 1602 108 55 filius
2131 1602 118 55 filiatio-

1342 1641 81 57 ne:
1389 1641 81 57 aut
1435 1641 163 57 causatiuum
1563 1641 81 57 est
1610 1641 163 57 causatiuum
1738 1641 209 57 causabilitate:
1913 1641 70 57 et
1947 1641 163 57 contrarium
2075 1641 81 57 est
2110 1641 140 57 contrarium

1341 1687 178 56 perietate.
1481 1687 76 56 et
1520 1687 166 56 similiter
1647 1687 76 56 in
1685 1687 115 56 aliis
1762 1687 140 56 sumenda
1864 1687 102 56 sunt
1927 1687 115 56 talia
2004 1687 166 56 abstracta
2131 1687 76 56 vt
2157 1687 89 56 equis

1339 1727 125 60 ualent
1426 1727 162 60 complexis
1551 1727 237 60 significantibus
1750 1727 175 60 relationes
1887 1727 75 60 2o
1925 1727 100 60 modo
1987 1727 150 60 sumptas.
2099 1727 75 60 vt
2137 1727 87 60 sit
2174 1727 75 60 sen-

1341 1771 79 60 sus
1386 1771 124 60 talium.
1476 1771 113 60 prater
1556 1771 79 60 est
1601 1771 113 60 pater.
1680 1771 91 60 quia
1737 1771 124 60 genuit:
1827 1771 113 60 filius
1907 1771 79 60 est
1952 1771 124 60 filius:
2042 1771 91 60 quia
2099 1771 79 60 est
2133 1771 113 60 genitus:

1345 1815 161 56 causatiuum
1471 1815 81 56 est
1517 1815 173 56 causatiuum:
1655 1815 92 56 quia
1713 1815 115 56 potest
1793 1815 69 56 ex
1828 1815 115 56 nihilo
1908 1815 127 56 aliquod
2000 1815 161 56 producere.
2115 1815 138 56 contrarium

1343 1863 80 55 est
1388 1863 172 55 contrarium:
1526 1863 92 55 quia
1583 1863 114 55 maxime
1663 1863 126 55 distat:
1755 1863 69 55 et
1789 1863 80 55 non
1835 1863 114 55 potest
1915 1863 103 55 eidem
1983 1863 114 55 inesse
2063 1863 92 55 etc.
2121 1863 80 55 aut
2155 1863 103 55 abstra-

1349 1905 95 54 ctum
1409 1905 143 54 sumendum
1516 1905 83 54 est
1563 1905 83 54 sic
1611 1905 95 54 quod
1670 1905 83 54 per
1718 1905 107 54 ipsum
1789 1905 155 54 denotetur
1908 1905 71 54 in
1944 1905 95 54 tali
2003 1905 190 54 propositione
2158 1905 95 54 quod
2205 1905 48 54 ex

1333 1948 118 59 nullo
1411 1948 105 59 alio
1477 1948 170 59 relatiuum
1607 1948 92 59 sit
1660 1948 118 59 tale:
1738 1948 78 59 vt
1777 1948 92 59 sit
1830 1948 144 59 sensus.
1934 1948 118 59 pater
2013 1948 92 59 est
2065 1948 118 59 pater
2130 1948 131 59 paterni-

1343 2001 93 46 tate
1402 2001 70 46 id
1437 2001 82 46 est
1483 2001 128 46 seipso.
1577 2001 105 46 sicut
1647 2001 128 46 dicitur
1740 2001 93 46 quod
1799 2001 93 46 deus
1857 2001 82 46 est
1904 2001 93 46 deus
1962 2001 128 46 deitate
2056 2001 70 46 id
2091 2001 82 46 est
2126 2001 105 46 seipso.

1325 2034 74 60 â‹
1355 2034 89 60 Ad
1399 2034 207 60 argumentum
1561 2034 207 60 principale
1724 2034 207 60 questionis
1886 2034 192 60 responsum
2034 2034 103 60 est
2078 2034 118 60 supra.

1309 2070 135 68 â‹
1363 2070 484 68 Distinctionis.
1767 2070 269 68 XXIII.
1955 2070 323 68 Questio.
2170 2070 81 68 I

1577 2120 198 96 Ecundo
1716 2120 178 96 quero
1835 2120 178 96 vtrum
1954 2120 198 96 aliqua
2073 2120 178 96 relatus

1828 2171 119 46 sit
1896 2171 187 46 entitas
2032 2171 102 46 ab
2083 2171 136 46 omni
2151 2171 102 46 ente

1581 2208 178 55 absoluto
1715 2208 208 55 distincta.
1878 2208 89 55 Et
1922 2208 178 55 arguitur
2056 2208 119 55 quod
2130 2208 119 55 sic.
2189 2208 89 55 quia

1587 2249 153 58 quelibet
1702 2249 140 58 relatio
1803 2249 64 58 a
1829 2249 153 58 qualibet
1943 2249 76 58 re
1982 2249 153 58 absoluta
2083 2249 191 58 distinguitur.

1592 2299 259 55 predicamentaliter.
1816 2299 94 55 ergo
1874 2299 141 55 quelibet
1980 2299 129 55 relatio
2074 2299 59 55 a
2098 2299 141 55 qualibet
2192 2299 82 55 enti-

1580 2340 114 55 state
1656 2340 152 55 absoluta
1771 2340 203 55 distinguitur
1936 2340 140 55 genere:
2037 2340 76 55 et
2076 2340 89 55 per
2114 2340 152 55 consequens

1584 2383 156 57 specie
1694 2383 94 57 ac
1740 2383 140 57 etiam
1834 2383 172 57 numero.
1959 2383 125 57 ergo
2037 2383 109 57 est
2099 2383 172 57 entitas
2209 2383 62 57 ab

1339 2430 132 55 omni
1421 2430 197 55 entitate
1569 2430 197 55 absoluta
1701 2430 197 55 distincta.

1328 2480 112 93 Ad
1384 2480 243 93 oppositum
1571 2480 112 93 si
1628 2480 187 93 aliqua
1758 2480 131 93 est
1833 2480 243 93 distincta
2020 2480 224 93 entitas.
2170 2480 112 93 ergo

1709 2517 69 54 et
1743 2517 148 54 quelibet:
1857 2517 69 54 et
1891 2517 80 54 per
1937 2517 160 54 consequens
2063 2517 137 54 quelibet
2154 2517 114 54 componit

1352 2558 108 55 cum
1413 2558 232 55 fundamento.
1599 2558 93 55 et
1646 2558 108 55 sic
1708 2558 139 55 album
1801 2558 155 55 simile
1909 2558 139 55 esset
2002 2558 232 55 compositius
2172 2558 93 55 quam

1353 2612 128 48 album
1438 2612 157 48 tantum:
1553 2612 114 48 quod
1624 2612 100 48 non
1681 2612 157 48 videtur
1781 2612 114 48 verum.

1342 2646 171 102 spnondeo
1470 2646 114 102 quia
1542 2646 171 102 multorum
1670 2646 100 102 hoc
1727 2646 157 102 tempore
1842 2646 200 102 imaginatio
1999 2646 114 102 est.
2070 2646 114 102 quod
2141 2646 157 102 quemadÂ¬

1543 2698 134 43 modum
1632 2698 134 43 quale
1722 2698 104 43 est
1781 2698 134 43 quale
1870 2698 104 43 per
1930 2698 208 43 qualitatem
2094 2698 119 43 sibi
2153 2698 119 43 forma-

1349 2734 126 52 liter
1433 2734 210 52 inherentem.
1602 2734 84 52 vt
1644 2734 126 52 album
1728 2734 98 52 per
1784 2734 182 52 albedinem
1924 2734 84 52 et
1966 2734 126 52 dulce
2051 2734 98 52 per
2093 2734 168 52 dulcedinem

1346 2775 98 61 sic
1402 2775 126 61 etiam
1486 2775 181 61 relatiuum
1625 2775 98 61 est
1681 2775 181 61 relatiuum
1820 2775 98 61 per
1876 2775 153 61 aliquam
1988 2775 181 61 entitatem
2127 2775 112 61 sibi
2183 2775 84 61 for-

1349 2826 143 51 maliter
1453 2826 182 51 inherentem
1596 2826 65 51 a
1622 2826 78 51 se
1661 2826 78 51 et
1700 2826 169 51 quaelibet
1829 2826 156 51 entitate
1946 2826 169 51 absoluta:
2076 2826 78 51 ac
2115 2826 143 51 omnibus
2206 2826 65 51 en-

1351 2866 171 51 titatibus
1483 2866 171 51 absolutis
1615 2866 198 51 distinctam:
1773 2866 79 51 et
1813 2866 92 51 que
1865 2866 92 51 non
1918 2866 92 51 est
1971 2866 145 51 aliquid
2076 2866 79 51 ad
2116 2866 92 51 se:
2169 2866 92 51 sed
2208 2866 53 51 pe

1360 2904 86 55 rus
1409 2904 160 55 respectus
1532 2904 74 55 ad
1569 2904 123 55 aliud:
1656 2904 86 55 ita
1705 2904 99 55 quod
1767 2904 148 55 secundum
1878 2904 74 55 se
1915 2904 148 55 praecise
2026 2904 123 55 sumpta
2113 2904 86 55 non
2162 2904 86 55 est
2199 2904 74 55 nisi

1358 2949 93 55 vt
1405 2949 109 55 sic
1467 2949 155 55 liceat
1576 2949 140 55 loqui
1669 2949 233 55 aliquiditas
1855 2949 109 55 qua
1917 2949 217 55 formaliter
2072 2949 202 55 fundamentum

1355 2995 89 51 in
1400 2995 104 51 quo
1459 2995 119 51 est:
1533 2995 104 51 est
1592 2995 89 51 ad
1637 2995 148 51 aliud.
1740 2995 133 51 verbi
1829 2995 163 51 gratia.
1948 2995 207 51 paternitas
2111 2995 104 51 est
2155 2995 119 51 aliqui

1358 3040 141 51 ditas
1452 3040 94 51 ad
1499 3040 157 51 filium
1609 3040 110 51 qua
1672 3040 220 51 formaliter
1845 3040 125 51 homo
1923 3040 110 51 est
1986 3040 157 51 pater:
2095 3040 94 51 et
2143 3040 110 51 sic
2190 3040 78 51 suo

1348 3080 138 65 modo
1434 3080 103 65 de
1485 3080 206 65 ceteris:
1640 3080 120 65 que
1709 3080 172 65 quidem
1830 3080 241 65 imaginatio
2019 3080 138 65 mihi
2105 3080 120 65 non
2157 3080 120 65 vide
