2453 3523
171 257 86 85 Et
214 257 130 85 certe
300 257 101 85 nec
358 257 115 85 ipse
430 257 115 85 deus
502 257 86 85 ab
545 257 187 85 huiusmodi
689 257 187 85 mutatione
834 257 115 85 erit
906 257 173 85 alienus:
1021 257 72 85 cum

171 320 176 59 verissime
307 320 122 59 nulla
388 320 122 59 anima
469 320 122 59 ipsum
550 320 216 59 considerante
726 320 108 59 ille
794 320 95 59 sit
848 320 189 59 distinctus
997 320 68 59 a
1010 320 95 59 quali

172 351 95 68 bet
227 351 81 68 re
267 351 149 68 creata.
375 351 108 68 Quod
443 351 108 68 dico
511 351 149 68 propter
619 351 122 68 fugam
700 351 176 68 quorumdam
835 351 176 68 dicentium
970 351 108 68 quod
1024 351 68 68 non

170 402 153 62 refertur
285 402 76 62 ad
323 402 165 62 creaturam
450 402 114 62 reali
526 402 178 62 relatione.
666 402 64 62 ⁋
692 402 165 62 Praeterea
819 402 127 62 multum
908 402 114 62 esset
972 402 114 62 mirabi-

171 441 85 71 le
213 441 113 71 quod
284 441 198 71 imaginatio
440 441 99 71 mea
497 441 156 71 mutaret
610 441 170 71 realiter
738 441 128 71 totum
823 441 142 71 mundum
922 441 85 71 et
950 441 142 71 causaret

169 482 121 70 veras
249 482 94 70 res
303 482 121 70 extra
383 482 147 70 animam.
490 482 107 70 Item
557 482 107 70 quod
624 482 174 70 quodlibet
758 482 121 70 agens
838 482 228 70 quantumcumque
1013 482 80 70 debi

172 529 81 63 le
212 529 135 63 ageret
306 529 81 63 in
347 529 175 63 quaslibet
482 529 121 63 mundi
562 529 108 63 res:
630 529 81 63 et
670 529 81 63 in
711 529 216 63 quantacumque
886 529 189 63 distantia:
1021 529 67 63 que

165 576 101 67 omnia
232 576 179 67 sequerentur.
378 576 78 67 nec
423 576 101 67 valet
490 576 112 67 dicere
568 576 90 67 quod
624 576 78 67 non
669 576 90 67 agit
725 576 78 67 per
770 576 67 67 se
804 576 67 67 in
837 576 157 67 quamlibet:
961 576 78 67 sed
1005 576 78 67 per
1039 576 56 67 ac-

165 620 122 63 cidens:
253 620 88 63 quia
309 620 77 63 non
353 620 111 63 potest
430 620 66 63 in
464 620 111 63 aliquo
541 620 122 63 causare
630 620 77 63 per
674 620 144 63 accidens:
784 620 88 63 nisi
840 620 66 63 in
873 620 88 63 illo
928 620 133 63 causaret
1017 620 66 63 ali-

164 661 84 69 quid
216 661 73 69 per
258 661 73 69 se:
300 661 94 69 omnis
363 661 84 69 enim
415 661 126 69 effectus
509 661 73 69 per
551 661 126 69 accidens
646 661 147 69 coniunctus
761 661 73 69 est
803 661 126 69 effectui
897 661 73 69 per
939 661 73 69 se:
981 661 94 69 sicut
1044 661 63 69 et

167 707 108 57 causa
239 707 84 57 per
287 707 145 57 accidens
396 707 121 57 causae
480 707 84 57 per
529 707 84 57 se.
577 707 72 57 2o
613 707 96 57 phy.
673 707 60 57 ⁋
697 707 72 57 5o
733 707 108 57 arguo
806 707 72 57 in
842 707 145 57 speciali
950 707 72 57 de
975 707 108 57 relati-

152 749 102 66 uis
211 749 131 66 primi
298 749 131 66 modi.
386 749 73 66 ⁋
415 749 88 66 Et
459 749 131 66 primo
546 749 88 66 de
590 749 131 66 eodem
678 749 88 66 et
721 749 131 66 arguo
809 749 117 66 sic.
882 749 131 66 nulla
969 749 102 66 res
1013 749 73 66 est

155 791 152 65 secundum
269 791 76 65 se
308 791 203 65 numeraliter:
472 791 89 65 aut
523 791 89 65 cum
574 791 127 65 aliqua
663 791 101 65 alia
726 791 127 65 specie
815 791 89 65 vel
866 791 127 65 genere
954 791 89 65 vna
993 791 101 65 essen-

163 838 151 60 tialiter
276 838 88 60 per
327 838 138 60 aliquam
427 838 163 60 entitatem
552 838 100 60 sibi
615 838 176 60 formaliter
753 838 188 60 inherentem.
904 838 100 60 ergo
967 838 113 60 nulla
1029 838 63 60 res

165 878 83 66 est
213 878 119 66 alicui
296 878 107 66 eadem
367 878 83 66 per
415 878 131 66 aliquam
510 878 155 66 entitatem
629 878 95 66 sibi
689 878 167 66 formaliter
819 878 178 66 inherentem.
950 878 143 66 Antecedens

168 925 85 60 patet
224 925 104 60 quantum
300 925 57 60 ad
328 925 95 60 primam
395 925 104 60 partem.
470 925 85 60 supra
527 925 161 60 distinctionem
660 925 66 60 24.
698 925 57 60 q.
726 925 95 60 primo.
792 925 57 60 Et
821 925 104 60 quantum
896 925 57 60 ad
925 925 66 60 2am
963 925 85 60 etiam
1019 925 66 60 non
1048 925 47 60 est

158 968 132 57 dubium.
254 968 84 57 Nam
302 968 108 57 sicut
375 968 120 57 sortes
459 968 120 57 seipso
543 968 84 57 est
591 968 108 57 homo:
664 968 84 57 sic
712 968 108 57 seipo
784 968 84 57 est
832 968 96 57 vnum
892 968 132 57 speciem
989 968 84 57 cum
1025 968 60 57 pla

154 1001 86 71 tone
208 1001 75 71 qui
251 1001 96 71 etiam
315 1001 75 71 est
358 1001 96 71 homo.
422 1001 171 71 consequentia
561 1001 86 71 vero
615 1001 96 71 patet
679 1001 118 71 statim.
765 1001 75 71 Nam
808 1001 139 71 quaelibet
915 1001 75 71 res
957 1001 64 71 eo
990 1001 75 71 est
1022 1001 64 71 sibi

156 1050 176 70 numeraliter
297 1050 82 70 vel
344 1050 117 70 alteri
426 1050 141 70 secundum
531 1050 129 70 speciem
625 1050 105 70 eadem
695 1050 187 70 esentialiter
847 1050 82 70 quo
894 1050 94 70 sibi
953 1050 82 70 vel
988 1050 82 70 alte-

160 1094 70 61 ri
195 1094 81 61 seu
242 1094 81 61 cum
288 1094 93 61 alia
346 1094 81 61 est
393 1094 81 61 vna
439 1094 209 61 essentialiter.
613 1094 93 61 Unde
671 1094 70 61 vt
706 1094 104 61 dicit
776 1094 174 61 philosophus
915 1094 70 61 5o
950 1094 104 61 meta.
1019 1094 70 61 c.
1043 1094 46 61 de

151 1143 132 53 eodem.
243 1143 119 53 eadem
322 1143 158 53 secundum
441 1143 79 53 se
481 1143 158 53 dicuntur
599 1143 198 53 quemadmodum
757 1143 79 53 et
797 1143 119 53 vnum.
876 1143 79 53 Et
916 1143 132 53 postea
995 1143 79 53 sub-

163 1179 103 73 dit.
228 1179 116 73 palam
305 1179 103 73 quod
369 1179 168 73 identitas
498 1179 155 73 vnitatis
614 1179 129 73 quadam
704 1179 90 73 est
756 1179 90 73 aut
807 1179 142 73 plurium
910 1179 142 73 essendi
1001 1179 77 73 etc.

156 1225 76 66 Et
194 1225 126 66 rursus
282 1225 76 66 in
320 1225 151 66 capitulo
434 1225 76 66 ad
471 1225 151 66 aliquid.
585 1225 113 66 Eadem
661 1225 151 66 dicuntur
774 1225 126 66 quorum
862 1225 151 66 subiecta
976 1225 88 66 vna
1013 1225 76 66 etc.

155 1265 97 68 Unde
216 1265 109 68 aliud
289 1265 85 68 non
337 1265 85 68 est
386 1265 97 68 esse
447 1265 122 68 aliqua
532 1265 109 68 eadem
605 1265 122 68 specie
690 1265 97 68 quam
751 1265 97 68 ipsa
811 1265 97 68 esse
872 1265 97 68 vnum
933 1265 146 68 speciem:
1030 1265 49 68 et

150 1308 108 69 sic
211 1308 93 69 de
258 1308 139 69 aliis
350 1308 139 69 modis
443 1308 185 69 vnitatis
581 1308 93 69 et
628 1308 247 69 identitatis.
828 1308 77 69 ⁋
859 1308 93 69 2o
905 1308 108 69 per
952 1308 123 69 nullum

150 1354 102 67 magis
218 1354 136 67 diuersum
320 1354 57 67 a
343 1354 125 67 platone
433 1354 91 67 quam
490 1354 79 67 est
535 1354 113 67 sortes
615 1354 79 67 est
660 1354 113 67 sortes
740 1354 91 67 idem
796 1354 102 67 plato
864 1354 79 67 sed
910 1354 147 67 quodlibet
1012 1354 68 67 acci

146 1401 100 56 dens
208 1401 125 56 sortes
295 1401 87 56 est
345 1401 112 56 magis
420 1401 150 56 diuersum
532 1401 62 56 a
557 1401 150 56 platone:
669 1401 100 56 quam
731 1401 137 56 ipsemet
831 1401 125 56 sortes
918 1401 100 56 ergo
980 1401 87 56 per
1018 1401 62 56 nul

148 1437 77 69 lum
192 1437 133 69 accidens
292 1437 110 69 sortes
369 1437 77 69 est
413 1437 110 69 sortes
490 1437 88 69 ipse
546 1437 88 69 idem
601 1437 99 69 plato
667 1437 66 69 et
700 1437 110 69 vltra.
778 1437 88 69 ergo
833 1437 144 69 identitas
943 1437 110 69 sortes
1010 1437 66 69 siue

145 1480 115 64 illud
222 1480 89 64 quo
273 1480 128 64 sortes
362 1480 89 64 est
413 1480 102 64 idem
477 1480 115 64 plato
554 1480 89 64 non
605 1480 89 64 est
656 1480 140 64 aliquod
758 1480 153 64 accidens
873 1480 89 64 vel
924 1480 140 64 entitas
1013 1480 51 64 in

148 1524 115 71 herens
228 1524 115 71 sortes
308 1524 69 71 et
343 1524 103 71 omnes
412 1524 138 71 assumpte
515 1524 92 71 sunt
573 1524 161 71 euidentes:
699 1524 69 71 et
734 1524 184 71 consequentie
883 1524 161 71 similiter.
1010 1524 57 71 ⁋
1021 1524 46 71 3o

145 1574 85 57 ad
187 1574 114 57 idem
259 1574 128 57 arguo
344 1574 100 57 sic
401 1574 157 57 arguunt
515 1574 142 57 plures
614 1574 171 57 doctores
742 1574 114 57 sic.
814 1574 85 57 si
856 1574 142 57 sortes
956 1574 100 57 est
999 1574 85 57 idem

150 1616 112 62 plato
224 1616 149 62 entitate
336 1616 100 62 sibi
398 1616 162 62 inherente
523 1616 87 62 qua
573 1616 137 62 vocatur
672 1616 75 62 ab
710 1616 112 62 aliis
784 1616 174 62 identitas:
921 1616 75 62 et
946 1616 137 62 similiter

144 1662 109 59 plato
217 1662 97 59 alia
277 1662 170 59 identitate
411 1662 97 59 sibi
471 1662 158 59 inherente
593 1662 85 59 est
641 1662 97 59 idem
702 1662 121 59 sortes
787 1662 85 59 sit
835 1662 73 59 a.
872 1662 158 59 identitas
981 1662 97 59 sortis

145 1706 65 54 et
178 1706 65 54 b.
210 1706 76 54 sit
254 1706 141 54 identitas
362 1706 141 54 platonis.
471 1706 119 54 Constat
558 1706 87 54 quod
612 1706 65 54 a.
645 1706 65 54 et
677 1706 65 54 b.
710 1706 87 54 sunt
764 1706 98 54 eedem
829 1706 119 54 specie.
916 1706 87 54 ergo
970 1706 98 54 aliis
1025 1706 54 54 en-

154 1751 142 50 titatibus
263 1751 77 50 eis
307 1751 186 50 inherentibus:
460 1751 66 50 et
493 1751 77 50 sic
537 1751 66 50 in
570 1751 153 50 infinitum:
690 1751 88 50 quod
745 1751 77 50 est
789 1751 164 50 impossibile
920 1751 131 50 secundum
1018 1751 77 50 ad¬

143 1788 163 60 uersarios.
271 1788 58 60 ⁋
295 1788 70 60 Ad
329 1788 81 60 hoc
376 1788 163 60 respondent
504 1788 116 60 quidam
585 1788 140 60 doctores
690 1788 93 60 quod
748 1788 81 60 non
795 1788 163 60 proceditur
923 1788 70 60 in
946 1788 128 60 infinitum

139 1828 94 66 sed
192 1828 94 66 est
246 1828 134 66 status
339 1828 80 66 in
380 1828 134 66 primis
473 1828 241 66 identitatibus.
674 1828 94 66 Nam
728 1828 107 66 ille
795 1828 107 66 sunt
862 1828 121 66 eedem
929 1828 147 66 identita-

148 1872 112 67 tibus.
226 1872 89 67 quae
282 1872 89 67 sunt
338 1872 100 67 eedem
404 1872 78 67 cum
449 1872 112 67 ipsis:
527 1872 78 67 ita
572 1872 89 67 quod
628 1872 145 67 identitas
739 1872 112 67 sortis
817 1872 67 67 et
851 1872 134 67 platonis
951 1872 78 67 est
985 1872 89 67 eadem:

146 1915 175 72 identitati
283 1915 162 72 platonis.
407 1915 75 72 ad
445 1915 125 72 sortem
532 1915 125 72 seipsa
619 1915 87 72 non
669 1915 100 72 alia
731 1915 175 72 identitate
869 1915 175 72 supaddita:
993 1915 75 72 quod

140 1962 72 61 vt
176 1962 132 61 clarius
272 1962 120 61 pateat
356 1962 84 61 sit
404 1962 72 61 a.
440 1962 156 61 identitas
560 1962 120 61 sortis
644 1962 72 61 et
680 1962 72 61 b.
716 1962 156 61 identitas
836 1962 144 61 platonis
944 1962 72 61 et
968 1962 108 61 identi-

145 2003 76 63 tas
189 2003 87 63 quae
243 2003 65 63 a.
275 2003 76 63 est
319 2003 87 63 idem
373 2003 87 63 ipsi
427 2003 65 63 b.
459 2003 76 63 sit
503 2003 65 63 c.
535 2003 65 63 et
568 2003 141 63 identitas
676 2003 87 63 quae
730 2003 141 63 econverso
839 2003 65 63 b.
871 2003 76 63 est
914 2003 87 63 idem
969 2003 65 63 a.
1001 2003 76 63 sit
1034 2003 43 63 d.

148 2052 101 53 dicunt
218 2052 81 53 ergo
269 2052 81 53 quod
319 2052 60 53 a.
349 2052 161 53 distinguitur
480 2052 50 53 a
500 2052 101 53 sorte.
571 2052 81 53 quia
621 2052 111 53 sortes.
702 2052 101 53 potest
772 2052 81 53 esse
822 2052 81 53 sine
873 2052 60 53 a.
903 2052 81 53 quia
953 2052 101 53 potest
1014 2052 60 53 esse

131 2095 99 66 sine
193 2095 136 66 termino
292 2095 112 66 eius.
366 2095 74 66 a.
403 2095 112 66 tamen
478 2095 87 66 non
527 2095 136 66 differt
627 2095 62 66 a
651 2095 74 66 c.
689 2095 87 66 sed
738 2095 87 66 est
788 2095 99 66 idem
850 2095 112 66 sibi:
924 2095 99 66 quia
986 2095 74 66 a.
1011 2095 62 66 non

145 2140 112 52 potest
223 2140 90 52 esse
279 2140 90 52 sine
335 2140 67 52 b.
369 2140 78 52 cum
413 2140 90 52 sint
469 2140 101 52 simul
537 2140 90 52 nam:
593 2140 67 52 et
626 2140 78 52 per
671 2140 157 52 consequens
794 2140 78 52 est
839 2140 179 52 contradictio
984 2140 67 52 a.
1007 2140 67 52 esse

169 2180 102 53 nisi
233 2180 89 53 tam
284 2180 179 53 fundamento
425 2180 128 53 ipsius
514 2180 77 53 c.
552 2180 102 53 quam
616 2180 115 53 etiam
693 2180 153 53 terminus
808 2180 102 53 eius
872 2180 115 53 sint:
948 2180 89 53 sed
987 2180 89 53 termi

132 2219 71 68 no
168 2219 71 68 et
203 2219 165 68 fundamento
332 2219 118 68 ipsius
415 2219 71 68 c.
450 2219 188 68 existentibus
603 2219 165 68 necessario
733 2219 82 68 est
780 2219 71 68 c.
815 2219 94 68 ergo
874 2219 188 68 contradictio
1015 2219 59 68 est

149 2272 70 51 a.
184 2272 94 51 esse
243 2272 94 51 sine
302 2272 70 51 c.
337 2272 70 51 et
372 2272 70 51 c.
408 2272 82 51 est
455 2272 164 51 formaliter
584 2272 70 51 a.
619 2272 94 51 quia
678 2272 70 51 a.
713 2272 129 51 dicitur
807 2272 94 51 idem
866 2272 94 51 ipsa
924 2272 106 51 eadem
983 2272 94 51 identi

139 2311 90 58 tate
195 2311 90 58 quae
251 2311 79 58 est
296 2311 67 58 c.
329 2311 90 58 ergo
386 2311 67 58 c.
419 2311 79 58 est
464 2311 90 58 idem
520 2311 90 58 ipsi
576 2311 67 58 a.
610 2311 67 58 et
644 2311 79 58 per
688 2311 157 58 consequens
812 2311 79 58 ibi
857 2311 90 58 erit
913 2311 123 58 status.
1002 2311 56 58 ⁋
1014 2311 67 58 Con-

141 2354 98 51 tra.
202 2354 110 51 primo
276 2354 74 51 b.
313 2354 86 51 non
362 2354 86 51 est
411 2354 135 51 necesse
509 2354 98 51 esse
570 2354 86 51 nec
619 2354 86 51 est
668 2354 98 51 idem
730 2354 123 51 numero
816 2354 86 51 cum
865 2354 74 51 a.
901 2354 86 51 nec
951 2354 74 51 de
975 2354 86 51 essen

135 2395 77 59 tia
179 2395 88 59 eius
234 2395 77 59 nec
278 2395 77 59 est
321 2395 110 59 aliqua
398 2395 88 59 modo
453 2395 77 59 per
497 2395 66 59 se
530 2395 88 59 eius
585 2395 99 59 causa
650 2395 77 59 nec
694 2395 143 59 econverso
804 2395 88 59 ergo
859 2395 88 59 sine
903 2395 175 59 contradictione

144 2442 100 54 aliqua
214 2442 100 54 potest
283 2442 80 54 esse
333 2442 60 54 a.
363 2442 80 54 sine
413 2442 60 54 b.
443 2442 139 54 Antecedens
552 2442 90 54 totum
612 2442 70 54 est
652 2442 90 54 notum
712 2442 60 54 et
741 2442 159 54 consequentia
871 2442 139 54 similiter:
980 2442 60 54 et
1000 2442 70 54 pate-

139 2480 99 59 bit
195 2480 127 59 satis
280 2480 113 59 cito
351 2480 85 59 ex
394 2480 142 59 dictis
493 2480 142 59 illius
592 2480 184 59 doctoris.
733 2480 71 59 ⁋
762 2480 212 59 Confirmatur
931 2480 113 59 quia
988 2480 85 59 acci

143 2525 95 60 dens
203 2525 119 60 potest
286 2525 95 60 esse
345 2525 95 60 sine
405 2525 143 60 subiecto
511 2525 71 60 in
547 2525 83 60 quo
595 2525 83 60 est
642 2525 71 60 et
678 2525 95 60 quod
737 2525 83 60 est
785 2525 95 60 eius
844 2525 83 60 per
892 2525 71 60 se
927 2525 107 60 causa
987 2525 71 60 sal-

144 2565 77 68 tem
188 2565 154 68 materialis
309 2565 66 68 in
342 2565 88 68 qua:
398 2565 66 68 et
431 2565 143 68 similiter
541 2565 132 68 effectus
640 2565 165 68 numeraliter
772 2565 143 68 dependens
883 2565 66 68 in
916 2565 88 68 esse
971 2565 55 68 a
993 2565 77 68 sua
1026 2565 44 68 2a

146 2616 116 55 causa
223 2616 206 55 conseruante:
391 2616 77 55 vt
430 2616 116 55 lumen
507 2616 64 55 a
533 2616 103 55 sole
597 2616 129 55 potest
687 2616 142 55 virtute
790 2616 90 55 dei
842 2616 129 55 absque
919 2616 142 55 contradi-

145 2655 126 61 ctione
234 2655 101 61 esse
297 2655 101 61 sine
360 2655 101 61 tali
423 2655 113 61 causa
498 2655 101 61 ergo
561 2655 113 61 multo
637 2655 113 61 magis
712 2655 76 61 a.
750 2655 101 61 sine
813 2655 76 61 b.
851 2655 76 61 et
889 2655 88 61 est
939 2655 113 61 valde
1002 2655 63 61 mi-

143 2705 118 46 rabile
226 2705 94 46 quod
285 2705 94 46 deus
344 2705 82 46 non
391 2705 118 46 possit
473 2705 118 46 sortem
556 2705 165 46 existentem
685 2705 141 46 parisius
791 2705 71 46 et
827 2705 106 46 omnem
897 2705 153 46 entitatem
1003 2705 71 46 quae

146 2747 94 52 est
199 2747 81 52 in
240 2747 81 52 eo
280 2747 188 52 subiectiue
428 2747 188 52 conseruare
576 2747 175 52 destructo
710 2747 148 52 platone
818 2747 175 52 existente
952 2747 108 52 rome
1006 2747 67 52 cum

145 2791 111 57 omni
214 2791 166 57 entitate
339 2791 83 57 in
380 2791 83 57 eo
422 2791 193 57 subiective
574 2791 180 57 existente
712 2791 83 57 et
753 2791 138 57 maxime
850 2791 97 57 cum
905 2791 124 57 nulla
974 2791 97 57 talis

146 2822 199 61 dependentia
305 2822 186 61 intrinseca
451 2822 93 61 vel
504 2822 186 61 extrinseca
650 2822 93 61 sit
703 2822 119 61 inter
782 2822 146 61 aliquid
888 2822 133 61 sortis
981 2822 80 61 et
1008 2822 66 61 ali

148 2873 91 53 quid
205 2873 137 53 platonis
307 2873 80 53 non
353 2873 137 53 plusquam
455 2873 102 53 inter
523 2873 114 53 sortem
603 2873 68 53 et
637 2873 148 53 platonem.
751 2873 91 53 Quia
808 2873 91 53 vero
865 2873 148 53 assumitur
979 2873 68 53 ad
1002 2873 68 53 pro-

141 2916 151 56 bationem:
257 2916 93 56 quia
316 2916 70 56 a.
350 2916 70 56 et
385 2916 70 56 b.
420 2916 93 56 sunt
478 2916 104 56 simul
548 2916 116 56 natura
629 2916 93 56 dico
687 2916 93 56 quod
745 2916 70 56 si
780 2916 70 56 a.
815 2916 70 56 et
849 2916 70 56 b.
884 2916 139 56 sumuntur
977 2916 93 56 signi-

147 2958 175 59 ficatiue
278 2958 102 59 hoc
337 2958 102 59 est
395 2958 131 59 magis
482 2958 145 59 falsum
584 2958 116 59 quam
657 2958 145 59 illud:
758 2958 87 59 ad
802 2958 131 59 cuius
875 2958 189 59 probationem

150 3005 163 59 accipitur:
279 3005 128 59 quoniam
372 3005 93 59 idem
430 3005 82 59 est
477 3005 105 59 dictu
547 3005 93 59 quod
605 3005 163 59 diceretur.
733 3005 70 59 a.
768 3005 82 59 non
815 3005 117 59 potest
897 3005 93 59 esse
955 3005 82 59 per
990 3005 70 59 ali-

145 3043 105 87 quam
210 3043 170 87 potentiam
341 3043 105 87 sine
407 3043 79 87 b.
446 3043 92 87 nec
499 3043 79 87 b.
538 3043 105 87 sine
603 3043 79 87 a.
643 3043 105 87 quod
708 3043 92 87 non
761 3043 118 87 solum
839 3043 92 87 non
892 3043 92 87 est
944 3043 118 87 verum
1010 3043 52 87 de

1134 262 85 91 a.
1176 262 85 91 et
1219 262 85 91 b.
1261 262 99 91 sed
1317 262 99 91 nec
1374 262 85 91 de
1416 262 183 91 aliquibus
1557 262 183 91 creaturis
1698 262 99 91 seu
1755 262 155 91 creatis
1853 262 198 91 entitatibus.

1135 334 86 71 et
1178 334 115 71 ideo
1250 334 129 71 nulle
1336 334 101 71 due
1393 334 187 71 entitates
1537 334 158 71 causate
1652 334 115 71 sunt
1724 334 129 71 simul
1810 334 115 71 nam.
1882 334 129 71 Cuius
1953 334 101 71 proba

1144 380 100 67 tio
1201 380 115 67 est:
1273 380 115 67 quia
1345 380 129 67 nulle
1431 380 100 67 due
1488 380 187 67 entitates
1632 380 115 67 sunt
1703 380 86 67 in
1747 380 129 67 mundo
1833 380 158 67 causate
1933 380 115 67 quarum

1141 425 131 60 neutra
1233 425 105 60 sine
1299 425 131 60 altera
1391 425 105 60 esse
1456 425 92 60 non
1509 425 131 60 potest
1601 425 105 60 sine
1667 425 237 60 contradictione
1864 425 79 60 et
1903 425 92 60 per
1943 425 105 60 poten-

1146 464 95 67 tiam
1206 464 143 67 diuinam.
1313 464 72 67 Si
1349 464 107 67 autem
1421 464 72 67 a.
1456 464 72 67 et
1492 464 72 67 b.
1528 464 143 67 sumantur
1635 464 191 67 materialiter
1790 464 84 67 pro
1838 464 143 67 terminis
1934 464 119 67 scilicet

1141 514 182 52 relatiuis
1281 514 182 52 concretis
1420 514 98 52 vel
1476 514 196 52 abstractis
1630 514 84 52 et
1672 514 168 52 sumentur
1798 514 126 52 simul
1881 514 112 52 esse
1937 514 112 52 natura

1141 555 81 56 vt
1182 555 217 56 verificentur
1359 555 81 56 de
1399 555 176 56 terminis:
1535 555 190 56 propositio
1684 555 122 56 esset
1766 555 122 56 vera:
1847 555 95 56 sed
1902 555 95 56 non
1942 555 109 56 probat

1135 609 212 46 propositum.
1305 609 99 46 Nam
1361 609 99 46 hoc
1418 609 113 46 modo
1489 609 113 46 isti
1560 609 156 46 termini
1673 609 127 46 pater
1758 609 85 46 et
1800 609 142 46 filius
1899 609 113 46 sunt
1956 609 99 46 simul

1131 645 166 58 natura.
1252 645 106 58 Nam
1312 645 136 58 inter
1403 645 106 58 eos
1463 645 257 58 significatiue
1675 645 166 58 sumptos
1795 645 227 58 conuertitur
1961 645 91 58 sub-

1137 684 149 68 sistendi
1248 684 198 68 consequentia
1409 684 87 68 nec
1459 684 99 68 esse
1521 684 149 68 existere
1632 684 124 68 potest
1719 684 74 68 de
1756 684 124 68 altero
1842 684 186 68 verificari:
1979 684 74 68 quin

1135 732 207 59 verificari
1298 732 133 59 simul
1387 732 148 59 possit
1490 732 89 59 de
1534 732 177 59 reliquo:
1668 732 89 59 et
1712 732 133 59 tamen
1801 732 104 59 non
1860 732 192 59 sequitur.
1993 732 59 59 pa

1130 775 93 60 ter
1183 775 80 60 et
1223 775 133 60 filius
1316 775 106 60 sunt
1382 775 120 60 simul
1462 775 146 60 natura.
1568 775 106 60 ergo
1635 775 120 60 pater
1715 775 93 60 non
1768 775 133 60 potest
1861 775 106 60 esse
1927 775 106 60 sine
1981 775 66 60 fi-

1131 809 95 64 lio.
1190 809 83 64 Nam
1238 809 166 64 consequens
1369 809 83 64 est
1416 809 131 64 falsum:
1511 809 71 64 et
1547 809 166 64 antecedens
1677 809 107 64 verum
1748 809 71 64 in
1784 809 107 64 sensu
1855 809 131 64 proxime
1938 809 107 64 premis-

1129 854 97 58 so.
1184 854 83 58 Et
1226 854 97 58 ita
1281 854 97 58 est
1336 854 83 58 in
1378 854 179 58 proposito
1516 854 83 58 de
1557 854 83 58 a.
1599 854 83 58 et
1640 854 83 58 b.
1681 854 83 58 Et
1723 854 138 58 posset
1819 854 138 58 contra
1916 854 97 58 eos
1957 854 97 58 argui

1139 898 106 69 quod
1205 898 119 69 pater
1285 898 93 69 non
1338 898 159 69 refertur
1457 898 80 69 ad
1497 898 133 69 filium
1590 898 172 69 relatione
1722 898 80 69 ad
1762 898 80 69 se
1802 898 172 69 distincta
1935 898 93 69 per
1974 898 80 69 hunc

1130 945 115 54 modum
1207 945 153 54 arguendi
1322 945 102 54 sic.
1385 945 115 54 pater
1462 945 89 54 non
1513 945 128 54 potest
1602 945 102 54 esse
1666 945 102 54 sine
1730 945 128 54 filio.
1819 945 102 54 ergo
1883 945 89 54 nec
1934 945 102 54 sine
1985 945 64 54 re-

1127 980 136 70 latione
1226 980 87 70 sui
1275 980 74 70 ad
1312 980 124 70 filium
1399 980 148 70 scilicet
1510 980 198 70 paternitate.
1671 980 62 70 ⁋
1696 980 74 70 2o
1733 980 74 70 si
1770 980 74 70 a.
1807 980 74 70 et
1844 980 74 70 b.
1881 980 99 70 sunt
1931 980 111 70 seipsis

1131 1032 119 64 eadem.
1215 1032 107 64 eadem
1286 1032 131 64 ratione
1382 1032 119 64 sortes
1465 1032 72 64 et
1501 1032 107 64 plato
1573 1032 95 64 quod
1632 1032 131 64 probat:
1728 1032 95 64 quia
1787 1032 84 64 non
1835 1032 107 64 minus
1907 1032 95 64 sunt
1955 1032 95 64 essen-

1131 1069 121 63 tialiter
1222 1069 81 63 vnum
1273 1069 111 63 speciem
1354 1069 101 63 sortis
1424 1069 61 63 et
1455 1069 121 63 platonis
1546 1069 81 63 quam
1597 1069 61 63 a.
1627 1069 61 63 et
1657 1069 61 63 b.
1688 1069 81 63 ergo
1738 1069 71 63 non
1779 1069 91 63 minus
1839 1069 172 63 essentialiter
1981 1069 61 63 et
2001 1069 51 63 se-

1135 1112 124 63 ipsis
1218 1112 111 63 idem
1287 1112 97 63 nec
1343 1112 124 63 magis
1426 1112 249 63 accidentaliter
1633 1112 111 63 siue
1702 1112 97 63 per
1757 1112 194 63 accidentia
1896 1112 138 63 inheren-

1129 1160 91 60 tia
1181 1160 104 60 sunt
1246 1160 104 60 idem
1312 1160 104 60 quam
1377 1160 78 60 a.
1416 1160 78 60 et
1455 1160 78 60 b.
1494 1160 65 60 ⁋
1520 1160 78 60 6o
1559 1160 104 60 idem
1625 1160 117 60 probo
1703 1160 78 60 de
1742 1160 157 60 opposita
1859 1160 170 60 relatione
1977 1160 65 60 que

1123 1198 152 65 dicitur
1234 1198 207 65 distinctio.
1399 1198 83 65 Et
1441 1198 124 65 arguo
1523 1198 110 65 sic:
1592 1198 97 65 per
1648 1198 138 65 nullam
1744 1198 179 65 entitatem
1882 1198 110 65 sibi
1937 1198 97 65 inhe-

1130 1242 118 69 rentem
1213 1242 118 69 aliqua
1296 1242 83 69 res
1343 1242 83 69 est
1391 1242 71 69 id
1426 1242 95 69 quod
1485 1242 95 69 illa
1545 1242 201 69 essentialiter
1710 1242 95 69 est.
1770 1242 107 69 Licet
1841 1242 118 69 aliqua
1924 1242 83 69 per
1959 1242 83 69 aliam

1127 1288 106 57 sibi
1193 1288 186 57 inherentem
1339 1288 93 57 sit
1392 1288 119 57 talis
1472 1288 93 57 vel
1525 1288 133 57 talis:
1618 1288 93 57 non
1671 1288 119 57 tamen
1750 1288 93 57 est
1803 1288 93 57 hoc
1856 1288 93 57 vel
1909 1288 119 57 illud
1976 1288 66 57 si-

1126 1328 81 61 ue
1166 1328 121 61 illud
1247 1328 108 61 quod
1314 1328 108 61 ipsa
1382 1328 108 61 est.
1449 1328 81 61 Et
1490 1328 94 61 per
1544 1328 135 61 nullam
1638 1328 121 61 etiam
1719 1328 108 61 sibi
1787 1328 202 61 inherentem:
1935 1328 108 61 aliqua

1122 1377 100 62 res
1179 1377 100 62 non
1236 1377 100 62 est
1293 1377 85 62 ea
1335 1377 100 62 res
1392 1377 100 62 que
1449 1377 114 62 ipsa
1520 1377 100 62 non
1577 1377 114 62 est.
1648 1377 128 62 Uerbi
1734 1377 142 62 gratia
1833 1377 100 62 per
1890 1377 142 62 nullam
1976 1377 71 62 rem

1128 1415 113 66 sibi
1198 1415 197 66 inherentem
1353 1415 141 66 sortes
1452 1415 99 66 non
1508 1415 99 66 est
1564 1415 141 66 plato.
1663 1415 183 66 destructa
1804 1415 113 66 enim
1874 1415 169 66 qualibet
1987 1415 56 66 re

1126 1457 181 63 inherente
1265 1457 125 63 sorte
1348 1457 97 63 non
1404 1457 125 63 minus
1487 1457 139 63 sortes
1585 1457 97 63 non
1640 1457 125 63 esset
1723 1457 139 63 plato.
1821 1457 111 63 ergo
1890 1457 97 63 per
1932 1457 111 63 nullam

1116 1507 99 53 rem
1172 1507 113 53 sibi
1243 1507 197 53 inherentem
1398 1507 141 53 aliqua
1496 1507 99 53 res
1553 1507 99 53 est
1609 1507 183 53 distincta
1750 1507 225 53 esentialiter
1933 1507 85 53 ab
1961 1507 85 53 alia

1122 1544 83 61 re.
1169 1544 106 61 Patet
1240 1544 189 61 consequentia
1394 1544 94 61 quia
1453 1544 71 61 ad
1488 1544 83 61 hoc
1535 1544 94 61 quod
1595 1544 83 61 hec
1642 1544 83 61 res
1689 1544 83 61 sit
1736 1544 142 61 disticta
1842 1544 71 61 ab
1878 1544 106 61 illa.
1937 1544 118 61 Sufficit

1119 1593 104 58 quod
1184 1593 91 58 tam
1236 1593 91 58 hec
1289 1593 104 58 quam
1354 1593 104 58 illa
1419 1593 104 58 sit:
1484 1593 78 58 et
1523 1593 91 58 hec
1575 1593 91 58 non
1628 1593 91 58 sit
1680 1593 117 58 illa:
1758 1593 91 58 nec
1810 1593 91 58 est
1862 1593 130 58 aliqua
1941 1593 104 58 super-

1120 1639 159 45 addita
1232 1639 223 45 opportuna.
1407 1639 80 45 ⁋
1439 1639 96 45 2o
1487 1639 96 45 si
1535 1639 159 45 sortes
1646 1639 112 45 est
1710 1639 223 45 distinctus
1886 1639 80 45 a
1901 1639 144 45 platone

1126 1679 99 56 per
1182 1679 155 56 aliquam
1295 1679 99 56 rem
1352 1679 113 56 sibi
1422 1679 198 56 inherentem
1577 1679 99 56 que
1634 1679 99 56 sit
1690 1679 212 56 distinctio.
1860 1679 127 56 iuxta
1930 1679 113 56 dictum

1131 1715 160 58 aliorum.
1251 1715 147 58 Constat
1358 1715 107 58 quod
1425 1715 107 58 ipse
1491 1715 94 58 est
1545 1715 187 58 distinctus
1692 1715 80 58 ab
1732 1715 107 58 illa
1799 1715 227 58 distinctione:
1972 1715 67 58 aut

1124 1766 101 48 ergo
1188 1766 139 48 seipso:
1289 1766 76 48 et
1327 1766 114 48 eadem
1403 1766 139 48 ratione
1504 1766 89 48 est
1555 1766 177 48 distinctus
1694 1766 127 48 seipso
1783 1766 63 48 a
1808 1766 139 48 platone
1910 1766 76 48 et
1948 1766 63 48 a
1960 1766 89 48 quoli

1116 1803 102 61 bet
1175 1803 131 61 alio:
1262 1803 87 61 et
1305 1803 102 61 non
1363 1803 116 61 omne
1436 1803 189 61 relatiuum
1581 1803 102 61 est
1639 1803 189 61 relatiuum
1785 1803 102 61 per
1843 1803 189 61 entitatem
1973 1803 73 61 vel

1122 1849 205 49 relationem
1283 1849 117 49 sibi
1357 1849 220 49 inherentem:
1532 1849 103 49 aut
1591 1849 103 49 est
1650 1849 205 49 distinctus
1811 1849 88 49 ab
1855 1849 117 49 illa
1913 1849 132 49 distin-

1110 1898 140 44 ctione
1208 1898 98 44 per
1264 1898 126 44 aliam
1348 1898 253 44 distinctionem:
1559 1898 84 44 et
1601 1898 98 44 sic
1657 1898 84 44 in
1699 1898 140 44 infin.
1797 1898 70 44 ⁋
1826 1898 84 44 3o
1868 1898 126 44 sicut
1938 1898 112 44 aliqui

1121 1936 138 53 arguunt
1222 1936 101 53 sic:
1285 1936 76 53 si
1323 1936 126 53 sortes
1411 1936 88 53 non
1461 1936 126 53 seipso
1549 1936 88 53 sed
1600 1936 189 53 distictione
1751 1936 189 53 superaddita
1902 1936 88 53 est
1939 1936 101 53 distin

1122 1979 108 61 guatur
1198 1979 54 61 a
1219 1979 118 61 platone
1305 1979 86 61 ergo
1359 1979 65 61 et
1391 1979 86 61 illa
1445 1979 151 61 distinctio
1564 1979 161 61 distiguitur
1693 1979 54 61 a
1714 1979 172 61 distinctione
1854 1979 129 61 platonis
1951 1979 54 61 a
1962 1979 86 61 sorte.

1123 2024 62 54 et
1154 2024 134 54 similiter
1257 2024 62 54 ab
1288 2024 82 54 ipso
1339 2024 93 54 sorte
1401 2024 72 54 per
1442 2024 93 54 aliam
1504 2024 186 54 distinctionem:
1659 2024 62 54 et
1690 2024 72 54 sic
1731 2024 134 54 processus
1834 2024 82 54 erit
1886 2024 62 54 in
1906 2024 124 54 infinitum.

1117 2065 64 53 ⁋
1143 2065 89 53 Sed
1194 2065 102 53 huic
1258 2065 102 53 idem
1322 2065 128 53 doctor
1411 2065 179 53 respondet.
1552 2065 128 53 dicens
1641 2065 102 53 quod
1705 2065 179 53 distinctio
1845 2065 102 53 illa
1896 2065 141 53 distigui-

1120 2109 100 50 tur
1177 2109 71 50 a
1205 2109 200 50 fundamento
1363 2109 157 50 seipsa:
1477 2109 86 50 et
1520 2109 143 50 seipsa
1620 2109 171 50 refertur
1748 2109 86 50 ad
1791 2109 143 50 illud.
1891 2109 129 50 ratio
1963 2109 71 50 est

1119 2149 103 66 qui
1178 2149 118 66 ipsa
1252 2149 103 66 non
1311 2149 147 66 potest
1414 2149 118 66 esse
1487 2149 147 66 absque
1591 2149 206 66 fundamento
1752 2149 103 66 vel
1811 2149 118 66 sine
1885 2149 103 66 se:
1929 2149 118 66 absque

1114 2196 265 59 contradictione:
1337 2196 111 59 ipsa
1406 2196 125 59 autem
1490 2196 181 59 existente
1629 2196 84 59 in
1671 2196 195 59 fundamento
1824 2196 111 59 ambo
1894 2196 125 59 simul
1963 2196 84 59 sunt

1114 2238 189 61 extrema
1251 2238 154 61 vnius
1354 2238 240 61 relationis
1543 2238 120 61 que
1611 2238 120 61 est
1680 2238 137 61 eius
1766 2238 103 61 ad
1800 2238 240 61 fundamentum.

1119 2279 118 59 ergo
1193 2279 118 59 ipsa
1267 2279 103 59 non
1326 2279 147 59 potest
1429 2279 118 59 esse
1502 2279 147 59 absque
1606 2279 265 59 contradictione
1827 2279 118 59 siue
1886 2279 147 59 relatio-

1109 2324 94 54 ne
1156 2324 109 54 sui
1219 2324 94 54 ad
1265 2324 250 54 fundamentum:
1468 2324 94 54 et
1515 2324 125 54 illa
1593 2324 172 54 relatio
1718 2324 109 54 qua
1781 2324 187 54 refertur
1921 2324 94 54 ad
1952 2324 94 54 fun-

1111 2368 160 57 damentum
1231 2368 93 57 est
1284 2368 120 57 eadem
1364 2368 107 57 sibi
1431 2368 133 57 sortes
1524 2368 93 57 aut
1577 2368 213 57 distinguitur
1751 2368 67 57 a
1777 2368 147 57 platone
1871 2368 173 57 distinctio-

1120 2412 83 55 ne
1162 2412 124 55 media
1244 2412 96 55 que
1299 2412 96 55 non
1354 2412 96 55 est
1409 2412 110 55 sibi
1478 2412 138 55 eadem:
1575 2412 110 55 quia
1644 2412 138 55 potest
1740 2412 110 55 esse
1809 2412 110 55 sine
1878 2412 96 55 ea:
1919 2412 124 55 quoniam

1113 2454 149 63 potest
1217 2454 119 63 esse
1292 2454 119 63 sine
1366 2454 164 63 termino
1485 2454 104 63 qui
1544 2454 104 63 est
1604 2454 149 63 plato.
1708 2454 74 63 ⁋
1738 2454 164 63 Contra.
1857 2454 134 63 primo
1946 2454 134 63 sequi

1122 2498 87 63 tur
1171 2498 99 63 quod
1233 2498 124 63 sortes
1320 2498 87 63 sit
1370 2498 174 63 distinctus
1507 2498 62 63 a
1532 2498 199 63 distinctione
1693 2498 87 63 sui
1743 2498 75 63 et
1780 2498 62 63 a
1805 2498 137 63 platone
1904 2498 87 63 per
1942 2498 99 63 distin

1108 2537 157 66 ctionem
1222 2537 157 66 mediam:
1336 2537 86 66 et
1379 2537 86 66 ab
1422 2537 114 66 illa
1494 2537 100 66 per
1551 2537 129 66 aliam
1637 2537 86 66 in
1680 2537 200 66 infinitum:
1837 2537 114 66 quod
1908 2537 114 66 iste
1966 2537 71 66 do-

1112 2588 124 54 ctor
1189 2588 170 54 reputat
1312 2588 262 54 inconueniens.
1528 2588 93 54 Et
1575 2588 139 54 istud
1667 2588 93 54 ex
1714 2588 154 54 dictis
1822 2588 108 54 sic
1868 2588 170 54 responden

1114 2624 94 59 tis
1167 2624 121 59 clare
1248 2624 175 59 probatur:
1383 2624 108 59 quia
1451 2624 81 59 vt
1491 2624 189 59 euidentius
1639 2624 108 59 fiat
1707 2624 189 59 distinctio
1855 2624 94 59 qua
1909 2624 135 59 sortes
1990 2624 54 59 di

1112 2663 179 68 stinguitur
1253 2663 64 68 a
1278 2663 140 68 platone
1380 2663 89 68 sit
1431 2663 77 68 a.
1470 2663 77 68 et
1508 2663 179 68 distinctio
1648 2663 89 68 qua
1699 2663 128 68 sortes
1789 2663 204 68 distinguitur
1954 2663 77 68 ab
1980 2663 51 68 a.

1114 2720 153 50 vocetur
1225 2720 83 50 b.
1267 2720 153 50 platone
1378 2720 111 50 ergo
1448 2720 97 50 est
1503 2720 167 50 terminus
1628 2720 139 50 ipsius
1725 2720 83 50 a.
1767 2720 83 50 et
1809 2720 83 50 a.
1850 2720 97 50 est
1892 2720 139 50 terminus

1104 2757 141 55 ipsius
1202 2757 84 55 b.
1245 2757 113 55 tunc
1315 2757 141 55 arguo.
1414 2757 141 55 sortes
1512 2757 141 55 potest
1611 2757 113 55 esse
1681 2757 113 55 sine
1751 2757 84 55 a.
1794 2757 113 55 ergo
1864 2757 141 55 potest
1949 2757 84 55 esse

1111 2800 109 56 sine
1180 2800 82 56 b.
1221 2800 192 56 Antecedens
1371 2800 178 56 probatur.
1508 2800 109 56 quia
1577 2800 137 56 sortes
1672 2800 137 56 potest
1768 2800 109 56 esse
1836 2800 109 56 sine
1891 2800 137 56 platone.

1111 2844 134 60 igitur
1205 2844 134 60 potest
1299 2844 107 60 esse
1366 2844 107 60 sine
1433 2844 81 60 a.
1473 2844 215 60 Consequentia
1648 2844 121 60 tenet
1728 2844 161 60 secundum
1849 2844 107 60 eos:
1916 2844 121 60 sicut
1983 2844 54 60 et

1121 2886 104 53 hec
1180 2886 104 53 per
1240 2886 119 53 quam
1314 2886 178 53 probatur
1447 2886 222 53 antecedens:
1625 2886 89 53 et
1670 2886 133 53 eodem
1758 2886 119 53 modo
1833 2886 178 53 probatur
1951 2886 89 53 quod

1115 2929 138 53 sortes
1212 2929 220 53 distinguitur
1390 2929 69 53 a
1418 2929 83 53 b.
1459 2929 96 53 per
1514 2929 124 53 aliam
1597 2929 248 53 distinctionem.
1803 2929 124 53 verbi
1886 2929 151 53 gratia.
1982 2929 55 53 c.

1116 2975 85 57 qui
1164 2975 121 57 sortes
1249 2975 121 57 potest
1334 2975 97 57 esse
1395 2975 97 57 sine
1455 2975 73 57 b.
1492 2975 97 57 ergo
1552 2975 73 57 et
1589 2975 97 57 sine
1649 2975 73 57 c.
1686 2975 109 57 cuius
1758 2975 145 57 terminus
1867 2975 85 57 est
1916 2975 73 57 b.
1952 2975 73 57 et
1976 2975 61 57 sic

1114 3019 79 52 de
1153 3019 158 52 qualibet
1272 3019 145 52 semper:
1377 3019 105 52 quia
1442 3019 131 52 semper
1534 3019 171 52 posterior
1666 3019 92 52 est
1719 3019 158 52 terminus
1837 3019 145 52 prioris
1929 3019 105 52 distin

1111 3059 135 66 ctionis.
1212 3059 56 66 ⁋
1235 3059 147 66 Praeterea
1348 3059 102 66 capio
1415 3059 192 66 distinctionem
1574 3059 113 66 sortis
1653 3059 68 66 et
1686 3059 135 66 platonis
1788 3059 68 66 et
1822 3059 79 66 sit
1867 3059 68 66 a.
1901 3059 68 66 et
1923 3059 102 66 distin
