2441 3518
211 225 202 86 Delectatio
370 225 116 86 vero
442 225 101 86 dum
500 225 101 86 est
557 225 188 86 praesens.
702 225 159 86 idipsum
818 225 116 86 enim
890 225 173 86 praesens
1005 225 145 86 delectat

216 287 120 67 quod
291 287 120 67 ante
366 287 254 67 desiderabatur
575 287 105 67 dum
635 287 120 67 erat
709 287 179 67 futurum:
844 287 90 67 et
889 287 164 67 constat
1008 287 120 67 quod
1068 287 75 67 de-

218 324 193 75 siderium
363 324 97 75 et
411 324 226 75 delectatio
588 324 145 75 circa
685 324 129 75 idem
766 324 113 75 non
830 324 129 75 sunt
894 324 242 75 compossibiles

219 364 89 74 in
264 364 149 74 eodem:
368 364 104 74 non
427 364 104 74 est
487 364 119 74 enim
561 364 193 74 possibile
710 364 119 74 quod
784 364 119 74 quis
858 364 134 74 simul
948 364 193 74 desideret
1082 364 59 74 et

210 405 201 79 delectetur
368 405 86 79 in
411 405 158 79 aliquo:
526 405 158 79 proprie
641 405 173 79 loquendo
770 405 86 79 de
814 405 158 79 talibus
929 405 173 79 actibus.
1044 405 86 79 Idem

217 456 111 68 est
280 456 95 68 de
328 456 111 68 spe
391 456 95 68 et
438 456 221 68 fruitione.
612 456 111 68 Nam
676 456 95 68 eo
723 456 126 68 quod
802 456 190 68 speramus
944 456 190 68 fruemur:
1071 456 63 68 et

212 496 121 79 tamen
292 496 94 79 non
346 496 162 79 possumus
468 496 121 79 simul
548 496 121 79 eodem
629 496 108 79 frui
697 496 81 79 et
737 496 121 79 illud
818 496 162 79 sperare:
939 496 81 79 vt
980 496 121 79 patet
1047 496 81 79 ergo

220 540 131 73 augnum
312 540 131 73 supra.
403 540 79 73 et
442 540 92 73 per
495 540 170 73 aporitis.
626 540 79 73 ad
665 540 118 73 ratio
743 540 79 73 in
783 540 196 73 auctoritate
940 540 157 73 superius
1044 540 92 73 alle-

200 598 138 58 gata.
292 598 77 58 â‹
322 598 92 58 Ad
368 598 275 58 confirmationem
598 598 138 58 dico:
689 598 122 58 quod
766 598 107 58 non
827 598 184 58 occurrit
965 598 138 58 michi
1041 598 92 58 pro-

197 635 116 66 nunc
270 635 116 66 vbi.
343 635 87 66 p.
386 635 116 66 post
459 635 276 66 demonstrationes
692 635 160 66 inducat
808 635 160 66 aliorum
910 635 218 66 auctoritates:

214 669 156 78 quaeuis
327 669 184 78 aliquando
469 669 113 78 post
539 669 113 78 suas
610 669 283 78 argumentationes:
851 669 99 78 que
908 669 142 78 quidem
1007 669 99 78 non
1049 669 85 78 sunt

197 712 264 78 demonstratiue:
417 712 103 78 sed
476 712 205 78 probabiles
637 712 88 78 et
681 712 205 78 dialetice:
842 712 161 78 alleget
959 712 132 78 etiam
1032 712 103 78 aucto

202 757 150 77 ritates
311 757 163 77 aliorum.
434 757 109 77 Dato
502 757 122 77 tamen
583 757 109 77 quod
651 757 95 77 hoc
705 757 163 77 faceret:
828 757 109 77 post
882 757 245 77 demonstrationes.

200 802 131 75 puto
281 802 147 75 tamen
379 802 114 75 non
445 802 98 75 id
494 802 114 75 eum
559 802 163 75 facere
674 802 98 75 vt
723 802 114 75 per
788 802 114 75 eas
853 802 196 75 causaret
984 802 147 75 aliquem

195 850 216 64 assensum.
361 850 116 64 Tum
428 850 133 64 quia
511 850 133 64 bene
594 850 199 64 sciebat:
743 850 133 64 quod
826 850 183 64 habenti
942 850 183 64 euidentem

192 888 184 73 noticiam
329 888 122 73 siue
406 888 214 73 immediatam
574 888 122 73 siue
651 888 260 73 scientificam:
865 888 214 73 auctoritas
1018 888 107 73 alte-

197 930 127 74 rius
276 930 159 74 nullum
387 930 159 74 causat
498 930 111 74 vel
562 930 143 74 auget
657 930 206 74 assensum:
816 930 127 74 vnde
895 930 95 74 si
943 930 143 74 omnes
1022 930 95 74 mun-

201 971 90 71 di
246 971 165 71 homines
366 971 135 71 michi
457 971 301 71 testificarentur:
712 971 120 71 quod
787 971 90 71 si
832 971 90 71 ab
877 971 195 71 equalibus
1013 971 105 71 equa-

192 1010 105 86 lia
252 1010 181 86 demantur
388 1010 105 86 que
448 1010 241 86 relinquuntur
643 1010 166 86 equalia
764 1010 150 86 erunt:
869 1010 105 86 aut
929 1010 120 86 quod
1005 1010 105 86 ego
1050 1010 75 86 vi-

197 1060 106 75 uo:
258 1060 106 75 vel
318 1060 121 75 quod
394 1060 213 75 cuiuslibet
561 1060 197 75 trianguli
713 1060 152 75 anguli
819 1060 152 75 valent
926 1060 121 75 duos
986 1060 137 75 rectos:

185 1098 109 78 aut
248 1098 172 78 aliquid
373 1098 172 78 aliorum
498 1098 109 78 que
561 1098 141 78 michi
655 1098 125 78 nota
733 1098 125 78 sunt
811 1098 203 78 euidenter
967 1098 109 78 non
1014 1098 94 78 plus

182 1155 232 62 assentirem:
367 1155 124 62 quam
445 1155 93 62 si
491 1155 155 62 nullus
599 1155 108 62 hoc
661 1155 186 62 diceret.
801 1155 108 62 Tum
862 1155 124 62 quia
924 1155 186 62 frequenter

178 1196 167 65 talium
295 1196 266 65 auctoritates
511 1196 200 65 inducit:
661 1196 167 65 quorum
778 1196 167 65 dictis
894 1196 117 65 nec
961 1196 133 65 ipse
1028 1196 83 65 da-

185 1234 113 75 bat
250 1234 113 75 nec
314 1234 146 75 circa
411 1234 129 75 suos
492 1234 210 75 auditores
654 1234 129 75 dare
735 1234 194 75 volebat:
881 1234 113 75 nec
945 1234 113 75 nos
994 1234 113 75 etiam

182 1283 151 74 vllum
283 1283 151 74 damus
383 1283 217 74 assensum.
550 1283 84 74 â‹
584 1283 100 74 Ad
634 1283 134 74 quid
717 1283 167 74 igitur
834 1283 217 74 allegabat
985 1283 117 74 eorum

181 1320 155 73 dicta:
289 1320 155 73 potest
397 1320 124 73 dici
475 1320 93 73 vt
521 1320 217 73 ostenderet
692 1320 263 73 conuenientiam
909 1320 186 73 doctrine
1033 1320 77 73 sue

181 1371 98 60 cum
237 1371 182 60 doctrinis
377 1371 168 60 aliorum:
503 1371 98 60 vel
559 1371 182 60 aliquando
698 1371 84 60 vt
740 1371 98 60 qui
796 1371 266 60 demonstrationes
1006 1371 112 60 capere

174 1406 108 76 non
235 1406 124 76 sunt
313 1406 170 76 ydonei:
436 1406 278 76 auctoritatibus
668 1406 155 76 causet
776 1406 201 76 assensum:
931 1406 108 76 aut
977 1406 124 76 aliqua

182 1450 129 80 alia
263 1450 146 80 causa
360 1450 129 80 sibi
441 1450 146 80 nota.
538 1450 81 80 â‹
570 1450 97 80 Ad
619 1450 97 80 2m
667 1450 129 80 nego
748 1450 194 80 maiorem.
894 1450 97 80 Ad
926 1450 178 80 probatio-

173 1497 108 72 nem
234 1497 139 72 dico:
327 1497 124 72 quod
404 1497 108 72 non
466 1497 155 72 semper
574 1497 185 72 assensus
714 1497 139 72 circa
806 1497 247 72 conclusionem
992 1497 108 72 natus

170 1548 138 71 causari
271 1548 75 71 ex
308 1548 176 71 assensibus
447 1548 113 71 circa
522 1548 188 71 praemissas:
672 1548 176 71 consequens
810 1548 88 71 est
861 1548 75 71 ad
898 1548 113 71 illos
961 1548 138 71 assensus:

184 1581 95 70 qui
239 1581 95 70 non
293 1581 108 70 tunc
360 1581 135 70 quando
455 1581 162 70 potentia
577 1581 95 70 non
631 1581 95 70 est
685 1581 108 70 apta
752 1581 176 70 recipere.
888 1581 122 70 Actus
969 1581 108 70 enim
1023 1581 81 70 acti

170 1636 139 61 uorum
262 1636 123 61 sunt
339 1636 93 61 in
385 1636 185 61 patiente
524 1636 216 61 disposito.
694 1636 93 61 2o
740 1636 93 61 de
786 1636 154 61 anima.
894 1636 77 61 â‹
910 1636 200 61 Intellectus

178 1678 128 66 autem
263 1678 142 66 habens
362 1678 170 66 assensum
490 1678 227 66 scientificum
675 1678 85 66 de
718 1678 213 66 conclusione
888 1678 99 66 non
945 1678 99 66 est
988 1678 99 66 aptus

164 1714 131 69 tunc
245 1714 147 69 simul
344 1714 196 69 recipere
491 1714 196 69 assensum
638 1714 229 69 tantummodo
818 1714 196 69 creditum
965 1714 115 69 seu
1014 1714 82 69 fi-

171 1758 120 63 dem:
246 1758 90 63 et
291 1758 105 63 est
351 1758 135 63 satis
442 1758 210 63 conueniens
607 1758 165 63 exmpium
727 1758 90 63 in
772 1758 256 63 corporalibus.
983 1758 105 63 Nam
1028 1758 75 63 ca-

170 1798 140 75 lefactio
275 1798 128 75 videtur
369 1798 93 75 esse
427 1798 175 75 naturaliter
567 1798 163 75 consequens
696 1798 222 75 illuminationem:
882 1798 93 75 vnde
941 1798 82 75 sol
976 1798 128 75 illuminam

164 1852 78 59 do
203 1852 183 59 calefacit:
347 1852 78 59 et
386 1852 117 59 tamen
464 1852 91 59 non
516 1852 78 59 in
555 1852 170 59 quocumque
686 1852 130 59 causat
777 1852 117 59 lumen
855 1852 130 59 causat
933 1852 157 59 consequens

161 1887 192 69 calorem.
305 1887 208 69 Illuminat
465 1887 128 69 enim
545 1887 160 69 speras
657 1887 240 69 inferiores:
849 1887 128 69 quas
929 1887 144 69 tamen
1009 1887 80 69 non

168 1927 214 76 calefacit:
336 1927 122 76 quia
412 1927 122 76 ille
488 1927 107 76 non
549 1927 122 76 sunt
625 1927 214 76 susceptiue
793 1927 183 76 caloris:
930 1927 92 76 et
961 1927 137 76 idipsum

168 1977 230 69 contingeret
352 1977 92 69 in
398 1977 138 69 aere:
489 1977 92 69 si
535 1977 123 69 deus
612 1977 169 69 aliquam
735 1977 153 69 formam
827 1977 260 69 incompossibilem

166 2014 141 75 calori
265 2014 169 75 causaret
392 2014 85 75 in
434 2014 127 75 aere.
519 2014 71 75 â‹
547 2014 85 75 Si
589 2014 169 75 dicatur:
716 2014 85 75 ex
758 2014 99 75 hoc
815 2014 183 75 sequitur:
956 2014 113 75 quod
1012 2014 71 75 pos

163 2055 114 78 sibile
243 2055 80 78 est
288 2055 172 78 naturaliter
426 2055 149 78 assentire
540 2055 160 78 praemissis
666 2055 69 78 et
700 2055 80 78 non
746 2055 149 78 assentire
860 2055 183 78 conclusioni.
998 2055 92 78 contra

163 2101 134 73 illud
252 2101 148 73 dictum
356 2101 89 73 in
401 2101 237 73 praecedenti.
593 2101 89 73 q.
638 2101 74 73 â‹
668 2101 178 73 Negandum
801 2101 104 73 est
860 2101 104 73 hoc
920 2101 148 73 sequi.
1009 2101 74 73 Nam

171 2145 117 74 iste
244 2145 102 74 qui
303 2145 131 74 habet
390 2145 189 74 scientiam
536 2145 87 74 et
579 2145 146 74 medium
681 2145 218 74 theologicum
856 2145 146 74 vtique
943 2145 146 74 assentit

156 2197 200 66 conclusioni:
319 2197 113 66 licet
394 2197 88 66 non
444 2197 88 66 per
495 2197 150 66 assensum
607 2197 150 66 causatum
720 2197 75 66 ex
757 2197 100 66 illo
820 2197 113 66 medio
895 2197 188 66 theologico:
1033 2197 50 66 et

162 2241 153 62 vtique
269 2241 214 62 assentiret
436 2241 137 62 etiam
528 2241 107 62 per
589 2241 183 62 assensum
726 2241 183 62 causatum
863 2241 92 62 ex
909 2241 122 62 illo
970 2241 107 62 medio

169 2280 114 65 nisi
240 2280 129 65 alius
326 2280 171 65 assensus
454 2280 86 65 in
497 2280 86 65 eo
540 2280 114 65 sibi
612 2280 271 65 incompossibilis
840 2280 200 65 haberetur:
983 2280 100 65 incon

161 2320 143 73 ueniens
265 2320 117 73 autem
343 2320 117 73 esset
422 2320 78 73 si
461 2320 169 73 premisser
591 2320 182 73 assentiret
734 2320 78 73 et
773 2320 91 73 non
825 2320 208 73 conclusioni.
995 2320 65 73 â‹
1008 2320 78 73 Ter-

159 2362 83 72 tia
206 2362 153 72 conclusio
324 2362 165 72 videlibet:
454 2362 94 72 quod
513 2362 118 72 theous
596 2362 130 72 habitus
690 2362 83 72 est
738 2362 201 72 compossibilis
903 2362 142 72 scientie
997 2362 83 72 actui

162 2407 74 71 et
199 2407 148 71 scientia
310 2407 136 71 habitus
408 2407 99 71 theo
470 2407 99 71 modo
532 2407 123 71 actui.
618 2407 148 71 Probatu.
729 2407 99 71 quia
790 2407 86 71 non
840 2407 111 71 minus
914 2407 99 71 iste
963 2407 111 71 habitus

164 2450 105 70 illi
229 2450 118 70 actui
308 2450 92 70 est
361 2450 223 70 compossibilis
544 2450 105 70 quam
610 2450 144 70 habitui
715 2450 157 70 virtutis
833 2450 92 70 vel
885 2450 118 70 vicii
964 2450 92 70 sit
1003 2450 79 70 con-

161 2503 176 59 possibilis
299 2503 113 59 actus
375 2503 75 59 de
412 2503 163 59 graesenie
538 2503 125 59 actuum
626 2503 151 59 oppositi
738 2503 151 59 habitus:
851 2503 75 59 et
889 2503 113 59 actui
952 2503 125 59 scientie

154 2542 152 63 habitus
265 2542 152 63 errorum
375 2542 180 63 oppositi:
513 2542 138 63 patet:
610 2542 83 63 eo
652 2542 111 63 quod
721 2542 138 63 maior:
817 2542 97 63 vel
873 2542 97 63 non
928 2542 138 63 saltem
1011 2542 69 63 mi-

157 2591 101 58 nor
214 2591 130 58 inter
301 2591 101 58 eas
359 2591 144 58 repuis
460 2591 188 58 videatur:
604 2591 101 58 sed
662 2591 115 58 ista
734 2591 115 58 sunt
806 2591 260 58 compossibilia:
1008 2591 58 58 pa

156 2627 117 69 enim
229 2627 233 69 experiensia.
419 2627 102 69 Nam
477 2627 160 69 aliquis
593 2627 233 69 habitualiter
783 2627 175 69 vitiosus
914 2627 146 69 potest
1001 2627 73 69 eli

146 2667 108 63 cere
213 2667 108 63 vnum
280 2667 121 63 actum
361 2667 81 63 de
402 2667 175 63 graesenie
537 2667 162 63 virtutis
658 2667 94 63 non
712 2667 162 63 perdendo
833 2667 175 63 totaliter
955 2667 121 63 habitum

156 2721 139 61 vicii:
253 2721 83 61 et
295 2721 97 61 ita
351 2721 111 61 vnus
420 2721 139 61 habens
518 2721 153 61 habitum
629 2721 153 61 errorum
740 2721 111 61 bene
810 2721 209 61 intellectum
963 2721 111 61 potest

156 2765 162 51 elicere
274 2765 280 51 demonstrationem
510 2765 118 51 vnam
584 2765 103 51 non
643 2765 177 51 perdendo
776 2765 162 51 habitum
879 2765 192 51 praedictum:

158 2801 105 64 quod
223 2801 131 64 patet:
315 2801 105 64 quia
380 2801 79 64 si
420 2801 92 64 non
472 2801 183 64 frequentet
616 2801 249 64 demonstrationem
825 2801 79 64 et
865 2801 209 64 obliuiscatur
1022 2801 52 64 se

167 2851 216 58 demonstrasse
342 2851 216 58 conclusionem
518 2851 135 58 illam:
612 2851 162 58 reperiet
734 2851 81 58 se
774 2851 162 58 promptum
896 2851 81 58 ad
923 2851 149 58 assentiem

152 2888 82 67 dum
199 2888 176 67 conclusioni
340 2888 141 67 opposite
445 2888 70 67 vt
480 2888 117 67 prius.
562 2888 59 67 â‹
586 2888 70 67 4a
621 2888 152 67 conclusio
738 2888 152 67 probatur:
855 2888 94 67 quia
902 2888 164 67 quorumcumque

147 2928 159 67 habituum
266 2928 199 67 naturaliter
425 2928 212 67 acquisitorum
597 2928 119 67 actus
677 2928 106 67 sunt
743 2928 265 67 incompossibiles:
968 2928 79 67 et
995 2928 79 67 ipsi

153 2975 131 62 habitus
249 2975 96 62 sunt
308 2975 179 62 naturaliter
452 2975 239 62 incompossibiles.
655 2975 84 62 Sed
703 2975 143 62 habituum
810 2975 143 62 theomodo
918 2975 72 62 et
942 2975 119 62 scientie

155 3022 75 70 de
193 3022 113 70 eadem
269 3022 188 70 conclusione
419 3022 113 70 actus
495 3022 101 70 sunt
557 3022 251 70 incompossibiles:
771 3022 126 70 igitur
859 3022 75 70 et
897 3022 101 70 ipsi
947 3022 113 70 habitus

1180 248 117 91 minor
1258 248 130 91 patet:
1349 248 78 91 ex
1388 248 195 91 conclusione
1544 248 78 91 2a
1583 248 117 91 huius
1662 248 169 91 articuli:
1792 248 117 91 maior
1870 248 156 91 probatur
1987 248 78 91 et
2013 248 91 91 indu-

1182 306 146 86 ctiue:
1285 306 88 86 vt
1329 306 132 86 patet
1416 306 175 86 intuenti
1548 306 102 86 tam
1606 306 88 86 in
1650 306 190 86 habitibus
1797 306 190 86 moralibus
1943 306 117 86 quam
2001 306 88 86 inte

1186 351 224 77 lectualibus.
1368 351 84 77 Et
1410 351 168 77 ratione:
1536 351 112 77 quia
1606 351 84 77 si
1648 351 126 77 actus
1731 351 168 77 habituum
1857 351 112 77 sunt
1913 351 196 77 incompossibi

1177 397 110 75 les:
1246 397 96 75 cum
1301 397 151 75 habitus
1410 397 96 75 non
1465 397 206 75 naturaliter
1630 397 206 75 acquirantur
1794 397 110 75 nisi
1863 397 96 75 per
1918 397 123 75 actus
1986 397 110 75 tales:

1184 440 145 80 habitus
1289 440 92 80 non
1342 440 145 80 possunt
1448 440 119 80 simul
1527 440 158 80 acquiri.
1646 440 106 80 Item
1712 440 92 80 cum
1765 440 119 80 actus
1844 440 225 80 graesenatiuus
2016 440 79 80 vni-

1178 489 78 68 us
1217 489 143 68 habitus
1321 489 91 68 sit
1373 489 195 68 naturaliter
1529 489 195 68 corruptiuus
1685 489 143 68 habitus
1789 489 117 68 actus
1867 489 104 68 sibi
1919 489 169 68 incompossi-

1186 525 145 84 bilis:
1287 525 174 84 sequitur
1417 525 116 84 quod
1490 525 145 84 neuter
1591 525 116 84 post
1663 525 159 84 alterum
1779 525 145 84 possit
1881 525 145 84 priore
1968 525 130 84 remanen

1181 576 73 71 te
1217 576 146 71 acquiri:
1327 576 73 71 et
1363 576 85 71 per
1412 576 170 71 consequens
1545 576 109 71 nullo
1618 576 97 71 modo
1679 576 134 71 possunt
1776 576 182 71 naturaliter
1922 576 109 71 simul
1983 576 109 71 haberi:

1185 610 119 76 igitur
1268 610 95 76 sunt
1328 610 225 76 incompossibiles
1517 610 190 76 naturaliter.
1672 610 59 76 â‹
1695 610 190 76 Confirmatur:
1850 610 95 76 quia
1909 610 71 76 si
1945 610 119 76 dentur
2016 610 71 76 ali-

1166 659 98 70 qui
1222 659 155 70 habitus
1335 659 239 70 copossibiles:
1532 659 141 70 quorum
1630 659 127 70 tamen
1714 659 127 70 actus
1799 659 84 70 ex
1841 659 84 70 se
1883 659 112 70 sunt
1939 659 155 70 incompos-

1174 698 162 81 sibiles:
1296 698 135 81 statim
1391 698 108 81 dici
1458 698 162 81 poterit:
1580 698 108 81 quod
1647 698 95 81 est
1701 698 122 81 nulli
1782 698 149 81 habitus
1890 698 108 81 sunt
1944 698 149 81 incompos-

1159 743 146 74 sibiles
1265 743 212 74 naturaliter:
1437 743 146 74 quoniam
1542 743 79 74 de
1582 743 291 74 incompossibilitate
1834 743 159 74 habituum
1953 743 119 74 nobis
2019 743 66 74 con

1171 786 129 77 stare
1257 786 100 77 non
1314 786 157 77 potest:
1428 786 115 77 nisi
1500 786 100 77 per
1557 786 329 77 incompossibilitatem
1843 786 157 77 actuum.
1958 786 72 77 â‹
1972 786 129 77 Contra.

1174 829 128 79 actus
1259 829 157 79 habitus
1373 829 128 79 vnius
1459 829 228 79 gaesenatiuus
1644 829 100 79 est
1701 829 242 79 compossibilis
1900 829 157 79 habitui
2000 829 71 79 act

1171 876 85 76 sibi
1224 876 212 76 incompossibilis:
1405 876 106 76 igitur
1479 876 64 76 et
1511 876 117 76 habitus
1596 876 127 76 habitui:
1691 876 149 76 antecedens
1808 876 106 76 patet:
1882 876 64 76 ex
1914 876 64 76 3a
1935 876 149 76 conclusione:

1170 917 195 85 consequentia
1328 917 159 85 probatur:
1450 917 98 85 quia
1511 917 73 85 ex
1548 917 98 85 actu
1609 917 183 85 grnieseatur
1755 917 146 85 habitus.
1865 917 61 85 â‹
1890 917 73 85 2o
1926 917 73 85 si
1963 917 85 85 cum
1999 917 98 85 habitu

1154 971 151 68 scientie
1268 971 88 68 non
1318 971 126 68 staret
1406 971 139 68 habitus
1507 971 176 68 theopmodo.
1646 971 88 68 qui
1696 971 88 68 est
1746 971 126 68 quedam
1835 971 126 68 fides:
1910 971 164 68 periculosum

1157 1009 135 72 esset
1247 1009 195 72 theologis
1397 1009 150 72 conari
1501 1009 195 72 acquirere
1651 1009 195 72 scientiam
1801 1009 135 72 eorum
1890 1009 105 72 que
1935 1009 150 72 credunt:

1167 1056 87 64 qui
1216 1056 87 64 sic
1266 1056 74 64 ad
1303 1056 74 64 id
1340 1056 186 64 conarentur:
1489 1056 87 64 per
1539 1056 99 64 quod
1601 1056 161 64 perderent
1725 1056 124 64 fidem:
1812 1056 74 64 et
1849 1056 87 64 per
1898 1056 174 64 consequens
2022 1056 50 64 me

1166 1100 134 67 ritum.
1260 1100 67 67 â‹
1286 1100 81 67 3o
1327 1100 94 67 non
1380 1100 121 67 minus
1461 1100 161 67 scientia
1582 1100 228 67 cempossibilis
1770 1100 94 67 est
1823 1100 188 67 theopmoro.
1971 1100 107 67 quam
2025 1100 67 67 sit

1154 1139 249 68 compossibilis
1359 1139 132 68 fidei
1447 1139 132 68 circa
1535 1139 88 68 ea
1579 1139 103 68 que
1638 1139 161 68 directe
1755 1139 146 68 cadunt
1857 1139 103 68 sub
1916 1139 132 68 fide:
2004 1139 103 68 sed

1154 1176 105 81 huic
1220 1176 105 81 ipsa
1286 1176 92 81 est
1338 1176 237 81 compossibilis.
1536 1176 132 81 dicens
1628 1176 119 81 Augu.
1707 1176 119 81 libro
1786 1176 119 81 primo
1865 1176 119 81 soli.
1944 1176 145 81 quamuis
2036 1176 53 81 in

1156 1223 95 75 hoc
1211 1223 150 75 corpore
1320 1223 95 75 est
1375 1223 136 75 anima:
1470 1223 95 75 est
1525 1223 82 75 si
1565 1223 191 75 plenissime
1715 1223 136 75 videat
1811 1223 95 75 hoc
1865 1223 95 75 est
1906 1223 164 75 intelligat

1157 1266 117 72 deum:
1235 1266 117 72 tamen
1313 1266 104 72 quia
1378 1266 78 72 et
1417 1266 156 72 corporum
1534 1266 130 72 sensus
1626 1266 143 72 vtuntur
1730 1266 117 72 opere
1808 1266 156 72 proprio:
1925 1266 78 72 si
1951 1266 117 72 nichil-

1154 1308 151 71 quidem
1260 1308 166 71 valente
1381 1308 91 71 ad
1426 1308 212 71 fallendum:
1592 1308 106 71 non
1653 1308 136 71 tamen
1744 1308 151 71 nichil
1849 1308 91 71 ad
1880 1308 181 71 ambigendum

1149 1360 147 66 potest
1252 1360 133 66 adhuc
1341 1360 118 66 dici
1414 1360 133 66 fides
1503 1360 88 66 ea
1547 1360 118 66 quae
1621 1360 103 66 his
1679 1360 206 66 resistitur
1841 1360 88 66 et
1886 1360 133 66 illud
1959 1360 118 66 potius

1157 1403 117 71 verum
1235 1403 104 71 esse
1300 1403 169 71 creditur.
1430 1403 104 71 ecce
1495 1403 104 71 quod
1560 1403 91 71 cum
1612 1403 182 71 plenissima
1756 1403 195 71 intellictia
1912 1403 104 71 quam
1977 1403 78 71 in
2003 1403 65 71 hac

1158 1446 124 71 vita
1235 1446 93 71 de
1281 1446 108 71 deo
1343 1446 170 71 habemus
1467 1446 124 71 stat
1545 1446 155 71 fides:
1653 1446 139 71 talis
1746 1446 139 71 autem
1839 1446 170 71 noticia
1947 1446 124 71 vtique

1146 1485 215 70 scientifica
1317 1485 114 70 est.
1389 1485 72 70 â‹
1417 1485 86 70 Ad
1460 1485 143 70 primum
1560 1485 186 70 dicendum.
1703 1485 114 70 quod
1775 1485 129 70 actum
1861 1485 129 70 illum
1932 1485 129 70 habitur

1156 1526 91 75 esse
1213 1526 194 75 compossibilem
1373 1526 114 75 potest
1453 1526 149 75 intelligi
1567 1526 171 75 dupliciter:
1704 1526 80 75 vno
1750 1526 91 75 modo
1807 1526 80 75 sic
1853 1526 91 75 quod
1910 1526 80 75 nec
1956 1526 80 75 per
1990 1526 80 75 ipsum

1142 1574 151 66 tollatur
1256 1574 113 66 neque
1331 1574 189 66 remittatur:
1483 1574 76 66 et
1520 1574 88 66 sic
1571 1574 88 66 neo
1621 1574 176 66 antecedens
1760 1574 101 66 Alio
1823 1574 113 66 modo:
1898 1574 88 66 sic
1949 1574 101 66 quod
1999 1574 63 66 non

1152 1618 134 61 tollatur
1253 1618 67 61 ex
1286 1618 101 61 toto:
1353 1618 67 61 et
1387 1618 90 61 isto
1443 1618 90 61 modo
1499 1618 123 61 concedo
1589 1618 112 61 illud:
1667 1618 67 61 et
1700 1618 78 61 sic
1745 1618 146 61 intellexi
1857 1618 179 61 conclusionem
1992 1618 78 61 sicut

1160 1661 114 71 patet
1236 1661 76 71 ex
1274 1661 151 71 assumpto
1387 1661 76 71 in
1425 1661 189 71 probatione:
1577 1661 76 71 et
1615 1661 101 71 tunc
1678 1661 101 71 nego
1741 1661 227 71 consequentiam.
1930 1661 63 71 â‹
1955 1661 76 71 Ad
1980 1661 76 71 pro-

1152 1697 150 76 bationem
1264 1697 113 76 dico:
1339 1697 100 76 quod
1402 1697 88 76 per
1452 1697 125 76 nullum
1539 1697 113 76 actum
1614 1697 200 76 graiederatur
1777 1697 150 76 habitus:
1889 1697 88 76 cum
1939 1697 100 76 quao
1989 1697 75 76 actu

1138 1742 131 66 stat
1219 1742 180 66 habitus
1350 1742 212 66 oppositus
1513 1742 196 66 intensus
1660 1742 114 66 vel
1725 1742 196 66 remissus
1856 1742 196 66 accipiendo

1146 1785 193 66 generationem
1303 1785 133 66 proprie
1399 1785 145 66 scilicet
1508 1785 84 66 pro
1556 1785 169 66 inductione
1689 1785 145 66 essentie
1798 1785 121 66 illius
1882 1785 145 66 habitus.
1991 1785 60 66 â‹
2015 1785 72 66 Ad

1145 1835 78 61 2m
1184 1835 104 61 nego
1249 1835 233 61 consequentiam.
1443 1835 78 61 Ad
1482 1835 194 61 probationem
1637 1835 117 61 dico:
1715 1835 104 61 quod
1780 1835 130 61 vtique
1871 1835 181 61 conarentur
2000 1835 52 61 ad

1143 1871 87 65 id
1187 1871 102 65 per
1245 1871 116 65 quod
1318 1871 189 65 perderent
1464 1871 146 65 fidem:
1566 1871 102 65 non
1624 1871 146 65 quidem
1726 1871 175 65 infusam:
1857 1871 102 65 sed
1915 1871 131 65 illam
1988 1871 58 65 ac

1142 1918 141 62 quisitam
1248 1918 94 62 quae
1307 1918 130 62 dicitur
1402 1918 153 62 theomidi:
1519 1918 130 62 quamuis
1614 1918 83 62 non
1661 1918 83 62 per
1708 1918 106 62 fidem
1779 1918 130 62 infusam
1873 1918 130 62 possunt
1956 1918 94 62 habere

1135 1965 124 58 actum
1218 1965 166 58 credendi
1342 1965 124 58 circa
1425 1965 124 58 illud
1508 1965 124 58 cuius
1591 1965 221 58 acquisierunt
1770 1965 193 58 scientiam:
1922 1965 97 58 nec
1963 1965 83 58 iste

1135 2000 155 68 conatus
1247 2000 211 68 periculosus
1416 2000 113 68 est:
1487 2000 98 68 sed
1543 2000 141 68 vtilis
1641 2000 84 68 et
1683 2000 253 68 desiderabilis.
1894 2000 113 68 vnde
1951 2000 98 68 supra

1133 2049 174 61 allegatum
1266 2049 94 61 est
1320 2049 94 61 per
1374 2049 161 61 augentum
1494 2049 94 61 13.
1548 2049 80 61 de
1588 2049 107 61 tri.
1655 2049 201 61 Dptabiliter
1815 2049 120 61 rerum
1896 2049 147 61 verarum
1989 2049 54 61 in

1131 2088 124 68 easdem
1217 2088 99 68 res.
1279 2088 74 68 id
1316 2088 86 68 est
1365 2088 74 68 in
1402 2088 185 68 praesentiam
1551 2088 74 68 et
1588 2088 173 68 euidentiam
1724 2088 136 68 ipsarum
1823 2088 111 68 fides
1897 2088 148 68 transit.
1996 2088 49 68 Et

1131 2131 86 70 cum
1180 2131 134 70 dicitur
1277 2131 98 70 quod
1338 2131 86 70 per
1387 2131 86 70 hoc
1436 2131 159 70 perderent
1558 2131 147 70 meritum:
1668 2131 110 70 nego:
1742 2131 134 70 quoniam
1839 2131 110 70 sicut
1913 2131 122 70 dicunt
1986 2131 61 70 so-

1129 2175 140 67 lennes
1227 2175 181 67 doctores:
1366 2175 126 67 licet
1450 2175 126 67 tales
1534 2175 167 67 scientie
1659 2175 153 67 tollant
1771 2175 140 67 fidem:
1869 2175 112 67 quia
1924 2175 126 67 faciunt

1130 2222 99 66 esse
1192 2222 149 66 apparens
1303 2222 74 66 id
1340 2222 99 66 quod
1402 2222 186 66 proponitur:
1551 2222 87 66 non
1600 2222 111 66 tamen
1674 2222 161 66 diminuunt
1798 2222 149 66 rationem
1897 2222 149 66 caritatis:

1136 2265 94 74 per
1189 2265 108 74 quam
1257 2265 161 74 voluntas
1377 2265 148 74 prompta
1485 2265 94 74 est
1539 2265 81 74 ad
1579 2265 81 74 id
1619 2265 188 74 credendum:
1767 2265 81 74 si
1808 2265 94 74 non
1861 2265 148 74 apparet
1969 2265 94 74 acÂ¬

1130 2309 90 61 per
1181 2309 90 61 hoc
1233 2309 90 61 nec
1284 2309 154 61 rationem
1399 2309 141 61 meriti.
1501 2309 64 61 â‹
1527 2309 77 61 Ad
1565 2309 205 61 auctoritatem
1732 2309 102 61 Aug.
1796 2309 115 61 primo
1873 2309 154 61 dicendum
1975 2309 77 61 est:

1133 2355 105 63 quod
1198 2355 118 63 magis
1277 2355 144 63 confert
1382 2355 79 63 ad
1421 2355 196 63 propositam:
1578 2355 144 63 apparet
1683 2355 105 63 enim
1748 2355 92 63 per
1800 2355 92 63 eam
1853 2355 105 63 quod
1918 2355 118 63 fides
1984 2355 65 63 po-

1121 2393 148 61 nitur
1219 2393 99 61 vt
1268 2393 230 61 excludatur
1449 2393 197 61 dubietas
1597 2393 99 61 et
1646 2393 230 61 ambiguitas
1827 2393 115 61 que
1892 2393 99 61 ex
1925 2393 115 61 opere

1130 2432 144 68 sensuum
1235 2432 131 68 posset
1326 2432 170 68 prouenire
1457 2432 144 68 propter
1562 2432 105 68 quod
1627 2432 92 68 vbi
1680 2432 92 68 non
1732 2432 92 68 est
1784 2432 118 68 tanta
1863 2432 170 68 euidentia
1981 2432 52 68 no

1132 2480 145 73 titie:
1233 2480 116 73 quod
1305 2480 130 73 omnis
1392 2480 174 73 dubietas
1522 2480 203 73 excluditur
1681 2480 130 73 sicut
1768 2480 87 73 in
1812 2480 101 73 his
1869 2480 101 73 que
1913 2480 130 73 proprie

1123 2522 170 61 sciuntur
1250 2522 99 61 non
1307 2522 99 61 est
1364 2522 128 61 fides
1449 2522 198 61 opportuna.
1605 2522 71 61 â‹
1633 2522 85 61 2o
1676 2522 128 61 dico:
1761 2522 113 61 quod
1832 2522 128 61 Augu.
1917 2522 99 61 per
1959 2522 71 61 ple

1118 2565 196 64 nissimam
1265 2565 294 64 intelligentiam
1510 2565 114 64 non
1575 2565 229 64 intelligit
1755 2565 229 64 euidentiam
1919 2565 114 64 illam

1119 2620 156 61 perfectam
1239 2620 96 61 quam
1299 2620 132 61 proprie
1394 2620 156 61 scientiam
1514 2620 144 61 dicimus:
1622 2620 84 61 sed
1670 2620 84 61 eam
1718 2620 84 61 qua
1766 2620 132 61 maiorem
1861 2620 72 61 de
1897 2620 132 61 communi
1981 2620 60 61 le-

1127 2658 81 61 ge
1167 2658 135 61 habere
1261 2658 94 61 non
1315 2658 162 61 possumus
1437 2658 81 61 de
1477 2658 94 61 his
1531 2658 162 61 scilicet
1652 2658 94 61 que
1706 2658 81 61 in
1747 2658 108 61 vita
1814 2658 108 61 ista
1882 2658 81 61 de
1922 2658 94 61 deo
1963 2658 67 61 eui

1124 2704 127 58 denter
1213 2704 153 58 cognosci
1328 2704 89 58 non
1379 2704 153 58 possunt:
1493 2704 76 58 vt
1532 2704 102 58 deum
1595 2704 102 58 esse
1659 2704 102 58 vnum
1723 2704 216 58 essentialiter
1901 2704 76 58 et
1926 2704 102 58 trinum

1122 2741 201 66 personaliter:
1288 2741 118 66 filium
1371 2741 59 66 a
1394 2741 106 66 patre
1465 2741 71 66 in
1501 2741 142 66 essentie
1607 2741 130 66 vnitate
1702 2741 177 66 graesenari:
1844 2741 71 66 et
1879 2741 142 66 spiritum
1974 2741 59 66 san

1118 2792 105 51 ctum
1183 2792 79 51 ab
1223 2792 144 51 vtroque
1328 2792 92 51 non
1380 2792 170 51 generari:
1511 2792 92 51 sed
1563 2792 183 51 procedere:
1707 2792 79 51 et
1747 2792 105 51 alia
1812 2792 170 51 huiusmodi
1943 2792 79 51 de
1969 2792 66 51 deo

1119 2825 99 61 quae
1180 2825 99 61 sunt
1242 2825 185 61 principalia
1390 2825 136 61 obiecta
1489 2825 111 61 fidei
1563 2825 136 61 nostre:
1662 2825 210 61 quantumcumque
1835 2825 99 61 enim
1896 2825 74 61 in
1933 2825 86 61 hac
1970 2825 62 61 vi-

1122 2868 92 62 ta
1168 2868 92 62 ad
1214 2868 138 62 horum
1306 2868 185 62 notitiam
1445 2868 123 62 quis
1521 2868 200 62 eleuetur:
1675 2868 138 62 adhuc
1768 2868 138 62 fides
1844 2868 185 62 necessaria

1112 2915 99 59 est:
1173 2915 99 59 quia
1235 2915 86 59 non
1284 2915 86 59 est
1334 2915 111 59 tanta
1408 2915 136 59 notitia
1507 2915 99 59 quae
1568 2915 99 59 omne
1630 2915 123 59 dubium
1716 2915 160 59 excludat:
1840 2915 99 59 quod
1902 2915 74 59 ex
1926 2915 99 59 sensi-

1114 2951 98 73 bus
1170 2951 140 73 potest
1268 2951 196 73 prouenire:
1422 2951 98 73 sed
1478 2951 98 73 cum
1534 2951 126 73 horum
1619 2951 168 73 notitiam
1745 2951 182 73 euidentem
1885 2951 84 73 et
1913 2951 112 73 claram

1120 2996 223 57 perciperemus:
1303 2996 105 57 quod
1369 2996 105 57 erit
1434 2996 79 57 in
1473 2996 144 57 patria:
1578 2996 105 57 tunc
1643 2996 92 57 non
1696 2996 105 57 erit
1761 2996 118 57 fides
1840 2996 183 57 necessaria
1971 2996 52 57 vt

1124 3042 135 81 ibidem
1218 3042 176 81 immediate
1353 3042 189 81 praemissum
1502 3042 108 81 est:
1569 3042 81 81 et
1610 3042 162 81 superius
1731 3042 189 81 allegatum.
1880 3042 68 81 â‹
1893 3042 135 81 Confirma
