2452 3524
180 244 83 88 si
222 244 96 88 qua
277 244 165 88 ponantur
401 244 96 88 ibi
456 244 110 88 sine
525 244 179 88 subiecto.
662 244 69 88 ⁋
690 244 96 88 ido
745 244 110 88 idem
814 244 165 88 probatur
938 244 83 88 de
965 244 138 88 composi-

186 295 139 75 tione
278 295 108 75 seu
340 295 154 75 vnione
448 295 247 75 componentium
648 295 92 75 in
694 295 216 75 composito:
864 295 170 75 quoniam
987 295 92 75 si
1018 295 77 75 non

173 341 92 79 sit
225 341 131 79 aliqua
317 341 105 79 alia
382 341 144 79 entitas
487 341 78 79 ab
526 341 170 79 absolutis
657 341 235 79 componentibus.
853 341 105 79 ergo
918 341 118 79 illis
983 341 118 79 separa-

177 387 102 63 tis
236 387 189 63 abinuicem
381 387 131 63 adhuc
468 387 233 63 componerent:
657 387 87 63 et
701 387 87 63 si
744 387 174 63 seperata
875 387 102 63 non
919 387 174 63 componunit

171 424 136 79 vtique
266 424 95 79 nec
321 424 204 79 commiuncta.
484 424 122 79 nulla
565 424 109 79 enim
633 424 109 79 alia
701 424 177 79 realitate
837 424 136 79 posita
932 424 95 79 non
973 424 122 79 possunt

171 468 99 76 modo
233 468 136 76 aliquod
332 468 161 76 componere
456 468 99 76 quod
518 468 112 76 prius
592 468 87 76 non
642 468 174 76 potuerunt.
778 468 62 76 ⁋
803 468 112 76 Eodem
877 468 99 76 modo
939 468 99 76 modo
989 468 99 76 potest

164 515 120 66 argui
244 515 80 66 de
284 515 133 66 vnione
377 515 147 66 partium
484 515 173 66 continui:
617 515 147 66 quoniam
724 515 80 66 si
764 515 93 66 non
817 515 93 66 sit
871 515 93 66 res
924 515 107 66 alia
977 515 107 66 preter

167 565 117 61 partes
249 565 117 61 ipsas:
332 565 141 61 sequitur
437 565 94 61 quod
496 565 117 61 partes
578 565 141 61 discrete
684 565 117 61 essent
766 565 153 61 continue.
884 565 82 61 Nam
931 565 153 61 possibile
1036 565 59 61 est

164 609 98 65 quod
225 609 86 65 ita
274 609 98 65 sint
336 609 98 65 sibi
397 609 135 65 proxime
496 609 148 65 discrete
606 609 111 65 sicut
680 609 160 65 continue.
803 609 86 65 vbi
852 609 135 65 gratia.
951 609 86 65 est
1000 609 74 65 de
1025 609 61 65 con

161 647 140 65 tiguis.
263 647 102 65 ergo
327 647 76 65 si
365 647 127 65 aliqua
454 647 89 65 non
505 647 102 65 sunt
569 647 153 65 continue
683 647 76 65 et
721 647 127 65 postea
811 647 115 65 sunt:
887 647 127 65 aliqua
963 647 115 65 entitas

170 695 82 68 est
217 695 70 68 in
252 695 82 68 eis
299 695 117 68 quando
380 695 93 68 sunt
439 695 152 68 continue:
555 695 82 68 que
602 695 82 68 non
648 695 82 68 est
695 695 117 68 quando
777 695 82 68 non
823 695 93 68 sunt
882 695 152 68 continue.
998 695 70 68 et
1022 695 58 68 con

154 732 105 71 stat
219 732 105 71 quod
285 732 92 71 non
337 732 144 71 entitas
442 732 170 71 absoluta.
574 732 118 71 quare
652 732 105 71 etc.
718 732 66 71 ⁋
744 732 66 71 i
770 732 66 71 o
796 732 197 71 specialiter
954 732 79 71 de
980 732 105 71 vnione

160 773 137 75 humane
256 773 137 75 nature
353 773 82 75 ad
394 773 137 75 verbum
490 773 82 75 in
531 773 151 75 persona
641 773 165 75 christi.
765 773 82 75 Si
806 773 110 75 enim
875 773 110 75 illa
944 773 96 75 non
985 773 96 75 esset

157 816 158 74 entitas
272 816 115 74 alia
344 816 86 74 ab
387 816 115 74 illa
459 816 144 74 humana
559 816 158 74 natura:
674 816 173 74 sequitur
804 816 115 74 quod
876 816 86 74 si
919 816 144 74 verbum
1005 816 72 74 nun

158 860 107 67 quam
224 860 213 67 assumpsisset
397 860 147 67 naturam
504 860 160 67 humanam:
624 860 80 67 Et
664 860 120 67 tamen
744 860 160 67 fecisset
864 860 120 67 illam
930 860 147 67 absolutam

149 906 115 71 eadem
226 906 102 71 illa
290 906 115 71 equae
367 906 141 71 fuisset
469 906 154 71 realiter
584 906 115 71 vnita
661 906 115 71 verbo
738 906 115 71 sicut
814 906 102 71 modo
878 906 102 71 est:
942 906 77 71 et
981 906 77 71 si
1006 906 77 71 nunc

154 949 200 67 dimitteret
311 949 157 67 naturam
426 949 200 67 assumptam.
583 949 157 67 manente
698 949 115 67 illa
769 949 172 67 realiter
898 949 86 67 in
941 949 86 67 se
970 949 100 67 adhuc

145 1000 121 62 esset
225 1000 121 62 vnita
306 1000 135 62 verbo:
401 1000 81 62 et
441 1000 175 62 assumpta:
576 1000 108 62 quod
643 1000 94 62 est
697 1000 162 62 siultum.
819 1000 67 62 ⁋
846 1000 94 62 18o
900 1000 135 62 quidam
981 1000 94 62 alius

147 1037 148 73 doctor
251 1037 148 73 arguit
355 1037 104 73 sic
414 1037 133 73 simul
503 1037 89 73 de
547 1037 148 73 vnione
651 1037 163 73 naturae
770 1037 148 73 humane
873 1037 89 73 ad
918 1037 163 73 verbum:
1022 1037 59 73 et

139 1082 78 61 de
178 1082 130 61 vnione
269 1082 143 61 materie
373 1082 78 61 et
413 1082 117 61 forme
491 1082 78 61 in
530 1082 182 61 composito:
673 1082 78 61 et
712 1082 182 61 accidentis
856 1082 78 61 ad
895 1082 182 61 subiectum:
1025 1082 52 61 et

147 1121 162 71 partium
265 1121 177 71 continui
398 1121 192 71 adinuicem
545 1121 118 71 sic.
619 1121 221 71 Impossibile
796 1121 103 71 est
840 1121 236 71 contradictoria

138 1171 204 59 successiue
299 1171 204 59 verificari
460 1171 88 59 de
503 1171 146 59 eodem:
606 1171 117 59 nisi
679 1171 161 59 propter
796 1171 131 59 motum
883 1171 161 59 localem
985 1171 88 59 ali-

138 1210 128 70 cuius
223 1210 99 70 vel
280 1210 156 70 propter
393 1210 227 70 transitionem
578 1210 185 70 temporis:
720 1210 99 70 vel
777 1210 156 70 propter
876 1210 199 70 productionem

139 1260 93 53 vel
192 1260 226 53 destructionem
378 1260 159 53 alicuius
497 1260 186 53 entitatis.
643 1260 106 53 ista
709 1260 146 53 patent:
816 1260 106 53 quia
882 1260 119 53 etiam
948 1260 133 53 secundum

137 1293 135 75 scons.
231 1293 202 75 impossibile
392 1293 121 75 esset
473 1293 108 75 quod
540 1293 108 75 deus
607 1293 121 75 primo
688 1293 94 75 non
742 1293 121 75 esset
823 1293 148 75 creans:
930 1293 81 75 et
957 1293 108 75 postea

140 1347 127 55 esset
225 1347 142 55 creans
324 1347 113 55 nisi
395 1347 142 55 saltem
494 1347 170 55 creatura
621 1347 156 55 haberet
734 1347 113 55 post
805 1347 99 55 non
862 1347 113 55 esse
932 1347 127 55 esse.
1003 1347 71 55 Eo-

134 1387 89 59 dem
185 1387 102 59 modo
249 1387 190 59 impossibile
401 1387 114 59 esset
477 1387 102 59 quod
541 1387 102 59 deus
604 1387 102 59 modo
668 1387 89 59 non
718 1387 114 59 esset
795 1387 190 59 annihilans:
947 1387 76 59 et
972 1387 102 59 postea

140 1423 119 68 esset
219 1423 186 68 annihilans
365 1423 106 68 nisi
431 1423 159 68 creatura
551 1423 106 68 post
617 1423 106 68 esse
683 1423 146 68 haberet
790 1423 93 68 non
843 1423 119 68 esse:
922 1423 80 68 et
962 1423 93 68 ita
1002 1423 66 68 est

141 1467 70 74 in
176 1467 140 74 omnibus:
282 1467 82 74 sed
329 1467 152 74 possibile
446 1467 82 74 est
492 1467 129 74 naturam
586 1467 105 74 primo
656 1467 82 74 non
703 1467 94 74 esse
762 1467 129 74 vnitam:
855 1467 70 74 et
890 1467 117 74 postea
961 1467 105 74 vnitam:

140 1517 88 66 vel
191 1517 176 66 econuerso:
329 1517 101 66 sine
392 1517 101 66 omni
455 1517 101 66 motu
518 1517 139 66 locali.
619 1517 101 66 ergo
682 1517 139 66 oportet
783 1517 101 66 quod
846 1517 88 66 ibi
897 1517 88 66 sit
934 1517 139 66 productio

133 1563 155 60 alicuius
249 1563 103 60 noui
314 1563 91 60 vel
366 1563 194 60 destructio:
521 1563 91 60 cum
573 1563 168 60 transitio
702 1563 155 60 temporis
818 1563 91 60 non
870 1563 181 60 sufficiat:
999 1563 65 60 sed

136 1598 175 73 manifestum
273 1598 87 73 est
323 1598 100 73 quod
385 1598 125 73 nullum
473 1598 137 73 absonum
573 1598 137 73 oportet
672 1598 137 73 produci
772 1598 87 73 vel
822 1598 162 73 corrumpi.
947 1598 100 73 ergo
997 1598 75 73 etc.

138 1641 58 75 ⁋
162 1641 105 75 Eodem
232 1641 93 75 modo
290 1641 116 75 posset
371 1641 93 75 deus
429 1641 116 75 facere
511 1641 93 75 quod
569 1641 82 75 vna
616 1641 105 75 forma
686 1641 140 75 praesens
791 1641 105 75 esset
860 1641 140 75 materie:
965 1641 70 75 et
988 1641 82 75 primo

124 1691 97 62 non
180 1691 194 62 informaret
332 1691 180 62 materiam:
470 1691 83 62 et
512 1691 138 62 postea
608 1691 208 62 informaret:
774 1691 125 62 sicut
857 1691 125 62 facit
940 1691 97 62 duo
982 1691 83 62 cor-

134 1731 105 68 pora
200 1731 105 68 esse
265 1731 79 68 in
305 1731 118 68 eodem
383 1731 118 68 loco:
462 1731 79 68 et
501 1731 92 68 per
554 1731 184 68 consequens
698 1731 118 68 forma
777 1731 118 68 vnius
856 1731 144 68 materie
961 1731 92 68 ita
1000 1731 66 68 est

132 1778 137 64 praesens
234 1778 126 64 materie
326 1778 148 64 alterius:
440 1778 103 64 sicut
508 1778 126 64 materie
600 1778 137 64 proprie:
703 1778 69 64 et
737 1778 103 64 tamen
805 1778 91 64 tunc
862 1778 137 64 informat
965 1778 103 64 vnam:
1022 1778 46 64 et

123 1824 95 59 aliam
187 1824 84 59 non.
239 1824 95 59 Eodem
302 1824 84 59 modo
355 1824 84 59 modo
407 1824 105 59 potest
481 1824 95 59 argui
544 1824 63 59 de
575 1824 126 59 subiecto
670 1824 63 59 et
702 1824 147 59 accidente:
817 1824 63 59 et
849 1824 137 59 similiter
954 1824 63 59 de
975 1824 84 59 parti-

132 1858 100 70 bus
189 1858 187 70 continui.
333 1858 72 70 ⁋
361 1858 100 70 i1o
419 1858 115 70 idem
490 1858 129 70 alibi
576 1858 158 70 quantum
691 1858 86 70 ad
734 1858 158 70 vnionem
849 1858 143 70 nature
950 1858 86 70 ad
978 1858 72 70 ve-

123 1901 100 65 bum
180 1901 142 65 arguit
279 1901 114 65 sic.
350 1901 228 65 Quandocumque
535 1901 142 65 aliqua
635 1901 213 65 denominatio
806 1901 157 65 ponitur
920 1901 100 65 que
962 1901 100 65 nihil

128 1951 120 64 dicit
207 1951 120 64 vltra
287 1951 226 64 denominabilia
473 1951 106 64 nisi
540 1951 199 64 existentiam
699 1951 199 64 extremorum:
859 1951 159 64 quicquid
965 1951 93 64 conue

124 1997 101 62 nit
181 1997 145 62 alicui
283 1997 188 62 respectum
427 1997 130 62 vnius
514 1997 202 62 indiuidui:
673 1997 173 62 conuenit
803 1997 130 62 etiam
890 1997 116 62 sibi
947 1997 116 62 respe-

120 2038 101 63 ctu
177 2038 144 63 omnium
278 2038 231 63 indiuiduorum
465 2038 158 63 eiusdem
581 2038 187 63 rationis:
725 2038 115 63 nisi
797 2038 158 63 aliquid
898 2038 158 63 conueniat

132 2078 87 64 vni
181 2078 174 64 indiuiduo:
318 2078 136 64 propter
417 2078 99 64 quod
479 2078 149 64 conuenit
590 2078 99 64 illa
652 2078 186 64 denominatio
801 2078 161 64 respectum
925 2078 124 64 illius
999 2078 50 64 et

130 2128 94 60 non
183 2128 175 60 respectum
318 2128 175 60 alterius.
453 2128 162 60 Exemplum
574 2128 135 60 primi.
668 2128 81 60 si
709 2128 148 60 creatio
817 2128 121 60 nihil
897 2128 121 60 dicit
965 2128 94 60 vltra

124 2162 101 72 deum
188 2162 152 72 creantem
301 2162 76 72 et
339 2162 88 72 rem
390 2162 152 72 creatam:
503 2162 76 72 si
541 2162 101 72 deus
604 2162 139 72 dicitur
705 2162 139 72 creator
806 2162 152 72 respectu
920 2162 114 72 vnius
983 2162 76 72 rei:

123 2209 136 63 diebitur
224 2209 102 63 etiam
292 2209 124 63 creator
383 2209 147 63 respectum
496 2209 113 63 omnium
575 2209 124 63 eiusdem
666 2209 147 63 rationis.
779 2209 147 63 Similiter
892 2209 90 63 quia
937 2209 113 63 similitu

119 2253 80 66 do
159 2253 120 66 nihil
239 2253 120 66 dicit
319 2253 120 66 vltra
400 2253 120 66 alba:
480 2253 120 66 sicut
560 2253 94 66 duo
614 2253 107 66 alba
681 2253 107 66 sunt
748 2253 147 66 similia
855 2253 80 66 et
895 2253 120 66 omnia
962 2253 80 66 alia

114 2295 174 64 Exemplum
245 2295 174 64 secundi.
376 2295 203 64 paternitas
536 2295 87 64 in
579 2295 203 64 creaturis:
739 2295 131 64 nihil
826 2295 131 64 dicit
913 2295 131 64 vltra
986 2295 58 64 ex

120 2342 128 61 trema
205 2342 170 61 absoluta
333 2342 213 61 denomninata
503 2342 128 61 istis
589 2342 284 61 denominationibus
830 2342 128 61 pater
915 2342 85 61 et
944 2342 99 61 fili-

126 2387 84 63 us.
174 2387 72 63 Si
210 2387 108 63 tamen
282 2387 132 63 dicitur
377 2387 96 63 quis
437 2387 108 63 pater
509 2387 72 63 et
545 2387 155 63 respectum
664 2387 108 63 vnius
736 2387 120 63 homnis
820 2387 96 63 quod
880 2387 84 63 non
915 2387 132 63 respectum

130 2423 212 67 cuiuscumque.
302 2423 93 67 hoc
355 2423 106 67 est:
421 2423 106 67 quia
487 2423 146 67 aliquid
593 2423 146 67 couenit
699 2423 119 67 patri
778 2423 172 67 respectum
911 2423 119 67 vnius
990 2423 79 67 in

121 2467 161 62 diuidui:
241 2467 107 62 quod
308 2467 94 62 non
362 2467 174 62 respectum
495 2467 174 62 alterius:
629 2467 80 62 et
669 2467 94 62 hoc
723 2467 94 62 est
776 2467 107 62 sibi
843 2467 174 62 proprium.
964 2467 80 62 puta

124 2509 121 62 actio
204 2509 161 62 conuenit
325 2509 107 62 sibi
392 2509 174 62 respectum
526 2509 174 62 socratis:
660 2509 94 62 que
714 2509 94 62 non
767 2509 134 62 potest
861 2509 174 62 competere
982 2509 67 62 si-

123 2552 79 73 bi
162 2552 172 73 respectum
295 2552 145 73 ioanis.
400 2552 119 73 salte
480 2552 79 73 de
519 2552 119 73 facto
599 2552 93 73 non
651 2552 159 73 conuenit
770 2552 119 73 sibi:
850 2552 79 73 et
889 2552 145 73 propter
982 2552 66 73 il-

128 2594 82 75 lud
175 2594 82 75 sic
222 2594 141 75 proprium
328 2594 129 75 dicitur
421 2594 94 75 ille
480 2594 94 75 homo
539 2594 106 75 pater
609 2594 117 75 sortes
691 2594 70 75 et
726 2594 82 75 non
773 2594 141 75 ionenis.
879 2594 106 75 patet
949 2594 94 75 ergo
996 2594 47 75 ma

129 2638 117 66 ior.
202 2638 102 66 Sed
261 2638 88 66 si
305 2638 117 66 vnio
378 2638 88 66 in
421 2638 190 66 proposito
567 2638 102 66 sit
626 2638 146 66 quedam
728 2638 219 66 denominatio
903 2638 131 66 nihil
976 2638 73 66 di-

123 2679 113 78 cens
193 2679 127 78 vltra
278 2679 155 78 extrema
390 2679 141 78 vnita:
489 2679 84 78 et
531 2679 127 78 nulla
616 2679 127 78 actio
700 2679 99 78 vel
756 2679 155 78 aliquod
869 2679 169 78 proprium
982 2679 56 78 co

134 2729 109 64 uenit
206 2729 109 64 verbo
279 2729 157 64 respectum
400 2729 109 64 vnius
472 2729 133 64 naturae
569 2729 72 64 et
605 2729 85 64 non
653 2729 157 64 alterius.
774 2729 97 64 ergo
835 2729 157 64 equaliter
955 2729 85 64 est
992 2729 60 64 vna

125 2775 126 59 natura
214 2775 114 59 vnita
289 2775 114 59 sicut
365 2775 114 59 alia:
441 2775 88 59 hoc
491 2775 114 59 autem
567 2775 88 59 est
617 2775 139 59 scutum:
718 2775 76 59 et
756 2775 126 59 contra
844 2775 126 59 fidem.
933 2775 63 59 ⁋
958 2775 76 59 Si
983 2775 63 59 di-

127 2818 98 67 cas
183 2818 112 67 quod
253 2818 140 67 habuit
350 2818 153 67 aliquam
462 2818 167 67 actionem
588 2818 140 67 primam
685 2818 167 67 respectu
811 2818 153 67 naturae
908 2818 140 67 assumpte

128 2865 101 62 quam
192 2865 89 62 non
242 2865 126 62 habuit
331 2865 164 62 respectum
457 2865 164 62 alterius:
584 2865 101 62 quia
647 2865 152 62 mediante
761 2865 101 62 spum
824 2865 126 62 second
913 2865 101 62 egit
963 2865 76 62 quod

121 2899 202 71 nasceretur
279 2899 87 71 de
323 2899 144 71 vrgine
424 2899 87 71 et
467 2899 173 71 formauit
597 2899 144 71 corpus
698 2899 115 71 sine
770 2899 159 71 semine.
885 2899 72 71 ⁋
900 2899 144 71 Rsponsio

121 2951 125 60 omnem
205 2951 167 60 actionem
330 2951 139 60 primam
428 2951 112 60 quam
497 2951 139 60 habuit
595 2951 167 60 respectu
720 2951 139 60 nature
818 2951 167 60 assumpte
929 2951 112 60 potest

125 2991 89 64 non
176 2991 127 64 habere
265 2991 165 64 respectum
392 2991 89 64 non
442 2991 165 64 assumpte:
569 2991 127 64 potest
658 2991 101 64 enim
721 2991 127 64 facere
810 2991 101 64 quod
873 2991 114 64 alius
937 2991 101 64 nasca-

125 3040 91 74 tur
177 3040 78 74 de
216 3040 156 74 vergine:
333 3040 78 74 et
373 3040 117 74 tamen
451 3040 104 74 quod
516 3040 91 74 non
568 3040 117 74 vniat
646 3040 104 74 sibi
711 3040 78 74 in
750 3040 143 74 vnitate
855 3040 156 74 persone.
972 3040 65 74 ⁋
985 3040 52 74 2o

1145 267 78 89 ad
1184 267 104 89 idem
1249 267 130 89 arguit
1339 267 104 89 idem
1404 267 104 89 sic:
1469 267 130 89 quando
1560 267 181 89 denominans
1702 267 91 89 non
1754 267 117 89 dicit
1832 267 143 89 aliquid
1935 267 117 89 vltra
2000 267 52 89 de

1147 335 202 66 nominabilia:
1312 335 114 66 ipsis
1388 335 152 66 extremis
1501 335 89 66 non
1552 335 139 66 vnitis:
1653 335 89 66 nec
1704 335 152 66 secundum
1818 335 126 66 formam
1906 335 89 66 nec
1944 335 114 66 secundu

1135 370 119 69 locum
1214 370 79 69 si
1254 370 119 69 semel
1333 370 172 69 denominat
1465 370 132 69 semper
1558 370 211 69 denominatur.
1730 370 159 69 Exemplum
1849 370 79 69 de
1875 370 185 69 similitudine

1135 414 136 65 duorum
1231 414 164 65 alborum:
1354 414 95 65 sed
1408 414 123 65 natam
1490 414 164 65 assumpta
1613 414 68 65 a
1640 414 123 65 verbo
1722 414 136 65 potest
1817 414 150 65 dimitti
1927 414 109 65 sine
1981 414 82 65 ali-

1137 464 87 67 qua
1186 464 161 67 mutatione
1310 464 111 67 facta
1384 464 74 67 in
1421 464 99 67 ipsa
1483 464 148 67 secundum
1594 464 124 67 formam
1681 464 87 67 vel
1730 464 124 67 locum.
1817 464 99 67 ergo
1879 464 124 67 natura
1953 464 99 67 dimis-

1146 501 71 70 sa
1182 501 106 70 adhuc
1253 501 130 70 dicetur
1347 501 118 70 vnita:
1430 501 95 70 quod
1489 501 142 70 secultum
1596 501 95 70 est.
1655 501 95 70 ergo
1714 501 95 70 vnio
1773 501 130 70 naturae
1868 501 71 70 ad
1903 501 118 70 verbum
1974 501 83 70 dicit

1145 543 144 68 aliquid
1250 543 118 68 vltra
1328 543 144 68 extrema
1433 543 131 68 vnita.
1525 543 236 68 Auctoritatibus
1721 543 131 68 quoque
1813 543 157 68 probatur
1931 543 105 68 quod
1983 543 66 68 re-

1135 584 119 80 latio
1214 584 92 80 sit
1267 584 92 80 res
1320 584 79 80 ab
1359 584 172 80 absolutis
1491 584 185 80 distincta:
1637 584 79 80 et
1676 584 119 80 prima
1755 584 92 80 est
1808 584 119 80 hyll.
1888 584 92 80 12.
1940 584 79 80 de
1967 584 79 80 tri-

1147 638 97 60 vbi
1203 638 153 60 loquens
1314 638 83 60 de
1355 638 194 60 natiuitate
1508 638 125 60 filum
1591 638 97 60 dei
1647 638 111 60 ait.
1716 638 125 60 nasci
1799 638 111 60 quod
1869 638 111 60 erat
1938 638 97 60 iam
1980 638 69 60 non

1137 675 139 65 tantum
1234 675 125 65 nasci
1318 675 111 65 est:
1387 675 97 65 sed
1443 675 153 65 seipsum
1554 675 167 65 demutare
1679 675 181 65 nascendo:
1818 675 83 65 et
1860 675 97 65 ita
1915 675 125 65 nasci
1985 675 69 65 di-

1135 715 98 75 cit
1191 715 195 75 relationem
1344 715 139 75 nouam.
1442 715 70 75 ⁋
1470 715 84 75 2a
1511 715 98 75 est
1567 715 153 75 Ambrosu
1679 715 125 75 primo
1762 715 84 75 de
1804 715 112 75 tri.
1874 715 84 75 Si
1916 715 125 75 prius
1985 715 70 75 im-

1128 761 118 65 quit
1202 761 118 65 erat
1276 761 118 65 deus
1350 761 89 65 et
1394 761 148 65 postea
1498 761 148 65 pater:
1601 761 236 65 generationis
1793 761 207 65 accessione
1941 761 133 65 mutatus

1121 812 123 61 est.
1197 812 168 61 Auertat
1320 812 123 61 deus
1396 812 123 61 hanc
1473 812 214 61 dementiam.
1641 812 123 61 ergo
1718 812 107 61 per
1779 812 138 61 solam
1856 812 199 61 accessionem

1129 845 183 75 relationis
1273 845 131 75 fieret
1365 845 144 75 mutatio
1470 845 79 75 in
1509 845 144 75 persona
1614 845 144 75 divina:
1718 845 105 75 quod
1784 845 92 75 non
1836 845 131 75 esset:
1928 845 105 75 nisi
1980 845 66 75 re-

1132 888 133 79 latio
1221 888 133 79 esset
1310 888 104 79 res
1369 888 192 79 distincta
1517 888 74 79 a
1546 888 222 79 fundamento:
1724 888 118 79 quia
1798 888 222 79 fundamentum
1960 888 89 79 pre-

1127 943 183 47 existit.
1264 943 76 47 ⁋
1294 943 91 47 3a
1340 943 107 47 est
1401 943 198 47 Augustini
1553 943 91 47 5o
1599 943 91 47 de
1645 943 122 47 tri.
1721 943 91 47 In
1766 943 137 47 rebus
1858 943 168 47 creatis
1964 943 107 47 atque

1125 980 173 73 mutabilibus
1264 980 92 73 quod
1321 980 81 73 non
1368 980 138 73 secundum
1471 980 150 73 subiectam
1587 980 127 73 debitur
1679 980 115 73 restat
1760 980 69 73 vt
1794 980 138 73 secundum
1898 980 138 73 accidens
1990 980 81 73 dica-

1135 1024 107 62 tur.
1201 1024 94 62 vbi
1255 1024 160 62 expresse
1375 1024 147 62 videtur
1482 1024 120 62 velle
1563 1024 107 62 quod
1629 1024 147 62 relatio
1736 1024 107 62 illa
1803 1024 134 62 saltem
1897 1024 94 62 que
1937 1024 107 62 amitti

1118 1062 163 74 potest:
1237 1062 163 74 manente
1356 1062 208 74 fundamento
1519 1062 104 74 sit
1578 1062 178 74 accidens
1712 1062 89 74 in
1756 1062 193 74 creatura.
1905 1062 74 74 ⁋
1934 1062 119 74 Item
1994 1062 74 74 in-

1119 1108 98 73 fra.
1180 1108 98 73 quod
1241 1108 147 73 relatiue
1351 1108 196 73 pronunciatur
1511 1108 86 73 non
1560 1108 135 73 indicat
1657 1108 98 73 esse
1719 1108 184 73 subsiectam.
1866 1108 98 73 ergo
1915 1108 122 73 relatio-

1121 1150 91 77 non
1173 1150 91 77 est
1225 1150 169 77 subiecta:
1355 1150 91 77 sed
1406 1150 169 77 accidens.
1536 1150 65 77 ⁋
1562 1150 104 77 Item
1627 1150 117 77 libro
1705 1150 78 77 7o
1744 1150 117 77 omnis
1822 1150 156 77 essentia
1938 1150 104 77 quae
1990 1150 78 77 rela

1116 1195 110 65 tiue
1185 1195 151 65 dicitur
1294 1195 96 65 est
1349 1195 123 65 etiam
1431 1195 151 65 aliquid
1541 1195 151 65 excepto
1651 1195 178 65 relatiuo:
1788 1195 82 65 et
1829 1195 123 65 prius
1897 1195 151 65 immediate

1122 1235 114 74 dicit
1198 1235 101 74 quod
1262 1235 76 74 si
1300 1235 152 74 essentia
1414 1235 101 74 illa
1477 1235 152 74 relatiue
1591 1235 165 74 diceretur
1717 1235 165 74 essentia:
1844 1235 101 74 ipsa
1907 1235 89 74 non
1945 1235 89 74 esset

1111 1283 180 62 essentia.
1250 1283 97 62 vbi
1305 1283 167 62 expresse
1430 1283 153 62 videtur
1541 1283 125 62 velle
1625 1283 111 62 quod
1694 1283 167 62 essentia
1819 1283 97 62 que
1874 1283 153 62 dicitur
1971 1283 56 62 re

1116 1318 163 66 latiue:
1235 1318 104 66 sit
1294 1318 163 66 entitas
1412 1318 193 66 distincta
1560 1318 89 66 ab
1605 1318 118 66 illa
1679 1318 207 66 relatione.
1842 1318 74 66 ⁋
1871 1318 89 66 Ad
1916 1318 118 66 idem
1990 1318 104 66 est

1125 1364 164 76 auctoritas
1254 1364 164 76 philosophi
1383 1364 70 76 in
1419 1364 223 76 praedicamentis.
1606 1364 70 76 Ad
1642 1364 129 76 aliquid
1736 1364 94 76 sunt
1794 1364 153 76 quecumque
1912 1364 82 76 hoc
1947 1364 82 76 ipsum

1115 1409 105 64 quod
1180 1409 105 64 sunt
1246 1409 144 64 aliorum
1350 1409 170 64 dicuntur.
1481 1409 144 64 Constat
1586 1409 118 64 autem
1665 1409 105 64 quod
1730 1409 196 64 fundamentum
1887 1409 92 64 non
1939 1409 92 64 est
1979 1409 52 64 ad

1109 1455 105 69 aliud
1180 1455 82 69 hoc
1226 1455 105 69 ipsum
1297 1455 94 69 quod
1355 1455 94 69 est.
1414 1455 59 69 ⁋
1437 1455 70 69 Ad
1472 1455 82 69 hoc
1519 1455 105 69 etiam
1589 1455 129 69 videtur
1683 1455 94 69 esse
1741 1455 211 69 Commentatoris.
1917 1455 70 69 et
1940 1455 82 69 primo

1123 1494 115 66 quidem
1203 1494 103 66 primo
1272 1494 92 66 phy.
1329 1494 80 66 vbi
1375 1494 69 66 ex
1410 1494 161 66 intentione
1536 1494 115 66 probat
1616 1494 92 66 quod
1674 1494 138 66 potentia
1777 1494 126 66 materie
1869 1494 92 66 quae
1927 1494 80 66 est
1961 1494 69 66 rela

1119 1544 75 57 tio
1162 1544 171 57 distinguitur
1301 1544 53 57 a
1322 1544 128 57 subiecta
1418 1544 128 57 materie.
1514 1544 75 57 ait
1557 1544 85 57 enim
1610 1544 85 57 quod
1663 1544 117 57 accidit
1749 1544 128 57 subiecte
1845 1544 85 57 eius
1898 1544 128 57 scilicet
1983 1544 43 57 ma

1114 1585 126 68 terie:
1203 1585 76 68 vt
1241 1585 88 68 sit
1291 1585 76 68 in
1329 1585 152 68 potentia
1443 1585 114 68 omnis
1518 1585 126 68 forme.
1607 1585 88 68 non
1657 1585 101 68 quod
1720 1585 152 68 potentia
1834 1585 88 68 sit
1885 1585 76 68 in
1910 1585 126 68 subiecta

1116 1628 107 66 eius:
1187 1628 83 66 ita
1235 1628 95 66 quod
1294 1628 83 66 sit
1342 1628 95 66 pars
1401 1628 214 66 distinctionis:
1580 1628 131 66 quoniam
1675 1628 71 66 si
1710 1628 143 66 potentia
1817 1628 107 66 esset
1888 1628 71 66 in
1912 1628 119 66 subiecta

1117 1676 127 60 eius:
1202 1676 113 60 tunc
1272 1676 113 60 eius
1343 1676 170 60 essentia
1470 1676 226 60 destrueretur
1654 1676 99 60 per
1711 1676 198 60 ablationem
1866 1676 170 60 potentie
1979 1676 57 60 et

1109 1716 200 66 praesentiam
1269 1716 120 66 forme
1349 1716 80 66 in
1389 1716 120 66 actu.
1469 1716 80 66 si
1509 1716 120 66 forme
1589 1716 80 66 ad
1629 1716 107 66 quam
1696 1716 147 66 habebat
1803 1716 174 66 potentiam
1937 1716 80 66 vt
1963 1716 67 66 re-

1111 1761 119 60 ciperet
1197 1761 86 60 eam:
1251 1761 65 60 et
1284 1761 183 60 universaliter
1434 1761 65 60 si
1467 1761 129 60 potentia
1564 1761 97 60 esset
1628 1761 65 60 in
1661 1761 129 60 subiecta
1758 1761 97 60 eius:
1822 1761 86 60 tunc
1876 1761 129 60 subiecta
1962 1761 65 60 eius

1099 1800 224 62 corrumperetur
1283 1800 105 62 apud
1349 1800 224 62 generationem:
1533 1800 79 62 et
1573 1800 119 62 esset
1652 1800 79 62 in
1692 1800 224 62 praedicamento
1876 1800 79 62 ad
1915 1800 145 62 aliquid

1106 1849 74 61 et
1143 1849 86 61 non
1192 1849 74 61 in
1229 1849 210 61 praedicamento
1402 1849 161 61 subiecte.
1526 1849 86 61 vbi
1575 1849 136 61 apparet
1674 1849 148 61 expresse
1785 1849 99 61 quod
1847 1849 148 61 loquitur
1958 1849 74 61 de
1983 1849 49 61 po

1112 1885 127 60 tentia
1201 1885 102 60 quae
1265 1885 89 60 est
1316 1885 152 60 relatio:
1430 1885 76 60 et
1468 1885 114 60 illam
1544 1885 114 60 dicit
1620 1885 89 60 non
1671 1885 102 60 esse
1735 1885 165 60 subiectam
1862 1885 114 60 eius.
1938 1885 64 60 ⁋
1951 1885 76 60 Item

1100 1927 78 65 5o
1139 1927 117 65 meta.
1217 1927 117 65 dicit
1295 1927 104 65 quod
1361 1927 143 65 relatio
1465 1927 143 65 accidit
1569 1927 182 65 quantitati
1712 1927 78 65 et
1751 1927 143 65 ceteris
1843 1927 182 65 praedicamen-

1109 1973 112 71 tis.
1179 1973 112 71 ergo
1249 1973 98 71 est
1305 1973 154 71 entitas
1416 1973 182 71 distincta
1556 1973 84 71 ab
1598 1973 140 71 illis.
1696 1973 70 71 ⁋
1724 1973 84 71 Ad
1766 1973 140 71 primam
1863 1973 154 71 quamuis
1961 1973 70 71 ab-

1098 2018 149 52 solute
1202 2018 149 52 posset
1307 2018 149 52 negari
1411 2018 223 52 antecedens:
1589 2018 89 52 eo
1634 2018 119 52 quod
1709 2018 89 52 in
1753 2018 104 52 sua
1813 2018 223 52 proprietate
1977 2018 74 52 sit

1100 2056 183 62 falsum.
1233 2056 233 62 Rudioribus
1416 2056 150 62 tamen
1516 2056 249 62 subueniendo
1716 2056 216 62 distinguo
1865 2056 150 62 duplici

1104 2100 136 71 sensum
1199 2100 95 71 qui
1254 2100 136 71 potest
1349 2100 136 71 haberi
1444 2100 81 71 de
1484 2100 122 71 ipso.
1566 2100 109 71 vnus
1634 2100 109 71 est.
1701 2100 109 71 quod
1769 2100 176 71 possibile
1905 2100 95 71 est
1946 2100 81 71 qua-

1105 2142 135 69 libet
1195 2142 179 69 entitate
1329 2142 179 69 absoluta
1464 2142 194 69 alicuius.
1613 2142 135 69 verbi
1703 2142 120 69 gra.
1778 2142 164 69 sortis.
1882 2142 150 69 manente:

1102 2187 180 70 entitatem
1240 2187 97 70 que
1296 2187 97 70 est
1351 2187 152 70 relatio
1461 2187 83 70 et
1503 2187 97 70 qua
1558 2187 97 70 est
1613 2187 138 70 talis.
1710 2187 124 70 verbi
1793 2187 152 70 gratia.
1890 2187 138 70 similitu

1102 2226 88 67 do
1146 2226 118 67 eius
1220 2226 88 67 ad
1264 2226 176 67 platonem
1396 2226 176 67 desinere
1529 2226 132 67 esse:
1617 2226 88 67 et
1661 2226 103 67 hic
1720 2226 103 67 est
1779 2226 147 67 sensus
1882 2226 118 67 quem
1940 2226 74 67 ha-

1104 2270 99 64 bet
1161 2270 198 64 antecedens
1316 2270 170 64 secundum
1444 2270 113 64 suam
1515 2270 170 64 propriam
1642 2270 283 64 significationem.
1883 2270 128 64 Alius
1954 2270 85 64 sen-

1099 2316 99 62 sus
1155 2316 113 62 est.
1226 2316 113 62 quod
1297 2316 184 62 possibile
1438 2316 99 62 est
1495 2316 170 62 qualibet
1622 2316 170 62 entitate
1749 2316 170 62 absoluta
1877 2316 141 62 sortis
1961 2316 57 62 ma

1104 2357 139 66 nente:
1201 2357 139 66 sortes
1299 2357 167 66 desinere
1424 2357 111 66 esse
1493 2357 153 66 similem
1604 2357 167 66 platoni:
1729 2357 111 66 siue
1799 2357 111 66 hanc
1868 2357 125 66 posse
1938 2357 83 66 esse

1110 2401 119 71 veram:
1193 2401 119 71 sortes
1276 2401 83 71 non
1324 2401 83 71 est
1371 2401 130 71 similis
1466 2401 142 71 platonos
1573 2401 71 71 in
1608 2401 107 71 primo
1679 2401 107 71 sensu
1750 2401 190 71 consequentia
1904 2401 83 71 est
1940 2401 83 71 neces

1093 2445 148 72 saria:
1197 2445 104 72 sed
1256 2445 208 72 antecedens
1420 2445 104 72 est
1479 2445 163 72 falsum.
1598 2445 89 72 Et
1642 2445 89 72 ad
1687 2445 223 72 probationem
1865 2445 119 72 dico
1924 2445 89 72 quod

1110 2486 221 74 transmutato
1287 2486 162 74 platone
1405 2486 177 74 secundum
1538 2486 207 74 qualitatem
1700 2486 192 74 etcetera)
1848 2486 162 74 entitas
1951 2486 74 74 que

1091 2532 124 64 nunc
1169 2532 109 64 est
1231 2532 217 64 similitudo
1402 2532 109 64 non
1464 2532 171 64 desinit
1588 2532 140 64 esse:
1681 2532 109 64 sed
1744 2532 155 64 manet.
1837 2532 186 64 veruntamen

1096 2578 115 66 ipsa
1167 2578 158 66 desinit
1282 2578 115 66 esse
1354 2578 201 66 similitudo
1512 2578 129 66 sicut
1598 2578 129 66 etiam
1684 2578 115 66 ipsa
1756 2578 158 66 desinit
1871 2578 115 66 esse
1928 2578 101 66 eius-

1094 2629 104 59 dem
1154 2629 163 59 speciei
1272 2629 104 59 cum
1332 2629 178 59 platonis
1465 2629 208 59 qualitate.
1629 2629 193 59 propterea
1777 2629 119 59 quia
1852 2629 134 59 nulla
1926 2629 89 59 tunc

1096 2659 98 73 est
1152 2659 169 73 qualitas
1279 2659 183 73 platonis:
1419 2659 98 73 cui
1476 2659 112 73 ista
1546 2659 127 73 (esto
1630 2659 112 73 quod
1701 2659 112 73 sit)
1771 2659 98 73 sit
1827 2659 127 73 eadem
1897 2659 127 73 specie:

1094 2702 106 74 sicut
1165 2702 106 74 etiam
1236 2702 118 74 sortes
1319 2702 130 74 desinit
1413 2702 95 74 esse
1472 2702 130 74 similis
1567 2702 142 74 platones
1673 2702 95 74 quia
1732 2702 130 74 desinit
1827 2702 95 74 esse
1886 2702 106 74 talis
1945 2702 59 74 qua

1098 2748 98 67 lis
1154 2748 98 67 est
1210 2748 168 67 platonis
1336 2748 84 67 et
1378 2748 98 67 hoc
1434 2748 98 67 non
1490 2748 98 67 est
1546 2748 154 67 propter
1659 2748 196 67 desitionem
1813 2748 168 67 alicuius
1925 2748 84 67 enti

1087 2797 129 61 tatis
1173 2797 86 61 in
1216 2797 144 61 sortes
1316 2797 101 61 sed
1374 2797 158 61 propter
1489 2797 201 61 desitionem
1647 2797 187 61 entitatis
1791 2797 86 61 in
1834 2797 158 61 platone
1934 2797 72 61 qua

1093 2834 90 68 non
1144 2834 179 68 existente:
1285 2834 128 68 sortes
1375 2834 90 68 non
1426 2834 90 68 est
1477 2834 115 68 talis
1554 2834 128 68 qualis
1643 2834 90 68 est
1694 2834 128 68 plato:
1784 2834 77 68 et
1822 2834 90 68 per
1861 2834 153 68 consequens

1087 2880 119 62 neque
1166 2880 146 62 similis
1273 2880 93 62 ei.
1326 2880 66 62 ⁋
1352 2880 80 62 Ex
1392 2880 93 62 quo
1445 2880 119 62 patet
1525 2880 212 62 consequenter
1697 2880 106 62 quod
1764 2880 80 62 in
1804 2880 106 62 isto
1870 2880 119 62 sensu
1950 2880 93 62 2oa

1087 2932 158 59 antecedens
1211 2932 79 59 est
1256 2932 113 59 verum.
1335 2932 79 59 sed
1381 2932 181 59 consequentia
1528 2932 79 59 non
1573 2932 113 59 valet.
1652 2932 79 59 nec
1697 2932 136 59 sequitur
1799 2932 90 59 quod
1856 2932 79 59 sit
1890 2932 124 59 possibile

1090 2972 138 57 eandem
1187 2972 179 57 entitatem
1325 2972 124 57 simul
1408 2972 110 57 esse
1477 2972 83 57 et
1518 2972 97 57 non
1573 2972 124 57 esse:
1656 2972 97 57 cum
1711 2972 97 57 non
1766 2972 124 57 ponam
1849 2972 152 57 aliquam
1946 2972 55 57 en

1096 3008 141 72 titatem
1199 3008 154 72 desinere
1314 3008 115 72 esse:
1391 3008 90 72 sed
1442 3008 102 72 bene
1506 3008 166 72 sequitur:
1634 3008 102 72 quod
1698 3008 115 72 simul
1775 3008 115 72 eadem
1851 3008 141 72 entitas
1941 3008 64 72 que

1077 3064 109 69 nunc
1146 3064 96 69 est
1200 3064 205 69 similitudo:
1364 3064 109 69 tunc
1432 3064 109 69 sit:
1500 3064 82 69 et
1541 3064 109 69 ipsa
1610 3064 96 69 non
1664 3064 96 69 sit
1719 3064 205 69 similitudo:
1883 3064 109 69 quod
1937 3064 82 69 nul
