<?xml version="1.0" encoding="UTF-8"?>
<alto xmlns:xsi="http://www.w3.org/2001/XMLSchema-instance"
      xmlns="http://www.loc.gov/standards/alto/ns-v2#"
      xmlns:page="http://schema.primaresearch.org/PAGE/gts/pagecontent/2013-07-15"
      xsi:schemaLocation="http://www.loc.gov/standards/alto/ns-v2# http://www.loc.gov/standards/alto/alto.xsd">
   <Description>
      <MeasurementUnit>pixel</MeasurementUnit>
      <OCRProcessing ID="IdOcr">
         <ocrProcessingStep>
            <processingDateTime>2020-08-29T15:08:51.912-04:00</processingDateTime>
            <processingSoftware>
               <softwareCreator>READ COOP</softwareCreator>
               <softwareName>Transkribus</softwareName>
            </processingSoftware>
         </ocrProcessingStep>
      </OCRProcessing>
   </Description>
   <Tags/>
   <Layout>
      <Page ID="Page1" PHYSICAL_IMG_NR="1" HEIGHT="3551" WIDTH="2424">
         <TopMargin HEIGHT="0" WIDTH="2424" VPOS="0" HPOS="0"/>
         <LeftMargin HEIGHT="3551" WIDTH="0" VPOS="0" HPOS="0"/>
         <RightMargin HEIGHT="3551" WIDTH="0" VPOS="0" HPOS="2424"/>
         <BottomMargin HEIGHT="0" WIDTH="2424" VPOS="3551" HPOS="0"/>
         <PrintSpace HEIGHT="3551" WIDTH="2424" VPOS="0" HPOS="0">
            <TextBlock ID="TextRegion_1597362687659_2180"
                       HEIGHT="2906"
                       WIDTH="944"
                       VPOS="218"
                       HPOS="383">
               <Shape>
                  <Polygon POINTS="383,218 1327,218 1327,3124 383,3124"/>
               </Shape>
               <TextLine ID="r4l5"
                         BASELINE="347"
                         HEIGHT="76"
                         WIDTH="919"
                         VPOS="271"
                         HPOS="376">
                  <String HEIGHT="76"
                          WIDTH="151"
                          VPOS="271"
                          HPOS="362"
                          CONTENT="latenus"/>
                  <SP HEIGHT="76" WIDTH="14" VPOS="271" HPOS="513"/>
                  <String HEIGHT="76"
                          WIDTH="178"
                          VPOS="271"
                          HPOS="472"
                          CONTENT="repugnat."/>
                  <SP HEIGHT="76" WIDTH="14" VPOS="271" HPOS="650"/>
                  <String HEIGHT="76" WIDTH="69" VPOS="271" HPOS="609" CONTENT="⁋"/>
                  <SP HEIGHT="76" WIDTH="14" VPOS="271" HPOS="678"/>
                  <String HEIGHT="76"
                          WIDTH="165"
                          VPOS="271"
                          HPOS="637"
                          CONTENT="Exemplum"/>
                  <SP HEIGHT="76" WIDTH="14" VPOS="271" HPOS="801"/>
                  <String HEIGHT="76"
                          WIDTH="137"
                          VPOS="271"
                          HPOS="760"
                          CONTENT="omnium"/>
                  <SP HEIGHT="76" WIDTH="14" VPOS="271" HPOS="897"/>
                  <String HEIGHT="76"
                          WIDTH="233"
                          VPOS="271"
                          HPOS="856"
                          CONTENT="praedictorum."/>
                  <SP HEIGHT="76" WIDTH="14" VPOS="271" HPOS="1089"/>
                  <String HEIGHT="76"
                          WIDTH="151"
                          VPOS="271"
                          HPOS="1048"
                          CONTENT="Constat"/>
                  <SP HEIGHT="76" WIDTH="14" VPOS="271" HPOS="1199"/>
                  <String HEIGHT="76"
                          WIDTH="110"
                          VPOS="271"
                          HPOS="1158"
                          CONTENT="enim"/>
                  <SP HEIGHT="76" WIDTH="14" VPOS="271" HPOS="1268"/>
                  <String HEIGHT="76"
                          WIDTH="82"
                          VPOS="271"
                          HPOS="1213"
                          CONTENT="quod"/>
               </TextLine>
               <TextLine ID="r4l7"
                         BASELINE="397"
                         HEIGHT="68"
                         WIDTH="885"
                         VPOS="329"
                         HPOS="393">
                  <String HEIGHT="68"
                          WIDTH="211"
                          VPOS="329"
                          HPOS="380"
                          CONTENT="praescientia"/>
                  <SP HEIGHT="68" WIDTH="13" VPOS="329" HPOS="591"/>
                  <String HEIGHT="68" WIDTH="92" VPOS="329" HPOS="552" CONTENT="dei"/>
                  <SP HEIGHT="68" WIDTH="13" VPOS="329" HPOS="644"/>
                  <String HEIGHT="68" WIDTH="79" VPOS="329" HPOS="604" CONTENT="de"/>
                  <SP HEIGHT="68" WIDTH="13" VPOS="329" HPOS="684"/>
                  <String HEIGHT="68"
                          WIDTH="211"
                          VPOS="329"
                          HPOS="644"
                          CONTENT="antichristo."/>
                  <SP HEIGHT="68" WIDTH="13" VPOS="329" HPOS="855"/>
                  <String HEIGHT="68" WIDTH="92" VPOS="329" HPOS="816" CONTENT="non"/>
                  <SP HEIGHT="68" WIDTH="13" VPOS="329" HPOS="908"/>
                  <String HEIGHT="68" WIDTH="92" VPOS="329" HPOS="869" CONTENT="est"/>
                  <SP HEIGHT="68" WIDTH="13" VPOS="329" HPOS="961"/>
                  <String HEIGHT="68"
                          WIDTH="145"
                          VPOS="329"
                          HPOS="921"
                          CONTENT="entitas"/>
                  <SP HEIGHT="68" WIDTH="13" VPOS="329" HPOS="1067"/>
                  <String HEIGHT="68"
                          WIDTH="172"
                          VPOS="329"
                          HPOS="1027"
                          CONTENT="distincta"/>
                  <SP HEIGHT="68" WIDTH="13" VPOS="329" HPOS="1199"/>
                  <String HEIGHT="68" WIDTH="66" VPOS="329" HPOS="1159" CONTENT="a"/>
                  <SP HEIGHT="68" WIDTH="13" VPOS="329" HPOS="1225"/>
                  <String HEIGHT="68"
                          WIDTH="106"
                          VPOS="329"
                          HPOS="1172"
                          CONTENT="deita"
                          SUBS_TYPE="HypPart1"
                          SUBS_CONTENT="deitate:"/>
                  <HYP CONTENT="-"/>
               </TextLine>
               <TextLine ID="r4l9"
                         BASELINE="440"
                         HEIGHT="62"
                         WIDTH="894"
                         VPOS="378"
                         HPOS="386">
                  <String HEIGHT="62"
                          WIDTH="82"
                          VPOS="378"
                          HPOS="374"
                          CONTENT="te:"
                          SUBS_TYPE="HypPart2"
                          SUBS_CONTENT="deitate:"/>
                  <SP HEIGHT="62" WIDTH="12" VPOS="378" HPOS="457"/>
                  <String HEIGHT="62" WIDTH="82" VPOS="378" HPOS="421" CONTENT="nec"/>
                  <SP HEIGHT="62" WIDTH="12" VPOS="378" HPOS="504"/>
                  <String HEIGHT="62"
                          WIDTH="129"
                          VPOS="378"
                          HPOS="468"
                          CONTENT="entitas"/>
                  <SP HEIGHT="62" WIDTH="12" VPOS="378" HPOS="598"/>
                  <String HEIGHT="62" WIDTH="94" VPOS="378" HPOS="562" CONTENT="quae"/>
                  <SP HEIGHT="62" WIDTH="12" VPOS="378" HPOS="657"/>
                  <String HEIGHT="62" WIDTH="82" VPOS="378" HPOS="621" CONTENT="est"/>
                  <SP HEIGHT="62" WIDTH="12" VPOS="378" HPOS="704"/>
                  <String HEIGHT="62"
                          WIDTH="200"
                          VPOS="378"
                          HPOS="668"
                          CONTENT="praescientia:"/>
                  <SP HEIGHT="62" WIDTH="12" VPOS="378" HPOS="868"/>
                  <String HEIGHT="62"
                          WIDTH="118"
                          VPOS="378"
                          HPOS="833"
                          CONTENT="potest"/>
                  <SP HEIGHT="62" WIDTH="12" VPOS="378" HPOS="951"/>
                  <String HEIGHT="62"
                          WIDTH="141"
                          VPOS="378"
                          HPOS="915"
                          CONTENT="desinere"/>
                  <SP HEIGHT="62" WIDTH="12" VPOS="378" HPOS="1057"/>
                  <String HEIGHT="62"
                          WIDTH="94"
                          VPOS="378"
                          HPOS="1021"
                          CONTENT="esse"/>
                  <SP HEIGHT="62" WIDTH="12" VPOS="378" HPOS="1115"/>
                  <String HEIGHT="62"
                          WIDTH="129"
                          VPOS="378"
                          HPOS="1080"
                          CONTENT="manente"/>
                  <SP HEIGHT="62" WIDTH="12" VPOS="378" HPOS="1209"/>
                  <String HEIGHT="62"
                          WIDTH="118"
                          VPOS="378"
                          HPOS="1162"
                          CONTENT="divinita"/>
               </TextLine>
               <TextLine ID="r4l11"
                         BASELINE="483"
                         HEIGHT="67"
                         WIDTH="907"
                         VPOS="416"
                         HPOS="387">
                  <String HEIGHT="67" WIDTH="78" VPOS="416" HPOS="376" CONTENT="te:"/>
                  <SP HEIGHT="67" WIDTH="11" VPOS="416" HPOS="454"/>
                  <String HEIGHT="67" WIDTH="78" VPOS="416" HPOS="421" CONTENT="sed"/>
                  <SP HEIGHT="67" WIDTH="11" VPOS="416" HPOS="499"/>
                  <String HEIGHT="67" WIDTH="90" VPOS="416" HPOS="465" CONTENT="bene"/>
                  <SP HEIGHT="67" WIDTH="11" VPOS="416" HPOS="555"/>
                  <String HEIGHT="67"
                          WIDTH="112"
                          VPOS="416"
                          HPOS="521"
                          CONTENT="potest"/>
                  <SP HEIGHT="67" WIDTH="11" VPOS="416" HPOS="633"/>
                  <String HEIGHT="67"
                          WIDTH="134"
                          VPOS="416"
                          HPOS="600"
                          CONTENT="desinere"/>
                  <SP HEIGHT="67" WIDTH="11" VPOS="416" HPOS="734"/>
                  <String HEIGHT="67" WIDTH="90" VPOS="416" HPOS="701" CONTENT="esse"/>
                  <SP HEIGHT="67" WIDTH="11" VPOS="416" HPOS="790"/>
                  <String HEIGHT="67"
                          WIDTH="190"
                          VPOS="416"
                          HPOS="757"
                          CONTENT="praescientia."/>
                  <SP HEIGHT="67" WIDTH="11" VPOS="416" HPOS="947"/>
                  <String HEIGHT="67" WIDTH="78" VPOS="416" HPOS="913" CONTENT="Nam"/>
                  <SP HEIGHT="67" WIDTH="11" VPOS="416" HPOS="992"/>
                  <String HEIGHT="67" WIDTH="67" VPOS="416" HPOS="958" CONTENT="si"/>
                  <SP HEIGHT="67" WIDTH="11" VPOS="416" HPOS="1025"/>
                  <String HEIGHT="67"
                          WIDTH="179"
                          VPOS="416"
                          HPOS="992"
                          CONTENT="antichristus"/>
                  <SP HEIGHT="67" WIDTH="11" VPOS="416" HPOS="1171"/>
                  <String HEIGHT="67"
                          WIDTH="101"
                          VPOS="416"
                          HPOS="1137"
                          CONTENT="esset"/>
                  <SP HEIGHT="67" WIDTH="11" VPOS="416" HPOS="1238"/>
                  <String HEIGHT="67" WIDTH="78" VPOS="416" HPOS="1204" CONTENT="aut"/>
                  <SP HEIGHT="67" WIDTH="11" VPOS="416" HPOS="1283"/>
                  <String HEIGHT="67" WIDTH="56" VPOS="416" HPOS="1238" CONTENT="non"/>
               </TextLine>
               <TextLine ID="r4l13"
                         BASELINE="525"
                         HEIGHT="60"
                         WIDTH="893"
                         VPOS="465"
                         HPOS="387">
                  <String HEIGHT="60"
                          WIDTH="128"
                          VPOS="465"
                          HPOS="373"
                          CONTENT="esset"/>
                  <SP HEIGHT="60" WIDTH="14" VPOS="465" HPOS="500"/>
                  <String HEIGHT="60"
                          WIDTH="170"
                          VPOS="465"
                          HPOS="458"
                          CONTENT="futurus:"/>
                  <SP HEIGHT="60" WIDTH="14" VPOS="465" HPOS="628"/>
                  <String HEIGHT="60"
                          WIDTH="142"
                          VPOS="465"
                          HPOS="585"
                          CONTENT="quorum"/>
                  <SP HEIGHT="60" WIDTH="14" VPOS="465" HPOS="727"/>
                  <String HEIGHT="60"
                          WIDTH="170"
                          VPOS="465"
                          HPOS="685"
                          CONTENT="vtrumque"/>
                  <SP HEIGHT="60" WIDTH="14" VPOS="465" HPOS="855"/>
                  <String HEIGHT="60" WIDTH="99" VPOS="465" HPOS="812" CONTENT="est"/>
                  <SP HEIGHT="60" WIDTH="14" VPOS="465" HPOS="911"/>
                  <String HEIGHT="60"
                          WIDTH="184"
                          VPOS="465"
                          HPOS="869"
                          CONTENT="possibile"/>
                  <SP HEIGHT="60" WIDTH="14" VPOS="465" HPOS="1053"/>
                  <String HEIGHT="60"
                          WIDTH="113"
                          VPOS="465"
                          HPOS="1011"
                          CONTENT="ipsa"/>
                  <SP HEIGHT="60" WIDTH="14" VPOS="465" HPOS="1124"/>
                  <String HEIGHT="60"
                          WIDTH="142"
                          VPOS="465"
                          HPOS="1082"
                          CONTENT="vtique"/>
                  <SP HEIGHT="60" WIDTH="14" VPOS="465" HPOS="1223"/>
                  <String HEIGHT="60"
                          WIDTH="113"
                          VPOS="465"
                          HPOS="1167"
                          CONTENT="desine"/>
               </TextLine>
               <TextLine ID="r4l15"
                         BASELINE="567"
                         HEIGHT="61"
                         WIDTH="913"
                         VPOS="506"
                         HPOS="382">
                  <String HEIGHT="61" WIDTH="77" VPOS="506" HPOS="371" CONTENT="ret"/>
                  <SP HEIGHT="61" WIDTH="11" VPOS="506" HPOS="448"/>
                  <String HEIGHT="61" WIDTH="88" VPOS="506" HPOS="415" CONTENT="esse"/>
                  <SP HEIGHT="61" WIDTH="11" VPOS="506" HPOS="503"/>
                  <String HEIGHT="61"
                          WIDTH="176"
                          VPOS="506"
                          HPOS="470"
                          CONTENT="praescientia"/>
                  <SP HEIGHT="61" WIDTH="11" VPOS="506" HPOS="646"/>
                  <String HEIGHT="61" WIDTH="77" VPOS="506" HPOS="613" CONTENT="cum"/>
                  <SP HEIGHT="61" WIDTH="11" VPOS="506" HPOS="690"/>
                  <String HEIGHT="61"
                          WIDTH="99"
                          VPOS="506"
                          HPOS="657"
                          CONTENT="nulla"/>
                  <SP HEIGHT="61" WIDTH="11" VPOS="506" HPOS="756"/>
                  <String HEIGHT="61"
                          WIDTH="110"
                          VPOS="506"
                          HPOS="723"
                          CONTENT="possit"/>
                  <SP HEIGHT="61" WIDTH="11" VPOS="506" HPOS="833"/>
                  <String HEIGHT="61" WIDTH="88" VPOS="506" HPOS="800" CONTENT="esse"/>
                  <SP HEIGHT="61" WIDTH="11" VPOS="506" HPOS="888"/>
                  <String HEIGHT="61"
                          WIDTH="176"
                          VPOS="506"
                          HPOS="855"
                          CONTENT="praescientia"/>
                  <SP HEIGHT="61" WIDTH="11" VPOS="506" HPOS="1031"/>
                  <String HEIGHT="61" WIDTH="88" VPOS="506" HPOS="998" CONTENT="nisi"/>
                  <SP HEIGHT="61" WIDTH="11" VPOS="506" HPOS="1086"/>
                  <String HEIGHT="61"
                          WIDTH="121"
                          VPOS="506"
                          HPOS="1053"
                          CONTENT="futuri:"/>
                  <SP HEIGHT="61" WIDTH="11" VPOS="506" HPOS="1174"/>
                  <String HEIGHT="61" WIDTH="77" VPOS="506" HPOS="1141" CONTENT="nec"/>
                  <SP HEIGHT="61" WIDTH="11" VPOS="506" HPOS="1218"/>
                  <String HEIGHT="61"
                          WIDTH="99"
                          VPOS="506"
                          HPOS="1185"
                          CONTENT="tamen"/>
                  <SP HEIGHT="61" WIDTH="11" VPOS="506" HPOS="1284"/>
                  <String HEIGHT="61"
                          WIDTH="55"
                          VPOS="506"
                          HPOS="1240"
                          CONTENT="en"
                          SUBS_TYPE="HypPart1"
                          SUBS_CONTENT="entitas"/>
                  <HYP CONTENT="-"/>
               </TextLine>
               <TextLine ID="r4l17"
                         BASELINE="611"
                         HEIGHT="63"
                         WIDTH="897"
                         VPOS="548"
                         HPOS="390">
                  <String HEIGHT="63"
                          WIDTH="105"
                          VPOS="548"
                          HPOS="378"
                          CONTENT="titas"
                          SUBS_TYPE="HypPart2"
                          SUBS_CONTENT="entitas"/>
                  <SP HEIGHT="63" WIDTH="12" VPOS="548" HPOS="483"/>
                  <String HEIGHT="63" WIDTH="93" VPOS="548" HPOS="448" CONTENT="quae"/>
                  <SP HEIGHT="63" WIDTH="12" VPOS="548" HPOS="541"/>
                  <String HEIGHT="63" WIDTH="82" VPOS="548" HPOS="506" CONTENT="est"/>
                  <SP HEIGHT="63" WIDTH="12" VPOS="548" HPOS="588"/>
                  <String HEIGHT="63"
                          WIDTH="198"
                          VPOS="548"
                          HPOS="553"
                          CONTENT="praescientia:"/>
                  <SP HEIGHT="63" WIDTH="12" VPOS="548" HPOS="751"/>
                  <String HEIGHT="63" WIDTH="82" VPOS="548" HPOS="716" CONTENT="aut"/>
                  <SP HEIGHT="63" WIDTH="12" VPOS="548" HPOS="798"/>
                  <String HEIGHT="63"
                          WIDTH="116"
                          VPOS="548"
                          HPOS="763"
                          CONTENT="aliqua"/>
                  <SP HEIGHT="63" WIDTH="12" VPOS="548" HPOS="879"/>
                  <String HEIGHT="63" WIDTH="93" VPOS="548" HPOS="844" CONTENT="quae"/>
                  <SP HEIGHT="63" WIDTH="12" VPOS="548" HPOS="938"/>
                  <String HEIGHT="63" WIDTH="82" VPOS="548" HPOS="903" CONTENT="sit"/>
                  <SP HEIGHT="63" WIDTH="12" VPOS="548" HPOS="984"/>
                  <String HEIGHT="63" WIDTH="70" VPOS="548" HPOS="949" CONTENT="in"/>
                  <SP HEIGHT="63" WIDTH="12" VPOS="548" HPOS="1019"/>
                  <String HEIGHT="63" WIDTH="82" VPOS="548" HPOS="984" CONTENT="deo"/>
                  <SP HEIGHT="63" WIDTH="12" VPOS="548" HPOS="1066"/>
                  <String HEIGHT="63"
                          WIDTH="151"
                          VPOS="548"
                          HPOS="1031"
                          CONTENT="desineret"/>
                  <SP HEIGHT="63" WIDTH="12" VPOS="548" HPOS="1182"/>
                  <String HEIGHT="63"
                          WIDTH="105"
                          VPOS="548"
                          HPOS="1147"
                          CONTENT="esse."/>
                  <SP HEIGHT="63" WIDTH="12" VPOS="548" HPOS="1252"/>
                  <String HEIGHT="63" WIDTH="58" VPOS="548" HPOS="1217" CONTENT="⁋"/>
                  <SP HEIGHT="63" WIDTH="12" VPOS="548" HPOS="1275"/>
                  <String HEIGHT="63" WIDTH="58" VPOS="548" HPOS="1229" CONTENT="Sic"/>
               </TextLine>
               <TextLine ID="r4l19"
                         BASELINE="652"
                         HEIGHT="63"
                         WIDTH="900"
                         VPOS="589"
                         HPOS="396">
                  <String HEIGHT="63"
                          WIDTH="143"
                          VPOS="589"
                          HPOS="385"
                          CONTENT="espondere"/>
                  <SP HEIGHT="63" WIDTH="11" VPOS="589" HPOS="528"/>
                  <String HEIGHT="63" WIDTH="77" VPOS="589" HPOS="495" CONTENT="nos"/>
                  <SP HEIGHT="63" WIDTH="11" VPOS="589" HPOS="572"/>
                  <String HEIGHT="63"
                          WIDTH="99"
                          VPOS="589"
                          HPOS="539"
                          CONTENT="docet"/>
                  <SP HEIGHT="63" WIDTH="11" VPOS="589" HPOS="637"/>
                  <String HEIGHT="63" WIDTH="88" VPOS="589" HPOS="605" CONTENT="hug."/>
                  <SP HEIGHT="63" WIDTH="11" VPOS="589" HPOS="692"/>
                  <String HEIGHT="63" WIDTH="66" VPOS="589" HPOS="659" CONTENT="de"/>
                  <SP HEIGHT="63" WIDTH="11" VPOS="589" HPOS="725"/>
                  <String HEIGHT="63"
                          WIDTH="154"
                          VPOS="589"
                          HPOS="692"
                          CONTENT="sacramenis"/>
                  <SP HEIGHT="63" WIDTH="11" VPOS="589" HPOS="846"/>
                  <String HEIGHT="63" WIDTH="88" VPOS="589" HPOS="813" CONTENT="libr"/>
                  <SP HEIGHT="63" WIDTH="11" VPOS="589" HPOS="901"/>
                  <String HEIGHT="63"
                          WIDTH="99"
                          VPOS="589"
                          HPOS="868"
                          CONTENT="primo"/>
                  <SP HEIGHT="63" WIDTH="11" VPOS="589" HPOS="967"/>
                  <String HEIGHT="63" WIDTH="77" VPOS="589" HPOS="934" CONTENT="vbi"/>
                  <SP HEIGHT="63" WIDTH="11" VPOS="589" HPOS="1011"/>
                  <String HEIGHT="63"
                          WIDTH="99"
                          VPOS="589"
                          HPOS="978"
                          CONTENT="dicit"/>
                  <SP HEIGHT="63" WIDTH="11" VPOS="589" HPOS="1076"/>
                  <String HEIGHT="63"
                          WIDTH="88"
                          VPOS="589"
                          HPOS="1044"
                          CONTENT="quod"/>
                  <SP HEIGHT="63" WIDTH="11" VPOS="589" HPOS="1131"/>
                  <String HEIGHT="63"
                          WIDTH="132"
                          VPOS="589"
                          HPOS="1098"
                          CONTENT="scientia"/>
                  <SP HEIGHT="63" WIDTH="11" VPOS="589" HPOS="1230"/>
                  <String HEIGHT="63" WIDTH="66" VPOS="589" HPOS="1197" CONTENT="et"/>
                  <SP HEIGHT="63" WIDTH="11" VPOS="589" HPOS="1263"/>
                  <String HEIGHT="63"
                          WIDTH="77"
                          VPOS="589"
                          HPOS="1219"
                          CONTENT="prae"
                          SUBS_TYPE="HypPart1"
                          SUBS_CONTENT="praescientia"/>
                  <HYP CONTENT="-"/>
               </TextLine>
               <TextLine ID="r4l21"
                         BASELINE="698"
                         HEIGHT="60"
                         WIDTH="914"
                         VPOS="638"
                         HPOS="384">
                  <String HEIGHT="60"
                          WIDTH="128"
                          VPOS="638"
                          HPOS="373"
                          CONTENT="scientia"
                          SUBS_TYPE="HypPart2"
                          SUBS_CONTENT="praescientia"/>
                  <SP HEIGHT="60" WIDTH="11" VPOS="638" HPOS="501"/>
                  <String HEIGHT="60"
                          WIDTH="128"
                          VPOS="638"
                          HPOS="469"
                          CONTENT="dicuntur"/>
                  <SP HEIGHT="60" WIDTH="11" VPOS="638" HPOS="597"/>
                  <String HEIGHT="60" WIDTH="64" VPOS="638" HPOS="565" CONTENT="ad"/>
                  <SP HEIGHT="60" WIDTH="11" VPOS="638" HPOS="628"/>
                  <String HEIGHT="60"
                          WIDTH="128"
                          VPOS="638"
                          HPOS="597"
                          CONTENT="aliquid."/>
                  <SP HEIGHT="60" WIDTH="11" VPOS="638" HPOS="724"/>
                  <String HEIGHT="60"
                          WIDTH="128"
                          VPOS="638"
                          HPOS="692"
                          CONTENT="Scientia"/>
                  <SP HEIGHT="60" WIDTH="11" VPOS="638" HPOS="820"/>
                  <String HEIGHT="60" WIDTH="85" VPOS="638" HPOS="788" CONTENT="enim"/>
                  <SP HEIGHT="60" WIDTH="11" VPOS="638" HPOS="873"/>
                  <String HEIGHT="60" WIDTH="74" VPOS="638" HPOS="841" CONTENT="est"/>
                  <SP HEIGHT="60" WIDTH="11" VPOS="638" HPOS="915"/>
                  <String HEIGHT="60"
                          WIDTH="96"
                          VPOS="638"
                          HPOS="884"
                          CONTENT="eorum"/>
                  <SP HEIGHT="60" WIDTH="11" VPOS="638" HPOS="979"/>
                  <String HEIGHT="60" WIDTH="85" VPOS="638" HPOS="947" CONTENT="quae"/>
                  <SP HEIGHT="60" WIDTH="11" VPOS="638" HPOS="1032"/>
                  <String HEIGHT="60"
                          WIDTH="96"
                          VPOS="638"
                          HPOS="1000"
                          CONTENT="sunt:"/>
                  <SP HEIGHT="60" WIDTH="11" VPOS="638" HPOS="1096"/>
                  <String HEIGHT="60"
                          WIDTH="170"
                          VPOS="638"
                          HPOS="1064"
                          CONTENT="praescientia"/>
                  <SP HEIGHT="60" WIDTH="11" VPOS="638" HPOS="1234"/>
                  <String HEIGHT="60"
                          WIDTH="85"
                          VPOS="638"
                          HPOS="1202"
                          CONTENT="vero"/>
                  <SP HEIGHT="60" WIDTH="11" VPOS="638" HPOS="1287"/>
                  <String HEIGHT="60"
                          WIDTH="53"
                          VPOS="638"
                          HPOS="1245"
                          CONTENT="fu"
                          SUBS_TYPE="HypPart1"
                          SUBS_CONTENT="futurorum."/>
                  <HYP CONTENT="-"/>
               </TextLine>
               <TextLine ID="r4l23"
                         BASELINE="734"
                         HEIGHT="54"
                         WIDTH="899"
                         VPOS="680"
                         HPOS="393">
                  <String HEIGHT="54"
                          WIDTH="148"
                          VPOS="680"
                          HPOS="381"
                          CONTENT="turorum."
                          SUBS_TYPE="HypPart2"
                          SUBS_CONTENT="futurorum."/>
                  <SP HEIGHT="54" WIDTH="12" VPOS="680" HPOS="528"/>
                  <String HEIGHT="54" WIDTH="74" VPOS="680" HPOS="492" CONTENT="Et"/>
                  <SP HEIGHT="54" WIDTH="12" VPOS="680" HPOS="565"/>
                  <String HEIGHT="54" WIDTH="99" VPOS="680" HPOS="528" CONTENT="quia"/>
                  <SP HEIGHT="54" WIDTH="12" VPOS="680" HPOS="627"/>
                  <String HEIGHT="54"
                          WIDTH="123"
                          VPOS="680"
                          HPOS="590"
                          CONTENT="potest"/>
                  <SP HEIGHT="54" WIDTH="12" VPOS="680" HPOS="713"/>
                  <String HEIGHT="54" WIDTH="74" VPOS="680" HPOS="676" CONTENT="ex"/>
                  <SP HEIGHT="54" WIDTH="12" VPOS="680" HPOS="750"/>
                  <String HEIGHT="54" WIDTH="86" VPOS="680" HPOS="713" CONTENT="hoc"/>
                  <SP HEIGHT="54" WIDTH="12" VPOS="680" HPOS="799"/>
                  <String HEIGHT="54"
                          WIDTH="111"
                          VPOS="680"
                          HPOS="762"
                          CONTENT="argui"/>
                  <SP HEIGHT="54" WIDTH="12" VPOS="680" HPOS="873"/>
                  <String HEIGHT="54" WIDTH="99" VPOS="680" HPOS="836" CONTENT="quod"/>
                  <SP HEIGHT="54" WIDTH="12" VPOS="680" HPOS="935"/>
                  <String HEIGHT="54"
                          WIDTH="123"
                          VPOS="680"
                          HPOS="898"
                          CONTENT="futura"/>
                  <SP HEIGHT="54" WIDTH="12" VPOS="680" HPOS="1021"/>
                  <String HEIGHT="54"
                          WIDTH="135"
                          VPOS="680"
                          HPOS="984"
                          CONTENT="possunt"/>
                  <SP HEIGHT="54" WIDTH="12" VPOS="680" HPOS="1120"/>
                  <String HEIGHT="54" WIDTH="86" VPOS="680" HPOS="1083" CONTENT="non"/>
                  <SP HEIGHT="54" WIDTH="12" VPOS="680" HPOS="1169"/>
                  <String HEIGHT="54"
                          WIDTH="99"
                          VPOS="680"
                          HPOS="1132"
                          CONTENT="esse"/>
                  <SP HEIGHT="54" WIDTH="12" VPOS="680" HPOS="1230"/>
                  <String HEIGHT="54"
                          WIDTH="111"
                          VPOS="680"
                          HPOS="1181"
                          CONTENT="futura."/>
               </TextLine>
               <TextLine ID="r4l25"
                         BASELINE="791"
                         HEIGHT="72"
                         WIDTH="899"
                         VPOS="719"
                         HPOS="388">
                  <String HEIGHT="72" WIDTH="83" VPOS="719" HPOS="378" CONTENT="ergo"/>
                  <SP HEIGHT="72" WIDTH="10" VPOS="719" HPOS="460"/>
                  <String HEIGHT="72"
                          WIDTH="165"
                          VPOS="719"
                          HPOS="429"
                          CONTENT="praescientia"/>
                  <SP HEIGHT="72" WIDTH="10" VPOS="719" HPOS="595"/>
                  <String HEIGHT="72"
                          WIDTH="103"
                          VPOS="719"
                          HPOS="564"
                          CONTENT="potest"/>
                  <SP HEIGHT="72" WIDTH="10" VPOS="719" HPOS="667"/>
                  <String HEIGHT="72" WIDTH="72" VPOS="719" HPOS="636" CONTENT="non"/>
                  <SP HEIGHT="72" WIDTH="10" VPOS="719" HPOS="708"/>
                  <String HEIGHT="72" WIDTH="83" VPOS="719" HPOS="677" CONTENT="esse"/>
                  <SP HEIGHT="72" WIDTH="10" VPOS="719" HPOS="760"/>
                  <String HEIGHT="72"
                          WIDTH="176"
                          VPOS="719"
                          HPOS="729"
                          CONTENT="praescientia:"/>
                  <SP HEIGHT="72" WIDTH="10" VPOS="719" HPOS="905"/>
                  <String HEIGHT="72" WIDTH="72" VPOS="719" HPOS="874" CONTENT="aut"/>
                  <SP HEIGHT="72" WIDTH="10" VPOS="719" HPOS="946"/>
                  <String HEIGHT="72" WIDTH="83" VPOS="719" HPOS="915" CONTENT="idem"/>
                  <SP HEIGHT="72" WIDTH="10" VPOS="719" HPOS="998"/>
                  <String HEIGHT="72" WIDTH="72" VPOS="719" HPOS="967" CONTENT="est"/>
                  <SP HEIGHT="72" WIDTH="10" VPOS="719" HPOS="1039"/>
                  <String HEIGHT="72"
                          WIDTH="83"
                          VPOS="719"
                          HPOS="1008"
                          CONTENT="quod"/>
                  <SP HEIGHT="72" WIDTH="10" VPOS="719" HPOS="1091"/>
                  <String HEIGHT="72" WIDTH="72" VPOS="719" HPOS="1060" CONTENT="dei"/>
                  <SP HEIGHT="72" WIDTH="10" VPOS="719" HPOS="1132"/>
                  <String HEIGHT="72"
                          WIDTH="124"
                          VPOS="719"
                          HPOS="1101"
                          CONTENT="esentia."/>
                  <SP HEIGHT="72" WIDTH="10" VPOS="719" HPOS="1225"/>
                  <String HEIGHT="72" WIDTH="52" VPOS="719" HPOS="1194" CONTENT="⁋"/>
                  <SP HEIGHT="72" WIDTH="10" VPOS="719" HPOS="1246"/>
                  <String HEIGHT="72" WIDTH="62" VPOS="719" HPOS="1215" CONTENT="Ad"/>
                  <SP HEIGHT="72" WIDTH="10" VPOS="719" HPOS="1277"/>
                  <String HEIGHT="72" WIDTH="52" VPOS="719" HPOS="1235" CONTENT="hoc"/>
               </TextLine>
               <TextLine ID="r4l27"
                         BASELINE="828"
                         HEIGHT="64"
                         WIDTH="912"
                         VPOS="764"
                         HPOS="386">
                  <String HEIGHT="64"
                          WIDTH="142"
                          VPOS="764"
                          HPOS="376"
                          CONTENT="respondent"/>
                  <SP HEIGHT="64" WIDTH="10" VPOS="764" HPOS="518"/>
                  <String HEIGHT="64" WIDTH="81" VPOS="764" HPOS="487" CONTENT="sic:"/>
                  <SP HEIGHT="64" WIDTH="10" VPOS="764" HPOS="568"/>
                  <String HEIGHT="64" WIDTH="61" VPOS="764" HPOS="538" CONTENT="et"/>
                  <SP HEIGHT="64" WIDTH="10" VPOS="764" HPOS="599"/>
                  <String HEIGHT="64"
                          WIDTH="111"
                          VPOS="764"
                          HPOS="568"
                          CONTENT="fuisset"/>
                  <SP HEIGHT="64" WIDTH="10" VPOS="764" HPOS="680"/>
                  <String HEIGHT="64"
                          WIDTH="101"
                          VPOS="764"
                          HPOS="649"
                          CONTENT="quidem"/>
                  <SP HEIGHT="64" WIDTH="10" VPOS="764" HPOS="751"/>
                  <String HEIGHT="64"
                          WIDTH="122"
                          VPOS="764"
                          HPOS="720"
                          CONTENT="scientia"/>
                  <SP HEIGHT="64" WIDTH="10" VPOS="764" HPOS="842"/>
                  <String HEIGHT="64"
                          WIDTH="91"
                          VPOS="764"
                          HPOS="812"
                          CONTENT="eorum"/>
                  <SP HEIGHT="64" WIDTH="10" VPOS="764" HPOS="903"/>
                  <String HEIGHT="64" WIDTH="81" VPOS="764" HPOS="872" CONTENT="quae"/>
                  <SP HEIGHT="64" WIDTH="10" VPOS="764" HPOS="953"/>
                  <String HEIGHT="64"
                          WIDTH="111"
                          VPOS="764"
                          HPOS="923"
                          CONTENT="essent:"/>
                  <SP HEIGHT="64" WIDTH="10" VPOS="764" HPOS="1035"/>
                  <String HEIGHT="64"
                          WIDTH="162"
                          VPOS="764"
                          HPOS="1004"
                          CONTENT="praescientia"/>
                  <SP HEIGHT="64" WIDTH="10" VPOS="764" HPOS="1166"/>
                  <String HEIGHT="64"
                          WIDTH="91"
                          VPOS="764"
                          HPOS="1136"
                          CONTENT="autem"/>
                  <SP HEIGHT="64" WIDTH="10" VPOS="764" HPOS="1227"/>
                  <String HEIGHT="64" WIDTH="71" VPOS="764" HPOS="1197" CONTENT="non"/>
                  <SP HEIGHT="64" WIDTH="10" VPOS="764" HPOS="1268"/>
                  <String HEIGHT="64"
                          WIDTH="71"
                          VPOS="764"
                          HPOS="1227"
                          CONTENT="fuis"
                          SUBS_TYPE="HypPart1"
                          SUBS_CONTENT="fuisset"/>
                  <HYP CONTENT="-"/>
               </TextLine>
               <TextLine ID="r4l29"
                         BASELINE="871"
                         HEIGHT="61"
                         WIDTH="907"
                         VPOS="810"
                         HPOS="388">
                  <String HEIGHT="61"
                          WIDTH="95"
                          VPOS="810"
                          HPOS="374"
                          CONTENT="set"
                          SUBS_TYPE="HypPart2"
                          SUBS_CONTENT="fuisset"/>
                  <SP HEIGHT="61" WIDTH="14" VPOS="810" HPOS="469"/>
                  <String HEIGHT="61"
                          WIDTH="122"
                          VPOS="810"
                          HPOS="429"
                          CONTENT="eorum"/>
                  <SP HEIGHT="61" WIDTH="14" VPOS="810" HPOS="550"/>
                  <String HEIGHT="61"
                          WIDTH="108"
                          VPOS="810"
                          HPOS="510"
                          CONTENT="quae"/>
                  <SP HEIGHT="61" WIDTH="14" VPOS="810" HPOS="618"/>
                  <String HEIGHT="61"
                          WIDTH="135"
                          VPOS="810"
                          HPOS="578"
                          CONTENT="futura"/>
                  <SP HEIGHT="61" WIDTH="14" VPOS="810" HPOS="713"/>
                  <String HEIGHT="61" WIDTH="95" VPOS="810" HPOS="672" CONTENT="non"/>
                  <SP HEIGHT="61" WIDTH="14" VPOS="810" HPOS="767"/>
                  <String HEIGHT="61"
                          WIDTH="149"
                          VPOS="810"
                          HPOS="726"
                          CONTENT="essent:"/>
                  <SP HEIGHT="61" WIDTH="14" VPOS="810" HPOS="875"/>
                  <String HEIGHT="61" WIDTH="95" VPOS="810" HPOS="835" CONTENT="nec"/>
                  <SP HEIGHT="61" WIDTH="14" VPOS="810" HPOS="929"/>
                  <String HEIGHT="61"
                          WIDTH="149"
                          VPOS="810"
                          HPOS="889"
                          CONTENT="idcirco"/>
                  <SP HEIGHT="61" WIDTH="14" VPOS="810" HPOS="1038"/>
                  <String HEIGHT="61"
                          WIDTH="122"
                          VPOS="810"
                          HPOS="997"
                          CONTENT="minus"/>
                  <SP HEIGHT="61" WIDTH="14" VPOS="810" HPOS="1119"/>
                  <String HEIGHT="61"
                          WIDTH="149"
                          VPOS="810"
                          HPOS="1078"
                          CONTENT="aliquid"/>
                  <SP HEIGHT="61" WIDTH="14" VPOS="810" HPOS="1227"/>
                  <String HEIGHT="61" WIDTH="81" VPOS="810" HPOS="1187" CONTENT="in"/>
                  <SP HEIGHT="61" WIDTH="14" VPOS="810" HPOS="1268"/>
                  <String HEIGHT="61"
                          WIDTH="81"
                          VPOS="810"
                          HPOS="1214"
                          CONTENT="crea"/>
               </TextLine>
               <TextLine ID="r4l31"
                         BASELINE="913"
                         HEIGHT="60"
                         WIDTH="904"
                         VPOS="853"
                         HPOS="388">
                  <String HEIGHT="60" WIDTH="96" VPOS="853" HPOS="376" CONTENT="tore"/>
                  <SP HEIGHT="60" WIDTH="12" VPOS="853" HPOS="472"/>
                  <String HEIGHT="60"
                          WIDTH="145"
                          VPOS="853"
                          HPOS="436"
                          CONTENT="fuisset:"/>
                  <SP HEIGHT="60" WIDTH="12" VPOS="853" HPOS="581"/>
                  <String HEIGHT="60" WIDTH="72" VPOS="853" HPOS="545" CONTENT="si"/>
                  <SP HEIGHT="60" WIDTH="12" VPOS="853" HPOS="617"/>
                  <String HEIGHT="60"
                          WIDTH="193"
                          VPOS="853"
                          HPOS="581"
                          CONTENT="praescientia"/>
                  <SP HEIGHT="60" WIDTH="12" VPOS="853" HPOS="774"/>
                  <String HEIGHT="60"
                          WIDTH="108"
                          VPOS="853"
                          HPOS="738"
                          CONTENT="eorum"/>
                  <SP HEIGHT="60" WIDTH="12" VPOS="853" HPOS="846"/>
                  <String HEIGHT="60" WIDTH="84" VPOS="853" HPOS="810" CONTENT="que"/>
                  <SP HEIGHT="60" WIDTH="12" VPOS="853" HPOS="894"/>
                  <String HEIGHT="60" WIDTH="84" VPOS="853" HPOS="858" CONTENT="non"/>
                  <SP HEIGHT="60" WIDTH="12" VPOS="853" HPOS="942"/>
                  <String HEIGHT="60"
                          WIDTH="121"
                          VPOS="853"
                          HPOS="906"
                          CONTENT="essent"/>
                  <SP HEIGHT="60" WIDTH="12" VPOS="853" HPOS="1027"/>
                  <String HEIGHT="60"
                          WIDTH="121"
                          VPOS="853"
                          HPOS="991"
                          CONTENT="futura"/>
                  <SP HEIGHT="60" WIDTH="12" VPOS="853" HPOS="1111"/>
                  <String HEIGHT="60" WIDTH="84" VPOS="853" HPOS="1075" CONTENT="non"/>
                  <SP HEIGHT="60" WIDTH="12" VPOS="853" HPOS="1159"/>
                  <String HEIGHT="60"
                          WIDTH="145"
                          VPOS="853"
                          HPOS="1123"
                          CONTENT="fuisset:"/>
                  <SP HEIGHT="60" WIDTH="12" VPOS="853" HPOS="1268"/>
                  <String HEIGHT="60"
                          WIDTH="72"
                          VPOS="853"
                          HPOS="1220"
                          CONTENT="quia"/>
               </TextLine>
               <TextLine ID="r4l33"
                         BASELINE="962"
                         HEIGHT="66"
                         WIDTH="906"
                         VPOS="896"
                         HPOS="392">
                  <String HEIGHT="66" WIDTH="81" VPOS="896" HPOS="382" CONTENT="ipsa"/>
                  <SP HEIGHT="66" WIDTH="10" VPOS="896" HPOS="462"/>
                  <String HEIGHT="66" WIDTH="70" VPOS="896" HPOS="432" CONTENT="que"/>
                  <SP HEIGHT="66" WIDTH="10" VPOS="896" HPOS="503"/>
                  <String HEIGHT="66"
                          WIDTH="161"
                          VPOS="896"
                          HPOS="473"
                          CONTENT="praescientia"/>
                  <SP HEIGHT="66" WIDTH="10" VPOS="896" HPOS="634"/>
                  <String HEIGHT="66" WIDTH="70" VPOS="896" HPOS="603" CONTENT="est"/>
                  <SP HEIGHT="66" WIDTH="10" VPOS="896" HPOS="674"/>
                  <String HEIGHT="66"
                          WIDTH="131"
                          VPOS="896"
                          HPOS="644"
                          CONTENT="scientia:"/>
                  <SP HEIGHT="66" WIDTH="10" VPOS="896" HPOS="775"/>
                  <String HEIGHT="66"
                          WIDTH="111"
                          VPOS="896"
                          HPOS="744"
                          CONTENT="fuisset"/>
                  <SP HEIGHT="66" WIDTH="10" VPOS="896" HPOS="855"/>
                  <String HEIGHT="66"
                          WIDTH="91"
                          VPOS="896"
                          HPOS="825"
                          CONTENT="etiam"/>
                  <SP HEIGHT="66" WIDTH="10" VPOS="896" HPOS="915"/>
                  <String HEIGHT="66" WIDTH="60" VPOS="896" HPOS="885" CONTENT="si"/>
                  <SP HEIGHT="66" WIDTH="10" VPOS="896" HPOS="946"/>
                  <String HEIGHT="66"
                          WIDTH="161"
                          VPOS="896"
                          HPOS="915"
                          CONTENT="praescientia"/>
                  <SP HEIGHT="66" WIDTH="10" VPOS="896" HPOS="1077"/>
                  <String HEIGHT="66" WIDTH="70" VPOS="896" HPOS="1046" CONTENT="non"/>
                  <SP HEIGHT="66" WIDTH="10" VPOS="896" HPOS="1117"/>
                  <String HEIGHT="66"
                          WIDTH="121"
                          VPOS="896"
                          HPOS="1087"
                          CONTENT="fuisset:"/>
                  <SP HEIGHT="66" WIDTH="10" VPOS="896" HPOS="1207"/>
                  <String HEIGHT="66"
                          WIDTH="111"
                          VPOS="896"
                          HPOS="1177"
                          CONTENT="quoniam"/>
                  <SP HEIGHT="66" WIDTH="10" VPOS="896" HPOS="1288"/>
                  <String HEIGHT="66"
                          WIDTH="50"
                          VPOS="896"
                          HPOS="1248"
                          CONTENT="fu"
                          SUBS_TYPE="HypPart1"
                          SUBS_CONTENT="futurum"/>
                  <HYP CONTENT="-"/>
               </TextLine>
               <TextLine ID="r4l35"
                         BASELINE="999"
                         HEIGHT="61"
                         WIDTH="918"
                         VPOS="938"
                         HPOS="383">
                  <String HEIGHT="61"
                          WIDTH="115"
                          VPOS="938"
                          HPOS="370"
                          CONTENT="turum"
                          SUBS_TYPE="HypPart2"
                          SUBS_CONTENT="futurum"/>
                  <SP HEIGHT="61" WIDTH="13" VPOS="938" HPOS="485"/>
                  <String HEIGHT="61"
                          WIDTH="140"
                          VPOS="938"
                          HPOS="447"
                          CONTENT="aliquid"/>
                  <SP HEIGHT="61" WIDTH="13" VPOS="938" HPOS="587"/>
                  <String HEIGHT="61" WIDTH="89" VPOS="938" HPOS="549" CONTENT="non"/>
                  <SP HEIGHT="61" WIDTH="13" VPOS="938" HPOS="638"/>
                  <String HEIGHT="61"
                          WIDTH="153"
                          VPOS="938"
                          HPOS="600"
                          CONTENT="fuisset."/>
                  <SP HEIGHT="61" WIDTH="13" VPOS="938" HPOS="753"/>
                  <String HEIGHT="61"
                          WIDTH="102"
                          VPOS="938"
                          HPOS="715"
                          CONTENT="Ecce"/>
                  <SP HEIGHT="61" WIDTH="13" VPOS="938" HPOS="817"/>
                  <String HEIGHT="61"
                          WIDTH="153"
                          VPOS="938"
                          HPOS="778"
                          CONTENT="secundum"/>
                  <SP HEIGHT="61" WIDTH="13" VPOS="938" HPOS="931"/>
                  <String HEIGHT="61" WIDTH="89" VPOS="938" HPOS="893" CONTENT="eum"/>
                  <SP HEIGHT="61" WIDTH="13" VPOS="938" HPOS="982"/>
                  <String HEIGHT="61"
                          WIDTH="102"
                          VPOS="938"
                          HPOS="944"
                          CONTENT="quod"/>
                  <SP HEIGHT="61" WIDTH="13" VPOS="938" HPOS="1046"/>
                  <String HEIGHT="61" WIDTH="77" VPOS="938" HPOS="1008" CONTENT="si"/>
                  <SP HEIGHT="61" WIDTH="13" VPOS="938" HPOS="1084"/>
                  <String HEIGHT="61"
                          WIDTH="115"
                          VPOS="938"
                          HPOS="1046"
                          CONTENT="nihil"/>
                  <SP HEIGHT="61" WIDTH="13" VPOS="938" HPOS="1161"/>
                  <String HEIGHT="61"
                          WIDTH="140"
                          VPOS="938"
                          HPOS="1123"
                          CONTENT="fuisset"/>
                  <SP HEIGHT="61" WIDTH="13" VPOS="938" HPOS="1263"/>
                  <String HEIGHT="61"
                          WIDTH="89"
                          VPOS="938"
                          HPOS="1212"
                          CONTENT="futu"
                          SUBS_TYPE="HypPart1"
                          SUBS_CONTENT="futurum"/>
                  <HYP CONTENT="-"/>
               </TextLine>
               <TextLine ID="r4l37"
                         BASELINE="1042"
                         HEIGHT="54"
                         WIDTH="900"
                         VPOS="988"
                         HPOS="392">
                  <String HEIGHT="54"
                          WIDTH="84"
                          VPOS="988"
                          HPOS="380"
                          CONTENT="rum"
                          SUBS_TYPE="HypPart2"
                          SUBS_CONTENT="futurum"/>
                  <SP HEIGHT="54" WIDTH="12" VPOS="988" HPOS="464"/>
                  <String HEIGHT="54" WIDTH="84" VPOS="988" HPOS="428" CONTENT="non"/>
                  <SP HEIGHT="54" WIDTH="12" VPOS="988" HPOS="512"/>
                  <String HEIGHT="54"
                          WIDTH="132"
                          VPOS="988"
                          HPOS="476"
                          CONTENT="fuisset"/>
                  <SP HEIGHT="54" WIDTH="12" VPOS="988" HPOS="608"/>
                  <String HEIGHT="54"
                          WIDTH="204"
                          VPOS="988"
                          HPOS="572"
                          CONTENT="praescientia."/>
                  <SP HEIGHT="54" WIDTH="12" VPOS="988" HPOS="776"/>
                  <String HEIGHT="54" WIDTH="72" VPOS="988" HPOS="740" CONTENT="Et"/>
                  <SP HEIGHT="54" WIDTH="12" VPOS="988" HPOS="812"/>
                  <String HEIGHT="54"
                          WIDTH="108"
                          VPOS="988"
                          HPOS="776"
                          CONTENT="tamen"/>
                  <SP HEIGHT="54" WIDTH="12" VPOS="988" HPOS="884"/>
                  <String HEIGHT="54"
                          WIDTH="108"
                          VPOS="988"
                          HPOS="848"
                          CONTENT="nihil"/>
                  <SP HEIGHT="54" WIDTH="12" VPOS="988" HPOS="956"/>
                  <String HEIGHT="54"
                          WIDTH="108"
                          VPOS="988"
                          HPOS="920"
                          CONTENT="minus"/>
                  <SP HEIGHT="54" WIDTH="12" VPOS="988" HPOS="1028"/>
                  <String HEIGHT="54"
                          WIDTH="132"
                          VPOS="988"
                          HPOS="992"
                          CONTENT="fuisset"/>
                  <SP HEIGHT="54" WIDTH="12" VPOS="988" HPOS="1124"/>
                  <String HEIGHT="54" WIDTH="72" VPOS="988" HPOS="1088" CONTENT="in"/>
                  <SP HEIGHT="54" WIDTH="12" VPOS="988" HPOS="1160"/>
                  <String HEIGHT="54"
                          WIDTH="96"
                          VPOS="988"
                          HPOS="1124"
                          CONTENT="deo:"/>
                  <SP HEIGHT="54" WIDTH="12" VPOS="988" HPOS="1220"/>
                  <String HEIGHT="54" WIDTH="84" VPOS="988" HPOS="1184" CONTENT="sed"/>
                  <SP HEIGHT="54" WIDTH="12" VPOS="988" HPOS="1268"/>
                  <String HEIGHT="54"
                          WIDTH="72"
                          VPOS="988"
                          HPOS="1220"
                          CONTENT="quod"/>
               </TextLine>
               <TextLine ID="r4l39"
                         BASELINE="1085"
                         HEIGHT="51"
                         WIDTH="912"
                         VPOS="1034"
                         HPOS="383">
                  <String HEIGHT="51"
                          WIDTH="90"
                          VPOS="1034"
                          HPOS="372"
                          CONTENT="nunc"/>
                  <SP HEIGHT="51" WIDTH="11" VPOS="1034" HPOS="462"/>
                  <String HEIGHT="51" WIDTH="79" VPOS="1034" HPOS="428" CONTENT="est"/>
                  <SP HEIGHT="51" WIDTH="11" VPOS="1034" HPOS="507"/>
                  <String HEIGHT="51"
                          WIDTH="180"
                          VPOS="1034"
                          HPOS="473"
                          CONTENT="praescientia"/>
                  <SP HEIGHT="51" WIDTH="11" VPOS="1034" HPOS="653"/>
                  <String HEIGHT="51" WIDTH="79" VPOS="1034" HPOS="619" CONTENT="non"/>
                  <SP HEIGHT="51" WIDTH="11" VPOS="1034" HPOS="698"/>
                  <String HEIGHT="51"
                          WIDTH="124"
                          VPOS="1034"
                          HPOS="664"
                          CONTENT="fuisset"/>
                  <SP HEIGHT="51" WIDTH="11" VPOS="1034" HPOS="788"/>
                  <String HEIGHT="51"
                          WIDTH="191"
                          VPOS="1034"
                          HPOS="755"
                          CONTENT="praescientia."/>
                  <SP HEIGHT="51" WIDTH="11" VPOS="1034" HPOS="946"/>
                  <String HEIGHT="51"
                          WIDTH="101"
                          VPOS="1034"
                          HPOS="912"
                          CONTENT="eodem"/>
                  <SP HEIGHT="51" WIDTH="11" VPOS="1034" HPOS="1014"/>
                  <String HEIGHT="51"
                          WIDTH="90"
                          VPOS="1034"
                          HPOS="980"
                          CONTENT="modo"/>
                  <SP HEIGHT="51" WIDTH="11" VPOS="1034" HPOS="1070"/>
                  <String HEIGHT="51" WIDTH="68" VPOS="1034" HPOS="1036" CONTENT="si"/>
                  <SP HEIGHT="51" WIDTH="11" VPOS="1034" HPOS="1104"/>
                  <String HEIGHT="51"
                          WIDTH="90"
                          VPOS="1034"
                          HPOS="1070"
                          CONTENT="nunc"/>
                  <SP HEIGHT="51" WIDTH="11" VPOS="1034" HPOS="1160"/>
                  <String HEIGHT="51"
                          WIDTH="101"
                          VPOS="1034"
                          HPOS="1126"
                          CONTENT="nihil"/>
                  <SP HEIGHT="51" WIDTH="11" VPOS="1034" HPOS="1227"/>
                  <String HEIGHT="51"
                          WIDTH="101"
                          VPOS="1034"
                          HPOS="1194"
                          CONTENT="esset"/>
                  <SP HEIGHT="51" WIDTH="11" VPOS="1034" HPOS="1295"/>
                  <String HEIGHT="51" WIDTH="45" VPOS="1034" HPOS="1250" CONTENT="fu"/>
               </TextLine>
               <TextLine ID="r4l41"
                         BASELINE="1131"
                         HEIGHT="64"
                         WIDTH="922"
                         VPOS="1067"
                         HPOS="385">
                  <String HEIGHT="64"
                          WIDTH="98"
                          VPOS="1067"
                          HPOS="375"
                          CONTENT="turum:"/>
                  <SP HEIGHT="64" WIDTH="10" VPOS="1067" HPOS="473"/>
                  <String HEIGHT="64"
                          WIDTH="78"
                          VPOS="1067"
                          HPOS="444"
                          CONTENT="quod"/>
                  <SP HEIGHT="64" WIDTH="10" VPOS="1067" HPOS="522"/>
                  <String HEIGHT="64"
                          WIDTH="78"
                          VPOS="1067"
                          HPOS="493"
                          CONTENT="fuit"/>
                  <SP HEIGHT="64" WIDTH="10" VPOS="1067" HPOS="571"/>
                  <String HEIGHT="64"
                          WIDTH="157"
                          VPOS="1067"
                          HPOS="542"
                          CONTENT="praescientia"/>
                  <SP HEIGHT="64" WIDTH="10" VPOS="1067" HPOS="699"/>
                  <String HEIGHT="64" WIDTH="69" VPOS="1067" HPOS="669" CONTENT="non"/>
                  <SP HEIGHT="64" WIDTH="10" VPOS="1067" HPOS="738"/>
                  <String HEIGHT="64"
                          WIDTH="88"
                          VPOS="1067"
                          HPOS="709"
                          CONTENT="esset"/>
                  <SP HEIGHT="64" WIDTH="10" VPOS="1067" HPOS="797"/>
                  <String HEIGHT="64"
                          WIDTH="167"
                          VPOS="1067"
                          HPOS="768"
                          CONTENT="praescientia:"/>
                  <SP HEIGHT="64" WIDTH="10" VPOS="1067" HPOS="934"/>
                  <String HEIGHT="64" WIDTH="59" VPOS="1067" HPOS="905" CONTENT="et"/>
                  <SP HEIGHT="64" WIDTH="10" VPOS="1067" HPOS="964"/>
                  <String HEIGHT="64"
                          WIDTH="128"
                          VPOS="1067"
                          HPOS="934"
                          CONTENT="desineret"/>
                  <SP HEIGHT="64" WIDTH="10" VPOS="1067" HPOS="1062"/>
                  <String HEIGHT="64"
                          WIDTH="78"
                          VPOS="1067"
                          HPOS="1032"
                          CONTENT="esse"/>
                  <SP HEIGHT="64" WIDTH="10" VPOS="1067" HPOS="1111"/>
                  <String HEIGHT="64"
                          WIDTH="167"
                          VPOS="1067"
                          HPOS="1081"
                          CONTENT="praescientia:"/>
                  <SP HEIGHT="64" WIDTH="10" VPOS="1067" HPOS="1248"/>
                  <String HEIGHT="64" WIDTH="59" VPOS="1067" HPOS="1219" CONTENT="et"/>
                  <SP HEIGHT="64" WIDTH="10" VPOS="1067" HPOS="1278"/>
                  <String HEIGHT="64"
                          WIDTH="69"
                          VPOS="1067"
                          HPOS="1238"
                          CONTENT="tamen"/>
               </TextLine>
               <TextLine ID="r4l43"
                         BASELINE="1169"
                         HEIGHT="50"
                         WIDTH="926"
                         VPOS="1119"
                         HPOS="377">
                  <String HEIGHT="50"
                          WIDTH="130"
                          VPOS="1119"
                          HPOS="363"
                          CONTENT="nihil"/>
                  <SP HEIGHT="50" WIDTH="14" VPOS="1119" HPOS="493"/>
                  <String HEIGHT="50"
                          WIDTH="130"
                          VPOS="1119"
                          HPOS="449"
                          CONTENT="minus"/>
                  <SP HEIGHT="50" WIDTH="14" VPOS="1119" HPOS="580"/>
                  <String HEIGHT="50"
                          WIDTH="130"
                          VPOS="1119"
                          HPOS="536"
                          CONTENT="esset"/>
                  <SP HEIGHT="50" WIDTH="14" VPOS="1119" HPOS="666"/>
                  <String HEIGHT="50" WIDTH="87" VPOS="1119" HPOS="623" CONTENT="in"/>
                  <SP HEIGHT="50" WIDTH="14" VPOS="1119" HPOS="710"/>
                  <String HEIGHT="50"
                          WIDTH="116"
                          VPOS="1119"
                          HPOS="666"
                          CONTENT="deo:"/>
                  <SP HEIGHT="50" WIDTH="14" VPOS="1119" HPOS="782"/>
                  <String HEIGHT="50"
                          WIDTH="101"
                          VPOS="1119"
                          HPOS="739"
                          CONTENT="nec"/>
                  <SP HEIGHT="50" WIDTH="14" VPOS="1119" HPOS="840"/>
                  <String HEIGHT="50"
                          WIDTH="145"
                          VPOS="1119"
                          HPOS="797"
                          CONTENT="aliqua"/>
                  <SP HEIGHT="50" WIDTH="14" VPOS="1119" HPOS="941"/>
                  <String HEIGHT="50"
                          WIDTH="159"
                          VPOS="1119"
                          HPOS="898"
                          CONTENT="entitas"/>
                  <SP HEIGHT="50" WIDTH="14" VPOS="1119" HPOS="1057"/>
                  <String HEIGHT="50"
                          WIDTH="101"
                          VPOS="1119"
                          HPOS="1014"
                          CONTENT="dei"/>
                  <SP HEIGHT="50" WIDTH="14" VPOS="1119" HPOS="1115"/>
                  <String HEIGHT="50"
                          WIDTH="188"
                          VPOS="1119"
                          HPOS="1072"
                          CONTENT="desineret"/>
                  <SP HEIGHT="50" WIDTH="14" VPOS="1119" HPOS="1260"/>
                  <String HEIGHT="50"
                          WIDTH="101"
                          VPOS="1119"
                          HPOS="1202"
                          CONTENT="esse."/>
               </TextLine>
               <TextLine ID="r4l45"
                         BASELINE="1220"
                         HEIGHT="58"
                         WIDTH="912"
                         VPOS="1162"
                         HPOS="386">
                  <String HEIGHT="58"
                          WIDTH="158"
                          VPOS="1162"
                          HPOS="374"
                          CONTENT="Similiter"/>
                  <SP HEIGHT="58" WIDTH="12" VPOS="1162" HPOS="532"/>
                  <String HEIGHT="58"
                          WIDTH="146"
                          VPOS="1162"
                          HPOS="495"
                          CONTENT="dicendum"/>
                  <SP HEIGHT="58" WIDTH="12" VPOS="1162" HPOS="641"/>
                  <String HEIGHT="58" WIDTH="85" VPOS="1162" HPOS="605" CONTENT="est"/>
                  <SP HEIGHT="58" WIDTH="12" VPOS="1162" HPOS="690"/>
                  <String HEIGHT="58" WIDTH="73" VPOS="1162" HPOS="654" CONTENT="in"/>
                  <SP HEIGHT="58" WIDTH="12" VPOS="1162" HPOS="726"/>
                  <String HEIGHT="58"
                          WIDTH="170"
                          VPOS="1162"
                          HPOS="690"
                          CONTENT="proposito."/>
                  <SP HEIGHT="58" WIDTH="12" VPOS="1162" HPOS="860"/>
                  <String HEIGHT="58" WIDTH="85" VPOS="1162" HPOS="824" CONTENT="Nam"/>
                  <SP HEIGHT="58" WIDTH="12" VPOS="1162" HPOS="909"/>
                  <String HEIGHT="58" WIDTH="73" VPOS="1162" HPOS="872" CONTENT="et"/>
                  <SP HEIGHT="58" WIDTH="12" VPOS="1162" HPOS="945"/>
                  <String HEIGHT="58"
                          WIDTH="122"
                          VPOS="1162"
                          HPOS="909"
                          CONTENT="simile"/>
                  <SP HEIGHT="58" WIDTH="12" VPOS="1162" HPOS="1030"/>
                  <String HEIGHT="58"
                          WIDTH="170"
                          VPOS="1162"
                          HPOS="994"
                          CONTENT="argumentum"/>
                  <SP HEIGHT="58" WIDTH="12" VPOS="1162" HPOS="1164"/>
                  <String HEIGHT="58"
                          WIDTH="122"
                          VPOS="1162"
                          HPOS="1128"
                          CONTENT="posset"/>
                  <SP HEIGHT="58" WIDTH="12" VPOS="1162" HPOS="1249"/>
                  <String HEIGHT="58"
                          WIDTH="97"
                          VPOS="1162"
                          HPOS="1201"
                          CONTENT="forma"
                          SUBS_TYPE="HypPart1"
                          SUBS_CONTENT="formari"/>
                  <HYP CONTENT="-"/>
               </TextLine>
               <TextLine ID="r4l47"
                         BASELINE="1264"
                         HEIGHT="64"
                         WIDTH="905"
                         VPOS="1200"
                         HPOS="388">
                  <String HEIGHT="64"
                          WIDTH="69"
                          VPOS="1200"
                          HPOS="377"
                          CONTENT="ri"
                          SUBS_TYPE="HypPart2"
                          SUBS_CONTENT="formari"/>
                  <SP HEIGHT="64" WIDTH="11" VPOS="1200" HPOS="445"/>
                  <String HEIGHT="64" WIDTH="69" VPOS="1200" HPOS="411" CONTENT="ad"/>
                  <SP HEIGHT="64" WIDTH="11" VPOS="1200" HPOS="480"/>
                  <String HEIGHT="64"
                          WIDTH="149"
                          VPOS="1200"
                          HPOS="445"
                          CONTENT="probandum"/>
                  <SP HEIGHT="64" WIDTH="11" VPOS="1200" HPOS="594"/>
                  <String HEIGHT="64"
                          WIDTH="92"
                          VPOS="1200"
                          HPOS="560"
                          CONTENT="quod"/>
                  <SP HEIGHT="64" WIDTH="11" VPOS="1200" HPOS="651"/>
                  <String HEIGHT="64"
                          WIDTH="183"
                          VPOS="1200"
                          HPOS="617"
                          CONTENT="praescientia"/>
                  <SP HEIGHT="64" WIDTH="11" VPOS="1200" HPOS="800"/>
                  <String HEIGHT="64"
                          WIDTH="103"
                          VPOS="1200"
                          HPOS="766"
                          CONTENT="esset"/>
                  <SP HEIGHT="64" WIDTH="11" VPOS="1200" HPOS="869"/>
                  <String HEIGHT="64"
                          WIDTH="126"
                          VPOS="1200"
                          HPOS="835"
                          CONTENT="entitas"/>
                  <SP HEIGHT="64" WIDTH="11" VPOS="1200" HPOS="961"/>
                  <String HEIGHT="64"
                          WIDTH="149"
                          VPOS="1200"
                          HPOS="926"
                          CONTENT="distincta"/>
                  <SP HEIGHT="64" WIDTH="11" VPOS="1200" HPOS="1075"/>
                  <String HEIGHT="64" WIDTH="57" VPOS="1200" HPOS="1041" CONTENT="a"/>
                  <SP HEIGHT="64" WIDTH="11" VPOS="1200" HPOS="1098"/>
                  <String HEIGHT="64"
                          WIDTH="92"
                          VPOS="1200"
                          HPOS="1064"
                          CONTENT="deo."/>
                  <SP HEIGHT="64" WIDTH="11" VPOS="1200" HPOS="1156"/>
                  <String HEIGHT="64"
                          WIDTH="149"
                          VPOS="1200"
                          HPOS="1121"
                          CONTENT="similiter"/>
                  <SP HEIGHT="64" WIDTH="11" VPOS="1200" HPOS="1270"/>
                  <String HEIGHT="64"
                          WIDTH="69"
                          VPOS="1200"
                          HPOS="1224"
                          CONTENT="quod"/>
               </TextLine>
               <TextLine ID="r4l49"
                         BASELINE="1301"
                         HEIGHT="61"
                         WIDTH="924"
                         VPOS="1240"
                         HPOS="384">
                  <String HEIGHT="61"
                          WIDTH="103"
                          VPOS="1240"
                          HPOS="371"
                          CONTENT="deus"/>
                  <SP HEIGHT="61" WIDTH="13" VPOS="1240" HPOS="474"/>
                  <String HEIGHT="61" WIDTH="77" VPOS="1240" HPOS="435" CONTENT="et"/>
                  <SP HEIGHT="61" WIDTH="13" VPOS="1240" HPOS="512"/>
                  <String HEIGHT="61"
                          WIDTH="128"
                          VPOS="1240"
                          HPOS="474"
                          CONTENT="creans"/>
                  <SP HEIGHT="61" WIDTH="13" VPOS="1240" HPOS="602"/>
                  <String HEIGHT="61"
                          WIDTH="218"
                          VPOS="1240"
                          HPOS="564"
                          CONTENT="distinguuntur"/>
                  <SP HEIGHT="61" WIDTH="13" VPOS="1240" HPOS="782"/>
                  <String HEIGHT="61"
                          WIDTH="167"
                          VPOS="1240"
                          HPOS="743"
                          CONTENT="realiter:"/>
                  <SP HEIGHT="61" WIDTH="13" VPOS="1240" HPOS="910"/>
                  <String HEIGHT="61" WIDTH="77" VPOS="1240" HPOS="872" CONTENT="et"/>
                  <SP HEIGHT="61" WIDTH="13" VPOS="1240" HPOS="949"/>
                  <String HEIGHT="61"
                          WIDTH="116"
                          VPOS="1240"
                          HPOS="910"
                          CONTENT="multa"/>
                  <SP HEIGHT="61" WIDTH="13" VPOS="1240" HPOS="1026"/>
                  <String HEIGHT="61"
                          WIDTH="103"
                          VPOS="1240"
                          HPOS="987"
                          CONTENT="alia"/>
                  <SP HEIGHT="61" WIDTH="13" VPOS="1240" HPOS="1090"/>
                  <String HEIGHT="61"
                          WIDTH="128"
                          VPOS="1240"
                          HPOS="1051"
                          CONTENT="falsa:"/>
                  <SP HEIGHT="61" WIDTH="13" VPOS="1240" HPOS="1180"/>
                  <String HEIGHT="61"
                          WIDTH="90"
                          VPOS="1240"
                          HPOS="1141"
                          CONTENT="sed"/>
                  <SP HEIGHT="61" WIDTH="13" VPOS="1240" HPOS="1231"/>
                  <String HEIGHT="61" WIDTH="77" VPOS="1240" HPOS="1193" CONTENT="ad"/>
                  <SP HEIGHT="61" WIDTH="13" VPOS="1240" HPOS="1270"/>
                  <String HEIGHT="61"
                          WIDTH="90"
                          VPOS="1240"
                          HPOS="1218"
                          CONTENT="omnia"/>
               </TextLine>
               <TextLine ID="r4l51"
                         BASELINE="1345"
                         HEIGHT="61"
                         WIDTH="912"
                         VPOS="1284"
                         HPOS="395">
                  <String HEIGHT="61"
                          WIDTH="116"
                          VPOS="1284"
                          HPOS="382"
                          CONTENT="patet"/>
                  <SP HEIGHT="61" WIDTH="13" VPOS="1284" HPOS="498"/>
                  <String HEIGHT="61" WIDTH="90" VPOS="1284" HPOS="459" CONTENT="per"/>
                  <SP HEIGHT="61" WIDTH="13" VPOS="1284" HPOS="549"/>
                  <String HEIGHT="61"
                          WIDTH="167"
                          VPOS="1284"
                          HPOS="511"
                          CONTENT="praedicta"/>
                  <SP HEIGHT="61" WIDTH="13" VPOS="1284" HPOS="678"/>
                  <String HEIGHT="61"
                          WIDTH="116"
                          VPOS="1284"
                          HPOS="639"
                          CONTENT="modus"/>
                  <SP HEIGHT="61" WIDTH="13" VPOS="1284" HPOS="755"/>
                  <String HEIGHT="61"
                          WIDTH="206"
                          VPOS="1284"
                          HPOS="716"
                          CONTENT="respondendi."/>
                  <SP HEIGHT="61" WIDTH="13" VPOS="1284" HPOS="922"/>
                  <String HEIGHT="61" WIDTH="64" VPOS="1284" HPOS="883" CONTENT="⁋"/>
                  <SP HEIGHT="61" WIDTH="13" VPOS="1284" HPOS="947"/>
                  <String HEIGHT="61" WIDTH="77" VPOS="1284" HPOS="909" CONTENT="Ad"/>
                  <SP HEIGHT="61" WIDTH="13" VPOS="1284" HPOS="986"/>
                  <String HEIGHT="61" WIDTH="90" VPOS="1284" HPOS="947" CONTENT="2am"/>
                  <SP HEIGHT="61" WIDTH="13" VPOS="1284" HPOS="1037"/>
                  <String HEIGHT="61"
                          WIDTH="141"
                          VPOS="1284"
                          HPOS="999"
                          CONTENT="dicitur"/>
                  <SP HEIGHT="61" WIDTH="13" VPOS="1284" HPOS="1140"/>
                  <String HEIGHT="61"
                          WIDTH="103"
                          VPOS="1284"
                          HPOS="1101"
                          CONTENT="quod"/>
                  <SP HEIGHT="61" WIDTH="13" VPOS="1284" HPOS="1204"/>
                  <String HEIGHT="61"
                          WIDTH="128"
                          VPOS="1284"
                          HPOS="1166"
                          CONTENT="duplex"/>
                  <SP HEIGHT="61" WIDTH="13" VPOS="1284" HPOS="1294"/>
                  <String HEIGHT="61"
                          WIDTH="64"
                          VPOS="1284"
                          HPOS="1243"
                          CONTENT="sen"/>
               </TextLine>
               <TextLine ID="r4l53"
                         BASELINE="1389"
                         HEIGHT="61"
                         WIDTH="906"
                         VPOS="1328"
                         HPOS="396">
                  <String HEIGHT="61" WIDTH="78" VPOS="1328" HPOS="385" CONTENT="sus"/>
                  <SP HEIGHT="61" WIDTH="11" VPOS="1328" HPOS="463"/>
                  <String HEIGHT="61"
                          WIDTH="112"
                          VPOS="1328"
                          HPOS="430"
                          CONTENT="potest"/>
                  <SP HEIGHT="61" WIDTH="11" VPOS="1328" HPOS="541"/>
                  <String HEIGHT="61"
                          WIDTH="112"
                          VPOS="1328"
                          HPOS="508"
                          CONTENT="haberi"/>
                  <SP HEIGHT="61" WIDTH="11" VPOS="1328" HPOS="620"/>
                  <String HEIGHT="61" WIDTH="67" VPOS="1328" HPOS="586" CONTENT="ex"/>
                  <SP HEIGHT="61" WIDTH="11" VPOS="1328" HPOS="653"/>
                  <String HEIGHT="61"
                          WIDTH="179"
                          VPOS="1328"
                          HPOS="620"
                          CONTENT="antecedente."/>
                  <SP HEIGHT="61" WIDTH="11" VPOS="1328" HPOS="799"/>
                  <String HEIGHT="61"
                          WIDTH="89"
                          VPOS="1328"
                          HPOS="765"
                          CONTENT="Unus"/>
                  <SP HEIGHT="61" WIDTH="11" VPOS="1328" HPOS="855"/>
                  <String HEIGHT="61" WIDTH="67" VPOS="1328" HPOS="821" CONTENT="et"/>
                  <SP HEIGHT="61" WIDTH="11" VPOS="1328" HPOS="888"/>
                  <String HEIGHT="61"
                          WIDTH="134"
                          VPOS="1328"
                          HPOS="855"
                          CONTENT="proprius"/>
                  <SP HEIGHT="61" WIDTH="11" VPOS="1328" HPOS="989"/>
                  <String HEIGHT="61"
                          WIDTH="89"
                          VPOS="1328"
                          HPOS="955"
                          CONTENT="est:"/>
                  <SP HEIGHT="61" WIDTH="11" VPOS="1328" HPOS="1045"/>
                  <String HEIGHT="61"
                          WIDTH="89"
                          VPOS="1328"
                          HPOS="1011"
                          CONTENT="quod"/>
                  <SP HEIGHT="61" WIDTH="11" VPOS="1328" HPOS="1101"/>
                  <String HEIGHT="61"
                          WIDTH="123"
                          VPOS="1328"
                          HPOS="1067"
                          CONTENT="entitas"/>
                  <SP HEIGHT="61" WIDTH="11" VPOS="1328" HPOS="1190"/>
                  <String HEIGHT="61"
                          WIDTH="89"
                          VPOS="1328"
                          HPOS="1157"
                          CONTENT="quae"/>
                  <SP HEIGHT="61" WIDTH="11" VPOS="1328" HPOS="1246"/>
                  <String HEIGHT="61"
                          WIDTH="78"
                          VPOS="1328"
                          HPOS="1213"
                          CONTENT="est"/>
                  <SP HEIGHT="61" WIDTH="11" VPOS="1328" HPOS="1291"/>
                  <String HEIGHT="61"
                          WIDTH="56"
                          VPOS="1328"
                          HPOS="1246"
                          CONTENT="re"
                          SUBS_TYPE="HypPart1"
                          SUBS_CONTENT="relatio"/>
                  <HYP CONTENT="-"/>
               </TextLine>
               <TextLine ID="r4l55"
                         BASELINE="1431"
                         HEIGHT="59"
                         WIDTH="906"
                         VPOS="1372"
                         HPOS="389">
                  <String HEIGHT="59"
                          WIDTH="112"
                          VPOS="1372"
                          HPOS="377"
                          CONTENT="latio"
                          SUBS_TYPE="HypPart2"
                          SUBS_CONTENT="relatio"/>
                  <SP HEIGHT="59" WIDTH="12" VPOS="1372" HPOS="488"/>
                  <String HEIGHT="59" WIDTH="87" VPOS="1372" HPOS="451" CONTENT="vel"/>
                  <SP HEIGHT="59" WIDTH="12" VPOS="1372" HPOS="538"/>
                  <String HEIGHT="59"
                          WIDTH="174"
                          VPOS="1372"
                          HPOS="501"
                          CONTENT="similitudo"/>
                  <SP HEIGHT="59" WIDTH="12" VPOS="1372" HPOS="674"/>
                  <String HEIGHT="59"
                          WIDTH="137"
                          VPOS="1372"
                          HPOS="637"
                          CONTENT="sortes."/>
                  <SP HEIGHT="59" WIDTH="12" VPOS="1372" HPOS="774"/>
                  <String HEIGHT="59"
                          WIDTH="124"
                          VPOS="1372"
                          HPOS="737"
                          CONTENT="potest"/>
                  <SP HEIGHT="59" WIDTH="12" VPOS="1372" HPOS="861"/>
                  <String HEIGHT="59"
                          WIDTH="124"
                          VPOS="1372"
                          HPOS="823"
                          CONTENT="augeri"/>
                  <SP HEIGHT="59" WIDTH="12" VPOS="1372" HPOS="947"/>
                  <String HEIGHT="59"
                          WIDTH="149"
                          VPOS="1372"
                          HPOS="910"
                          CONTENT="secundum"/>
                  <SP HEIGHT="59" WIDTH="12" VPOS="1372" HPOS="1059"/>
                  <String HEIGHT="59"
                          WIDTH="87"
                          VPOS="1372"
                          HPOS="1022"
                          CONTENT="se:"/>
                  <SP HEIGHT="59" WIDTH="12" VPOS="1372" HPOS="1109"/>
                  <String HEIGHT="59"
                          WIDTH="186"
                          VPOS="1372"
                          HPOS="1072"
                          CONTENT="quemadmodum"/>
                  <SP HEIGHT="59" WIDTH="12" VPOS="1372" HPOS="1258"/>
                  <String HEIGHT="59"
                          WIDTH="87"
                          VPOS="1372"
                          HPOS="1208"
                          CONTENT="dici"
                          SUBS_TYPE="HypPart1"
                          SUBS_CONTENT="dicimus"/>
                  <HYP CONTENT="-"/>
               </TextLine>
               <TextLine ID="r4l57"
                         BASELINE="1476"
                         HEIGHT="56"
                         WIDTH="913"
                         VPOS="1420"
                         HPOS="386">
                  <String HEIGHT="56"
                          WIDTH="123"
                          VPOS="1420"
                          HPOS="368"
                          CONTENT="mus"
                          SUBS_TYPE="HypPart2"
                          SUBS_CONTENT="dicimus"/>
                  <SP HEIGHT="56" WIDTH="18" VPOS="1420" HPOS="491"/>
                  <String HEIGHT="56"
                          WIDTH="193"
                          VPOS="1420"
                          HPOS="439"
                          CONTENT="aliquas"/>
                  <SP HEIGHT="56" WIDTH="18" VPOS="1420" HPOS="632"/>
                  <String HEIGHT="56"
                          WIDTH="176"
                          VPOS="1420"
                          HPOS="579"
                          CONTENT="formas"/>
                  <SP HEIGHT="56" WIDTH="18" VPOS="1420" HPOS="755"/>
                  <String HEIGHT="56"
                          WIDTH="176"
                          VPOS="1420"
                          HPOS="702"
                          CONTENT="augeri"/>
                  <SP HEIGHT="56" WIDTH="18" VPOS="1420" HPOS="878"/>
                  <String HEIGHT="56"
                          WIDTH="123"
                          VPOS="1420"
                          HPOS="825"
                          CONTENT="dum"/>
                  <SP HEIGHT="56" WIDTH="18" VPOS="1420" HPOS="948"/>
                  <String HEIGHT="56"
                          WIDTH="158"
                          VPOS="1420"
                          HPOS="895"
                          CONTENT="nulla"/>
                  <SP HEIGHT="56" WIDTH="18" VPOS="1420" HPOS="1053"/>
                  <String HEIGHT="56"
                          WIDTH="211"
                          VPOS="1420"
                          HPOS="1001"
                          CONTENT="absoluta"/>
                  <SP HEIGHT="56" WIDTH="18" VPOS="1420" HPOS="1211"/>
                  <String HEIGHT="56"
                          WIDTH="158"
                          VPOS="1420"
                          HPOS="1141"
                          CONTENT="entitas"/>
               </TextLine>
               <TextLine ID="r4l59"
                         BASELINE="1522"
                         HEIGHT="64"
                         WIDTH="904"
                         VPOS="1458"
                         HPOS="389">
                  <String HEIGHT="64"
                          WIDTH="119"
                          VPOS="1458"
                          HPOS="377"
                          CONTENT="sortes"/>
                  <SP HEIGHT="64" WIDTH="12" VPOS="1458" HPOS="496"/>
                  <String HEIGHT="64"
                          WIDTH="107"
                          VPOS="1458"
                          HPOS="460"
                          CONTENT="auget"/>
                  <SP HEIGHT="64" WIDTH="12" VPOS="1458" HPOS="567"/>
                  <String HEIGHT="64"
                          WIDTH="95"
                          VPOS="1458"
                          HPOS="532"
                          CONTENT="illo"/>
                  <SP HEIGHT="64" WIDTH="12" VPOS="1458" HPOS="627"/>
                  <String HEIGHT="64"
                          WIDTH="107"
                          VPOS="1458"
                          HPOS="591"
                          CONTENT="modo:"/>
                  <SP HEIGHT="64" WIDTH="12" VPOS="1458" HPOS="698"/>
                  <String HEIGHT="64" WIDTH="71" VPOS="1458" HPOS="663" CONTENT="et"/>
                  <SP HEIGHT="64" WIDTH="12" VPOS="1458" HPOS="734"/>
                  <String HEIGHT="64" WIDTH="83" VPOS="1458" HPOS="698" CONTENT="sic"/>
                  <SP HEIGHT="64" WIDTH="12" VPOS="1458" HPOS="782"/>
                  <String HEIGHT="64"
                          WIDTH="167"
                          VPOS="1458"
                          HPOS="746"
                          CONTENT="antecedens"/>
                  <SP HEIGHT="64" WIDTH="12" VPOS="1458" HPOS="912"/>
                  <String HEIGHT="64" WIDTH="83" VPOS="1458" HPOS="877" CONTENT="est"/>
                  <SP HEIGHT="64" WIDTH="12" VPOS="1458" HPOS="960"/>
                  <String HEIGHT="64"
                          WIDTH="131"
                          VPOS="1458"
                          HPOS="924"
                          CONTENT="falsum."/>
                  <SP HEIGHT="64" WIDTH="12" VPOS="1458" HPOS="1055"/>
                  <String HEIGHT="64"
                          WIDTH="107"
                          VPOS="1458"
                          HPOS="1019"
                          CONTENT="Alius"/>
                  <SP HEIGHT="64" WIDTH="12" VPOS="1458" HPOS="1126"/>
                  <String HEIGHT="64"
                          WIDTH="119"
                          VPOS="1458"
                          HPOS="1091"
                          CONTENT="sensus"/>
                  <SP HEIGHT="64" WIDTH="12" VPOS="1458" HPOS="1210"/>
                  <String HEIGHT="64"
                          WIDTH="95"
                          VPOS="1458"
                          HPOS="1174"
                          CONTENT="est:"/>
                  <SP HEIGHT="64" WIDTH="12" VPOS="1458" HPOS="1269"/>
                  <String HEIGHT="64"
                          WIDTH="71"
                          VPOS="1458"
                          HPOS="1222"
                          CONTENT="quod"/>
               </TextLine>
               <TextLine ID="r4l61"
                         BASELINE="1559"
                         HEIGHT="58"
                         WIDTH="900"
                         VPOS="1501"
                         HPOS="396">
                  <String HEIGHT="58"
                          WIDTH="163"
                          VPOS="1501"
                          HPOS="384"
                          CONTENT="possibile"/>
                  <SP HEIGHT="58" WIDTH="13" VPOS="1501" HPOS="546"/>
                  <String HEIGHT="58" WIDTH="88" VPOS="1501" HPOS="509" CONTENT="est"/>
                  <SP HEIGHT="58" WIDTH="13" VPOS="1501" HPOS="596"/>
                  <String HEIGHT="58"
                          WIDTH="100"
                          VPOS="1501"
                          HPOS="559"
                          CONTENT="quod"/>
                  <SP HEIGHT="58" WIDTH="13" VPOS="1501" HPOS="659"/>
                  <String HEIGHT="58" WIDTH="88" VPOS="1501" HPOS="621" CONTENT="per"/>
                  <SP HEIGHT="58" WIDTH="13" VPOS="1501" HPOS="709"/>
                  <String HEIGHT="58"
                          WIDTH="213"
                          VPOS="1501"
                          HPOS="671"
                          CONTENT="similitudinem"/>
                  <SP HEIGHT="58" WIDTH="13" VPOS="1501" HPOS="884"/>
                  <String HEIGHT="58"
                          WIDTH="113"
                          VPOS="1501"
                          HPOS="846"
                          CONTENT="sorte"/>
                  <SP HEIGHT="58" WIDTH="13" VPOS="1501" HPOS="959"/>
                  <String HEIGHT="58"
                          WIDTH="100"
                          VPOS="1501"
                          HPOS="921"
                          CONTENT="ipse"/>
                  <SP HEIGHT="58" WIDTH="13" VPOS="1501" HPOS="1021"/>
                  <String HEIGHT="58"
                          WIDTH="125"
                          VPOS="1501"
                          HPOS="984"
                          CONTENT="sortes"/>
                  <SP HEIGHT="58" WIDTH="13" VPOS="1501" HPOS="1109"/>
                  <String HEIGHT="58"
                          WIDTH="188"
                          VPOS="1501"
                          HPOS="1071"
                          CONTENT="denominetur"/>
                  <SP HEIGHT="58" WIDTH="13" VPOS="1501" HPOS="1259"/>
                  <String HEIGHT="58"
                          WIDTH="88"
                          VPOS="1501"
                          HPOS="1209"
                          CONTENT="magis"/>
               </TextLine>
               <TextLine ID="r4l63"
                         BASELINE="1602"
                         HEIGHT="55"
                         WIDTH="905"
                         VPOS="1547"
                         HPOS="393">
                  <String HEIGHT="55"
                          WIDTH="165"
                          VPOS="1547"
                          HPOS="379"
                          CONTENT="similis:"/>
                  <SP HEIGHT="55" WIDTH="14" VPOS="1547" HPOS="544"/>
                  <String HEIGHT="55" WIDTH="82" VPOS="1547" HPOS="503" CONTENT="et"/>
                  <SP HEIGHT="55" WIDTH="14" VPOS="1547" HPOS="585"/>
                  <String HEIGHT="55"
                          WIDTH="123"
                          VPOS="1547"
                          HPOS="544"
                          CONTENT="tamen"/>
                  <SP HEIGHT="55" WIDTH="14" VPOS="1547" HPOS="667"/>
                  <String HEIGHT="55"
                          WIDTH="123"
                          VPOS="1547"
                          HPOS="626"
                          CONTENT="nulla"/>
                  <SP HEIGHT="55" WIDTH="14" VPOS="1547" HPOS="750"/>
                  <String HEIGHT="55"
                          WIDTH="151"
                          VPOS="1547"
                          HPOS="708"
                          CONTENT="entitas"/>
                  <SP HEIGHT="55" WIDTH="14" VPOS="1547" HPOS="859"/>
                  <String HEIGHT="55"
                          WIDTH="110"
                          VPOS="1547"
                          HPOS="818"
                          CONTENT="eius"/>
                  <SP HEIGHT="55" WIDTH="14" VPOS="1547" HPOS="928"/>
                  <String HEIGHT="55"
                          WIDTH="165"
                          VPOS="1547"
                          HPOS="887"
                          CONTENT="absoluta"/>
                  <SP HEIGHT="55" WIDTH="14" VPOS="1547" HPOS="1051"/>
                  <String HEIGHT="55"
                          WIDTH="165"
                          VPOS="1547"
                          HPOS="1010"
                          CONTENT="augeatur"/>
                  <SP HEIGHT="55" WIDTH="14" VPOS="1547" HPOS="1175"/>
                  <String HEIGHT="55"
                          WIDTH="110"
                          VPOS="1547"
                          HPOS="1133"
                          CONTENT="illo"/>
                  <SP HEIGHT="55" WIDTH="14" VPOS="1547" HPOS="1243"/>
                  <String HEIGHT="55"
                          WIDTH="96"
                          VPOS="1547"
                          HPOS="1202"
                          CONTENT="mo:"/>
                  <SP HEIGHT="55" WIDTH="14" VPOS="1547" HPOS="1298"/>
                  <String HEIGHT="55" WIDTH="55" VPOS="1547" HPOS="1243" CONTENT="et"/>
               </TextLine>
               <TextLine ID="r4l65"
                         BASELINE="1648"
                         HEIGHT="58"
                         WIDTH="914"
                         VPOS="1590"
                         HPOS="384">
                  <String HEIGHT="58" WIDTH="85" VPOS="1590" HPOS="372" CONTENT="sic"/>
                  <SP HEIGHT="58" WIDTH="12" VPOS="1590" HPOS="457"/>
                  <String HEIGHT="58" WIDTH="85" VPOS="1590" HPOS="421" CONTENT="est"/>
                  <SP HEIGHT="58" WIDTH="12" VPOS="1590" HPOS="506"/>
                  <String HEIGHT="58"
                          WIDTH="110"
                          VPOS="1590"
                          HPOS="469"
                          CONTENT="verum"/>
                  <SP HEIGHT="58" WIDTH="12" VPOS="1590" HPOS="579"/>
                  <String HEIGHT="58"
                          WIDTH="183"
                          VPOS="1590"
                          HPOS="542"
                          CONTENT="antecedens:"/>
                  <SP HEIGHT="58" WIDTH="12" VPOS="1590" HPOS="725"/>
                  <String HEIGHT="58"
                          WIDTH="134"
                          VPOS="1590"
                          HPOS="689"
                          CONTENT="quamuis"/>
                  <SP HEIGHT="58" WIDTH="12" VPOS="1590" HPOS="823"/>
                  <String HEIGHT="58"
                          WIDTH="97"
                          VPOS="1590"
                          HPOS="786"
                          CONTENT="iste"/>
                  <SP HEIGHT="58" WIDTH="12" VPOS="1590" HPOS="884"/>
                  <String HEIGHT="58"
                          WIDTH="122"
                          VPOS="1590"
                          HPOS="847"
                          CONTENT="sensus"/>
                  <SP HEIGHT="58" WIDTH="12" VPOS="1590" HPOS="969"/>
                  <String HEIGHT="58" WIDTH="85" VPOS="1590" HPOS="932" CONTENT="sit"/>
                  <SP HEIGHT="58" WIDTH="12" VPOS="1590" HPOS="1018"/>
                  <String HEIGHT="58"
                          WIDTH="97"
                          VPOS="1590"
                          HPOS="981"
                          CONTENT="sibi"/>
                  <SP HEIGHT="58" WIDTH="12" VPOS="1590" HPOS="1079"/>
                  <String HEIGHT="58"
                          WIDTH="183"
                          VPOS="1590"
                          HPOS="1042"
                          CONTENT="improprius:"/>
                  <SP HEIGHT="58" WIDTH="12" VPOS="1590" HPOS="1225"/>
                  <String HEIGHT="58"
                          WIDTH="85"
                          VPOS="1590"
                          HPOS="1188"
                          CONTENT="nec"/>
                  <SP HEIGHT="58" WIDTH="12" VPOS="1590" HPOS="1274"/>
                  <String HEIGHT="58"
                          WIDTH="73"
                          VPOS="1590"
                          HPOS="1225"
                          CONTENT="ille"/>
               </TextLine>
               <TextLine ID="r4l67"
                         BASELINE="1695"
                         HEIGHT="65"
                         WIDTH="916"
                         VPOS="1630"
                         HPOS="385">
                  <String HEIGHT="65" WIDTH="72" VPOS="1630" HPOS="373" CONTENT="in"/>
                  <SP HEIGHT="65" WIDTH="12" VPOS="1630" HPOS="445"/>
                  <String HEIGHT="65"
                          WIDTH="96"
                          VPOS="1630"
                          HPOS="409"
                          CONTENT="isto"/>
                  <SP HEIGHT="65" WIDTH="12" VPOS="1630" HPOS="506"/>
                  <String HEIGHT="65" WIDTH="72" VPOS="1630" HPOS="469" CONTENT="2o"/>
                  <SP HEIGHT="65" WIDTH="12" VPOS="1630" HPOS="542"/>
                  <String HEIGHT="65"
                          WIDTH="108"
                          VPOS="1630"
                          HPOS="506"
                          CONTENT="sensu"/>
                  <SP HEIGHT="65" WIDTH="12" VPOS="1630" HPOS="614"/>
                  <String HEIGHT="65"
                          WIDTH="121"
                          VPOS="1630"
                          HPOS="578"
                          CONTENT="infert"/>
                  <SP HEIGHT="65" WIDTH="12" VPOS="1630" HPOS="698"/>
                  <String HEIGHT="65"
                          WIDTH="133"
                          VPOS="1630"
                          HPOS="662"
                          CONTENT="seipsum"/>
                  <SP HEIGHT="65" WIDTH="12" VPOS="1630" HPOS="795"/>
                  <String HEIGHT="65" WIDTH="72" VPOS="1630" HPOS="759" CONTENT="in"/>
                  <SP HEIGHT="65" WIDTH="12" VPOS="1630" HPOS="831"/>
                  <String HEIGHT="65"
                          WIDTH="121"
                          VPOS="1630"
                          HPOS="795"
                          CONTENT="primo."/>
                  <SP HEIGHT="65" WIDTH="12" VPOS="1630" HPOS="915"/>
                  <String HEIGHT="65" WIDTH="72" VPOS="1630" HPOS="879" CONTENT="In"/>
                  <SP HEIGHT="65" WIDTH="12" VPOS="1630" HPOS="951"/>
                  <String HEIGHT="65" WIDTH="84" VPOS="1630" HPOS="915" CONTENT="hoc"/>
                  <SP HEIGHT="65" WIDTH="12" VPOS="1630" HPOS="1000"/>
                  <String HEIGHT="65"
                          WIDTH="108"
                          VPOS="1630"
                          HPOS="964"
                          CONTENT="autem"/>
                  <SP HEIGHT="65" WIDTH="12" VPOS="1630" HPOS="1072"/>
                  <String HEIGHT="65" WIDTH="72" VPOS="1630" HPOS="1036" CONTENT="2o"/>
                  <SP HEIGHT="65" WIDTH="12" VPOS="1630" HPOS="1108"/>
                  <String HEIGHT="65"
                          WIDTH="108"
                          VPOS="1630"
                          HPOS="1072"
                          CONTENT="sensu"/>
                  <SP HEIGHT="65" WIDTH="12" VPOS="1630" HPOS="1180"/>
                  <String HEIGHT="65"
                          WIDTH="169"
                          VPOS="1630"
                          HPOS="1132"
                          CONTENT="consequentia"/>
               </TextLine>
               <TextLine ID="r4l69"
                         BASELINE="1732"
                         HEIGHT="57"
                         WIDTH="904"
                         VPOS="1675"
                         HPOS="389">
                  <String HEIGHT="57" WIDTH="88" VPOS="1675" HPOS="376" CONTENT="non"/>
                  <SP HEIGHT="57" WIDTH="13" VPOS="1675" HPOS="464"/>
                  <String HEIGHT="57"
                          WIDTH="126"
                          VPOS="1675"
                          HPOS="427"
                          CONTENT="valet."/>
                  <SP HEIGHT="57" WIDTH="13" VPOS="1675" HPOS="552"/>
                  <String HEIGHT="57"
                          WIDTH="138"
                          VPOS="1675"
                          HPOS="515"
                          CONTENT="quoniam"/>
                  <SP HEIGHT="57" WIDTH="13" VPOS="1675" HPOS="653"/>
                  <String HEIGHT="57" WIDTH="88" VPOS="1675" HPOS="615" CONTENT="non"/>
                  <SP HEIGHT="57" WIDTH="13" VPOS="1675" HPOS="703"/>
                  <String HEIGHT="57" WIDTH="88" VPOS="1675" HPOS="665" CONTENT="est"/>
                  <SP HEIGHT="57" WIDTH="13" VPOS="1675" HPOS="753"/>
                  <String HEIGHT="57"
                          WIDTH="201"
                          VPOS="1675"
                          HPOS="715"
                          CONTENT="inconueniens"/>
                  <SP HEIGHT="57" WIDTH="13" VPOS="1675" HPOS="916"/>
                  <String HEIGHT="57"
                          WIDTH="100"
                          VPOS="1675"
                          HPOS="879"
                          CONTENT="idem"/>
                  <SP HEIGHT="57" WIDTH="13" VPOS="1675" HPOS="979"/>
                  <String HEIGHT="57"
                          WIDTH="126"
                          VPOS="1675"
                          HPOS="941"
                          CONTENT="augeri"/>
                  <SP HEIGHT="57" WIDTH="13" VPOS="1675" HPOS="1067"/>
                  <String HEIGHT="57" WIDTH="75" VPOS="1675" HPOS="1029" CONTENT="2o"/>
                  <SP HEIGHT="57" WIDTH="13" VPOS="1675" HPOS="1105"/>
                  <String HEIGHT="57"
                          WIDTH="113"
                          VPOS="1675"
                          HPOS="1067"
                          CONTENT="modo:"/>
                  <SP HEIGHT="57" WIDTH="13" VPOS="1675" HPOS="1180"/>
                  <String HEIGHT="57" WIDTH="75" VPOS="1675" HPOS="1142" CONTENT="et"/>
                  <SP HEIGHT="57" WIDTH="13" VPOS="1675" HPOS="1218"/>
                  <String HEIGHT="57"
                          WIDTH="88"
                          VPOS="1675"
                          HPOS="1180"
                          CONTENT="non"/>
                  <SP HEIGHT="57" WIDTH="13" VPOS="1675" HPOS="1268"/>
                  <String HEIGHT="57"
                          WIDTH="75"
                          VPOS="1675"
                          HPOS="1218"
                          CONTENT="auge"/>
               </TextLine>
               <TextLine ID="r4l71"
                         BASELINE="1778"
                         HEIGHT="61"
                         WIDTH="913"
                         VPOS="1717"
                         HPOS="387">
                  <String HEIGHT="61" WIDTH="77" VPOS="1717" HPOS="374" CONTENT="ri"/>
                  <SP HEIGHT="61" WIDTH="13" VPOS="1717" HPOS="451"/>
                  <String HEIGHT="61"
                          WIDTH="116"
                          VPOS="1717"
                          HPOS="413"
                          CONTENT="primo"/>
                  <SP HEIGHT="61" WIDTH="13" VPOS="1717" HPOS="528"/>
                  <String HEIGHT="61"
                          WIDTH="116"
                          VPOS="1717"
                          HPOS="490"
                          CONTENT="modo."/>
                  <SP HEIGHT="61" WIDTH="13" VPOS="1717" HPOS="606"/>
                  <String HEIGHT="61" WIDTH="77" VPOS="1717" HPOS="567" CONTENT="Et"/>
                  <SP HEIGHT="61" WIDTH="13" VPOS="1717" HPOS="644"/>
                  <String HEIGHT="61"
                          WIDTH="154"
                          VPOS="1717"
                          HPOS="606"
                          CONTENT="vlterius"/>
                  <SP HEIGHT="61" WIDTH="13" VPOS="1717" HPOS="760"/>
                  <String HEIGHT="61"
                          WIDTH="141"
                          VPOS="1717"
                          HPOS="721"
                          CONTENT="quantum"/>
                  <SP HEIGHT="61" WIDTH="13" VPOS="1717" HPOS="863"/>
                  <String HEIGHT="61" WIDTH="77" VPOS="1717" HPOS="824" CONTENT="ad"/>
                  <SP HEIGHT="61" WIDTH="13" VPOS="1717" HPOS="901"/>
                  <String HEIGHT="61" WIDTH="77" VPOS="1717" HPOS="863" CONTENT="2m"/>
                  <SP HEIGHT="61" WIDTH="13" VPOS="1717" HPOS="940"/>
                  <String HEIGHT="61"
                          WIDTH="116"
                          VPOS="1717"
                          HPOS="901"
                          CONTENT="casum"/>
                  <SP HEIGHT="61" WIDTH="13" VPOS="1717" HPOS="1017"/>
                  <String HEIGHT="61"
                          WIDTH="103"
                          VPOS="1717"
                          HPOS="979"
                          CONTENT="dico"/>
                  <SP HEIGHT="61" WIDTH="13" VPOS="1717" HPOS="1081"/>
                  <String HEIGHT="61"
                          WIDTH="103"
                          VPOS="1717"
                          HPOS="1043"
                          CONTENT="quod"/>
                  <SP HEIGHT="61" WIDTH="13" VPOS="1717" HPOS="1146"/>
                  <String HEIGHT="61"
                          WIDTH="90"
                          VPOS="1717"
                          HPOS="1107"
                          CONTENT="non"/>
                  <SP HEIGHT="61" WIDTH="13" VPOS="1717" HPOS="1197"/>
                  <String HEIGHT="61"
                          WIDTH="90"
                          VPOS="1717"
                          HPOS="1159"
                          CONTENT="est"/>
                  <SP HEIGHT="61" WIDTH="13" VPOS="1717" HPOS="1249"/>
                  <String HEIGHT="61"
                          WIDTH="103"
                          VPOS="1717"
                          HPOS="1197"
                          CONTENT="incon"
                          SUBS_TYPE="HypPart1"
                          SUBS_CONTENT="inconueniens"/>
                  <HYP CONTENT="-"/>
               </TextLine>
               <TextLine ID="r4l73"
                         BASELINE="1818"
                         HEIGHT="50"
                         WIDTH="899"
                         VPOS="1768"
                         HPOS="393">
                  <String HEIGHT="50"
                          WIDTH="162"
                          VPOS="1768"
                          HPOS="378"
                          CONTENT="ueniens"
                          SUBS_TYPE="HypPart2"
                          SUBS_CONTENT="inconueniens"/>
                  <SP HEIGHT="50" WIDTH="15" VPOS="1768" HPOS="540"/>
                  <String HEIGHT="50"
                          WIDTH="118"
                          VPOS="1768"
                          HPOS="496"
                          CONTENT="idem"/>
                  <SP HEIGHT="50" WIDTH="15" VPOS="1768" HPOS="614"/>
                  <String HEIGHT="50"
                          WIDTH="162"
                          VPOS="1768"
                          HPOS="570"
                          CONTENT="remitti"/>
                  <SP HEIGHT="50" WIDTH="15" VPOS="1768" HPOS="732"/>
                  <String HEIGHT="50"
                          WIDTH="133"
                          VPOS="1768"
                          HPOS="688"
                          CONTENT="primo"/>
                  <SP HEIGHT="50" WIDTH="15" VPOS="1768" HPOS="820"/>
                  <String HEIGHT="50"
                          WIDTH="118"
                          VPOS="1768"
                          HPOS="776"
                          CONTENT="modo"/>
                  <SP HEIGHT="50" WIDTH="15" VPOS="1768" HPOS="894"/>
                  <String HEIGHT="50" WIDTH="88" VPOS="1768" HPOS="850" CONTENT="et"/>
                  <SP HEIGHT="50" WIDTH="15" VPOS="1768" HPOS="938"/>
                  <String HEIGHT="50"
                          WIDTH="147"
                          VPOS="1768"
                          HPOS="894"
                          CONTENT="augeri"/>
                  <SP HEIGHT="50" WIDTH="15" VPOS="1768" HPOS="1041"/>
                  <String HEIGHT="50" WIDTH="88" VPOS="1768" HPOS="997" CONTENT="2o"/>
                  <SP HEIGHT="50" WIDTH="15" VPOS="1768" HPOS="1086"/>
                  <String HEIGHT="50"
                          WIDTH="133"
                          VPOS="1768"
                          HPOS="1041"
                          CONTENT="modo."/>
                  <SP HEIGHT="50" WIDTH="15" VPOS="1768" HPOS="1174"/>
                  <String HEIGHT="50" WIDTH="74" VPOS="1768" HPOS="1130" CONTENT="⁋"/>
                  <SP HEIGHT="50" WIDTH="15" VPOS="1768" HPOS="1204"/>
                  <String HEIGHT="50"
                          WIDTH="147"
                          VPOS="1768"
                          HPOS="1145"
                          CONTENT="Probatio"/>
               </TextLine>
               <TextLine ID="r4l75"
                         BASELINE="1860"
                         HEIGHT="57"
                         WIDTH="898"
                         VPOS="1803"
                         HPOS="401">
                  <String HEIGHT="57"
                          WIDTH="80"
                          VPOS="1803"
                          HPOS="391"
                          CONTENT="vero"/>
                  <SP HEIGHT="57" WIDTH="10" VPOS="1803" HPOS="471"/>
                  <String HEIGHT="57"
                          WIDTH="160"
                          VPOS="1803"
                          HPOS="441"
                          CONTENT="antecedentis"/>
                  <SP HEIGHT="57" WIDTH="10" VPOS="1803" HPOS="601"/>
                  <String HEIGHT="57" WIDTH="70" VPOS="1803" HPOS="571" CONTENT="non"/>
                  <SP HEIGHT="57" WIDTH="10" VPOS="1803" HPOS="640"/>
                  <String HEIGHT="57"
                          WIDTH="130"
                          VPOS="1803"
                          HPOS="611"
                          CONTENT="procedit:"/>
                  <SP HEIGHT="57" WIDTH="10" VPOS="1803" HPOS="740"/>
                  <String HEIGHT="57"
                          WIDTH="110"
                          VPOS="1803"
                          HPOS="710"
                          CONTENT="quoniam"/>
                  <SP HEIGHT="57" WIDTH="10" VPOS="1803" HPOS="820"/>
                  <String HEIGHT="57" WIDTH="60" VPOS="1803" HPOS="790" CONTENT="in"/>
                  <SP HEIGHT="57" WIDTH="10" VPOS="1803" HPOS="850"/>
                  <String HEIGHT="57"
                          WIDTH="90"
                          VPOS="1803"
                          HPOS="820"
                          CONTENT="primo"/>
                  <SP HEIGHT="57" WIDTH="10" VPOS="1803" HPOS="910"/>
                  <String HEIGHT="57"
                          WIDTH="80"
                          VPOS="1803"
                          HPOS="880"
                          CONTENT="casu"/>
                  <SP HEIGHT="57" WIDTH="10" VPOS="1803" HPOS="960"/>
                  <String HEIGHT="57"
                          WIDTH="140"
                          VPOS="1803"
                          HPOS="930"
                          CONTENT="similitudo"/>
                  <SP HEIGHT="57" WIDTH="10" VPOS="1803" HPOS="1070"/>
                  <String HEIGHT="57"
                          WIDTH="70"
                          VPOS="1803"
                          HPOS="1040"
                          CONTENT="non"/>
                  <SP HEIGHT="57" WIDTH="10" VPOS="1803" HPOS="1109"/>
                  <String HEIGHT="57"
                          WIDTH="140"
                          VPOS="1803"
                          HPOS="1079"
                          CONTENT="intenditur"/>
                  <SP HEIGHT="57" WIDTH="10" VPOS="1803" HPOS="1219"/>
                  <String HEIGHT="57"
                          WIDTH="90"
                          VPOS="1803"
                          HPOS="1189"
                          CONTENT="primo"/>
                  <SP HEIGHT="57" WIDTH="10" VPOS="1803" HPOS="1279"/>
                  <String HEIGHT="57"
                          WIDTH="60"
                          VPOS="1803"
                          HPOS="1239"
                          CONTENT="modo"/>
               </TextLine>
               <TextLine ID="r4l77"
                         BASELINE="1904"
                         HEIGHT="45"
                         WIDTH="921"
                         VPOS="1859"
                         HPOS="389">
                  <String HEIGHT="45"
                          WIDTH="109"
                          VPOS="1859"
                          HPOS="377"
                          CONTENT="sicut"/>
                  <SP HEIGHT="45" WIDTH="12" VPOS="1859" HPOS="486"/>
                  <String HEIGHT="45" WIDTH="85" VPOS="1859" HPOS="450" CONTENT="nec"/>
                  <SP HEIGHT="45" WIDTH="12" VPOS="1859" HPOS="534"/>
                  <String HEIGHT="45"
                          WIDTH="133"
                          VPOS="1859"
                          HPOS="498"
                          CONTENT="albedo:"/>
                  <SP HEIGHT="45" WIDTH="12" VPOS="1859" HPOS="631"/>
                  <String HEIGHT="45" WIDTH="85" VPOS="1859" HPOS="595" CONTENT="sed"/>
                  <SP HEIGHT="45" WIDTH="12" VPOS="1859" HPOS="680"/>
                  <String HEIGHT="45" WIDTH="73" VPOS="1859" HPOS="643" CONTENT="2o"/>
                  <SP HEIGHT="45" WIDTH="12" VPOS="1859" HPOS="716"/>
                  <String HEIGHT="45"
                          WIDTH="97"
                          VPOS="1859"
                          HPOS="680"
                          CONTENT="modo"/>
                  <SP HEIGHT="45" WIDTH="12" VPOS="1859" HPOS="777"/>
                  <String HEIGHT="45"
                          WIDTH="133"
                          VPOS="1859"
                          HPOS="740"
                          CONTENT="tantum:"/>
                  <SP HEIGHT="45" WIDTH="12" VPOS="1859" HPOS="874"/>
                  <String HEIGHT="45" WIDTH="73" VPOS="1859" HPOS="837" CONTENT="et"/>
                  <SP HEIGHT="45" WIDTH="12" VPOS="1859" HPOS="910"/>
                  <String HEIGHT="45"
                          WIDTH="109"
                          VPOS="1859"
                          HPOS="874"
                          CONTENT="eodem"/>
                  <SP HEIGHT="45" WIDTH="12" VPOS="1859" HPOS="983"/>
                  <String HEIGHT="45"
                          WIDTH="97"
                          VPOS="1859"
                          HPOS="946"
                          CONTENT="modo"/>
                  <SP HEIGHT="45" WIDTH="12" VPOS="1859" HPOS="1043"/>
                  <String HEIGHT="45"
                          WIDTH="109"
                          VPOS="1859"
                          HPOS="1007"
                          CONTENT="etiam"/>
                  <SP HEIGHT="45" WIDTH="12" VPOS="1859" HPOS="1116"/>
                  <String HEIGHT="45"
                          WIDTH="170"
                          VPOS="1859"
                          HPOS="1080"
                          CONTENT="intenditur"/>
                  <SP HEIGHT="45" WIDTH="12" VPOS="1859" HPOS="1249"/>
                  <String HEIGHT="45"
                          WIDTH="109"
                          VPOS="1859"
                          HPOS="1201"
                          CONTENT="albedo:"/>
               </TextLine>
               <TextLine ID="r4l79"
                         BASELINE="1947"
                         HEIGHT="53"
                         WIDTH="897"
                         VPOS="1894"
                         HPOS="402">
                  <String HEIGHT="53"
                          WIDTH="169"
                          VPOS="1894"
                          HPOS="389"
                          CONTENT="similiter"/>
                  <SP HEIGHT="53" WIDTH="13" VPOS="1894" HPOS="558"/>
                  <String HEIGHT="53"
                          WIDTH="117"
                          VPOS="1894"
                          HPOS="519"
                          CONTENT="sicut"/>
                  <SP HEIGHT="53" WIDTH="13" VPOS="1894" HPOS="636"/>
                  <String HEIGHT="53"
                          WIDTH="182"
                          VPOS="1894"
                          HPOS="597"
                          CONTENT="remittitur"/>
                  <SP HEIGHT="53" WIDTH="13" VPOS="1894" HPOS="779"/>
                  <String HEIGHT="53"
                          WIDTH="130"
                          VPOS="1894"
                          HPOS="740"
                          CONTENT="albedo"/>
                  <SP HEIGHT="53" WIDTH="13" VPOS="1894" HPOS="870"/>
                  <String HEIGHT="53"
                          WIDTH="182"
                          VPOS="1894"
                          HPOS="831"
                          CONTENT="remittitur"/>
                  <SP HEIGHT="53" WIDTH="13" VPOS="1894" HPOS="1013"/>
                  <String HEIGHT="53"
                          WIDTH="195"
                          VPOS="1894"
                          HPOS="974"
                          CONTENT="similitudo:"/>
                  <SP HEIGHT="53" WIDTH="13" VPOS="1894" HPOS="1169"/>
                  <String HEIGHT="53" WIDTH="78" VPOS="1894" HPOS="1130" CONTENT="et"/>
                  <SP HEIGHT="53" WIDTH="13" VPOS="1894" HPOS="1208"/>
                  <String HEIGHT="53"
                          WIDTH="117"
                          VPOS="1894"
                          HPOS="1169"
                          CONTENT="sicut"/>
                  <SP HEIGHT="53" WIDTH="13" VPOS="1894" HPOS="1286"/>
                  <String HEIGHT="53"
                          WIDTH="65"
                          VPOS="1894"
                          HPOS="1234"
                          CONTENT="in"
                          SUBS_TYPE="HypPart1"
                          SUBS_CONTENT="intenditur"/>
                  <HYP CONTENT="-"/>
               </TextLine>
               <TextLine ID="r4l81"
                         BASELINE="1989"
                         HEIGHT="54"
                         WIDTH="897"
                         VPOS="1935"
                         HPOS="399">
                  <String HEIGHT="54"
                          WIDTH="168"
                          VPOS="1935"
                          HPOS="385"
                          CONTENT="tenditur"
                          SUBS_TYPE="HypPart2"
                          SUBS_CONTENT="intenditur"/>
                  <SP HEIGHT="54" WIDTH="14" VPOS="1935" HPOS="553"/>
                  <String HEIGHT="54" WIDTH="98" VPOS="1935" HPOS="511" CONTENT="vel"/>
                  <SP HEIGHT="54" WIDTH="14" VPOS="1935" HPOS="609"/>
                  <String HEIGHT="54"
                          WIDTH="154"
                          VPOS="1935"
                          HPOS="567"
                          CONTENT="augetur"/>
                  <SP HEIGHT="54" WIDTH="14" VPOS="1935" HPOS="721"/>
                  <String HEIGHT="54"
                          WIDTH="196"
                          VPOS="1935"
                          HPOS="679"
                          CONTENT="similitudo"/>
                  <SP HEIGHT="54" WIDTH="14" VPOS="1935" HPOS="876"/>
                  <String HEIGHT="54" WIDTH="98" VPOS="1935" HPOS="833" CONTENT="sic"/>
                  <SP HEIGHT="54" WIDTH="14" VPOS="1935" HPOS="932"/>
                  <String HEIGHT="54" WIDTH="84" VPOS="1935" HPOS="890" CONTENT="et"/>
                  <SP HEIGHT="54" WIDTH="14" VPOS="1935" HPOS="974"/>
                  <String HEIGHT="54"
                          WIDTH="140"
                          VPOS="1935"
                          HPOS="932"
                          CONTENT="albedo"/>
                  <SP HEIGHT="54" WIDTH="14" VPOS="1935" HPOS="1072"/>
                  <String HEIGHT="54" WIDTH="84" VPOS="1935" HPOS="1030" CONTENT="in"/>
                  <SP HEIGHT="54" WIDTH="14" VPOS="1935" HPOS="1114"/>
                  <String HEIGHT="54" WIDTH="84" VPOS="1935" HPOS="1072" CONTENT="2o"/>
                  <SP HEIGHT="54" WIDTH="14" VPOS="1935" HPOS="1156"/>
                  <String HEIGHT="54"
                          WIDTH="126"
                          VPOS="1935"
                          HPOS="1114"
                          CONTENT="casu."/>
                  <SP HEIGHT="54" WIDTH="14" VPOS="1935" HPOS="1240"/>
                  <String HEIGHT="54" WIDTH="70" VPOS="1935" HPOS="1198" CONTENT="⁋"/>
                  <SP HEIGHT="54" WIDTH="14" VPOS="1935" HPOS="1268"/>
                  <String HEIGHT="54"
                          WIDTH="84"
                          VPOS="1935"
                          HPOS="1212"
                          CONTENT="Pos"
                          SUBS_TYPE="HypPart1"
                          SUBS_CONTENT="Posset"/>
                  <HYP CONTENT="-"/>
               </TextLine>
               <TextLine ID="r4l83"
                         BASELINE="2033"
                         HEIGHT="53"
                         WIDTH="916"
                         VPOS="1980"
                         HPOS="392">
                  <String HEIGHT="53"
                          WIDTH="93"
                          VPOS="1980"
                          HPOS="379"
                          CONTENT="set"
                          SUBS_TYPE="HypPart2"
                          SUBS_CONTENT="Posset"/>
                  <SP HEIGHT="53" WIDTH="13" VPOS="1980" HPOS="472"/>
                  <String HEIGHT="53"
                          WIDTH="133"
                          VPOS="1980"
                          HPOS="432"
                          CONTENT="aliter"/>
                  <SP HEIGHT="53" WIDTH="13" VPOS="1980" HPOS="565"/>
                  <String HEIGHT="53"
                          WIDTH="186"
                          VPOS="1980"
                          HPOS="525"
                          CONTENT="responderi"/>
                  <SP HEIGHT="53" WIDTH="13" VPOS="1980" HPOS="711"/>
                  <String HEIGHT="53"
                          WIDTH="106"
                          VPOS="1980"
                          HPOS="671"
                          CONTENT="sic:"/>
                  <SP HEIGHT="53" WIDTH="13" VPOS="1980" HPOS="777"/>
                  <String HEIGHT="53"
                          WIDTH="106"
                          VPOS="1980"
                          HPOS="737"
                          CONTENT="quod"/>
                  <SP HEIGHT="53" WIDTH="13" VPOS="1980" HPOS="843"/>
                  <String HEIGHT="53" WIDTH="80" VPOS="1980" HPOS="804" CONTENT="si"/>
                  <SP HEIGHT="53" WIDTH="13" VPOS="1980" HPOS="883"/>
                  <String HEIGHT="53"
                          WIDTH="133"
                          VPOS="1980"
                          HPOS="843"
                          CONTENT="augeri"/>
                  <SP HEIGHT="53" WIDTH="13" VPOS="1980" HPOS="976"/>
                  <String HEIGHT="53" WIDTH="80" VPOS="1980" HPOS="936" CONTENT="et"/>
                  <SP HEIGHT="53" WIDTH="13" VPOS="1980" HPOS="1016"/>
                  <String HEIGHT="53" WIDTH="93" VPOS="1980" HPOS="976" CONTENT="non"/>
                  <SP HEIGHT="53" WIDTH="13" VPOS="1980" HPOS="1069"/>
                  <String HEIGHT="53"
                          WIDTH="133"
                          VPOS="1980"
                          HPOS="1029"
                          CONTENT="augeri"/>
                  <SP HEIGHT="53" WIDTH="13" VPOS="1980" HPOS="1162"/>
                  <String HEIGHT="53"
                          WIDTH="159"
                          VPOS="1980"
                          HPOS="1122"
                          CONTENT="sumantur"/>
                  <SP HEIGHT="53" WIDTH="13" VPOS="1980" HPOS="1281"/>
                  <String HEIGHT="53"
                          WIDTH="80"
                          VPOS="1980"
                          HPOS="1228"
                          CONTENT="oppo"/>
               </TextLine>
               <TextLine ID="r4l85"
                         BASELINE="2083"
                         HEIGHT="56"
                         WIDTH="921"
                         VPOS="2027"
                         HPOS="389">
                  <String HEIGHT="56"
                          WIDTH="85"
                          VPOS="2027"
                          HPOS="380"
                          CONTENT="site."/>
                  <SP HEIGHT="56" WIDTH="9" VPOS="2027" HPOS="465"/>
                  <String HEIGHT="56"
                          WIDTH="133"
                          VPOS="2027"
                          HPOS="436"
                          CONTENT="antecedens"/>
                  <SP HEIGHT="56" WIDTH="9" VPOS="2027" HPOS="569"/>
                  <String HEIGHT="56" WIDTH="66" VPOS="2027" HPOS="541" CONTENT="est"/>
                  <SP HEIGHT="56" WIDTH="9" VPOS="2027" HPOS="607"/>
                  <String HEIGHT="56"
                          WIDTH="123"
                          VPOS="2027"
                          HPOS="579"
                          CONTENT="siualtum."/>
                  <SP HEIGHT="56" WIDTH="9" VPOS="2027" HPOS="702"/>
                  <String HEIGHT="56" WIDTH="57" VPOS="2027" HPOS="674" CONTENT="si"/>
                  <SP HEIGHT="56" WIDTH="9" VPOS="2027" HPOS="731"/>
                  <String HEIGHT="56"
                          WIDTH="76"
                          VPOS="2027"
                          HPOS="702"
                          CONTENT="vero"/>
                  <SP HEIGHT="56" WIDTH="9" VPOS="2027" HPOS="778"/>
                  <String HEIGHT="56"
                          WIDTH="114"
                          VPOS="2027"
                          HPOS="750"
                          CONTENT="disprate"/>
                  <SP HEIGHT="56" WIDTH="9" VPOS="2027" HPOS="864"/>
                  <String HEIGHT="56"
                          WIDTH="133"
                          VPOS="2027"
                          HPOS="835"
                          CONTENT="antecedens"/>
                  <SP HEIGHT="56" WIDTH="9" VPOS="2027" HPOS="968"/>
                  <String HEIGHT="56" WIDTH="66" VPOS="2027" HPOS="940" CONTENT="est"/>
                  <SP HEIGHT="56" WIDTH="9" VPOS="2027" HPOS="1006"/>
                  <String HEIGHT="56"
                          WIDTH="95"
                          VPOS="2027"
                          HPOS="978"
                          CONTENT="verum:"/>
                  <SP HEIGHT="56" WIDTH="9" VPOS="2027" HPOS="1073"/>
                  <String HEIGHT="56"
                          WIDTH="66"
                          VPOS="2027"
                          HPOS="1044"
                          CONTENT="sed"/>
                  <SP HEIGHT="56" WIDTH="9" VPOS="2027" HPOS="1111"/>
                  <String HEIGHT="56"
                          WIDTH="152"
                          VPOS="2027"
                          HPOS="1082"
                          CONTENT="consequentia"/>
                  <SP HEIGHT="56" WIDTH="9" VPOS="2027" HPOS="1234"/>
                  <String HEIGHT="56"
                          WIDTH="66"
                          VPOS="2027"
                          HPOS="1206"
                          CONTENT="non"/>
                  <SP HEIGHT="56" WIDTH="9" VPOS="2027" HPOS="1272"/>
                  <String HEIGHT="56"
                          WIDTH="76"
                          VPOS="2027"
                          HPOS="1234"
                          CONTENT="valet:"/>
               </TextLine>
               <TextLine ID="r4l87"
                         BASELINE="2124"
                         HEIGHT="58"
                         WIDTH="916"
                         VPOS="2066"
                         HPOS="388">
                  <String HEIGHT="58"
                          WIDTH="102"
                          VPOS="2066"
                          HPOS="375"
                          CONTENT="tunc"/>
                  <SP HEIGHT="58" WIDTH="13" VPOS="2066" HPOS="477"/>
                  <String HEIGHT="58" WIDTH="76" VPOS="2066" HPOS="439" CONTENT="ad"/>
                  <SP HEIGHT="58" WIDTH="13" VPOS="2066" HPOS="515"/>
                  <String HEIGHT="58"
                          WIDTH="191"
                          VPOS="2066"
                          HPOS="477"
                          CONTENT="probationem"/>
                  <SP HEIGHT="58" WIDTH="13" VPOS="2066" HPOS="668"/>
                  <String HEIGHT="58"
                          WIDTH="204"
                          VPOS="2066"
                          HPOS="630"
                          CONTENT="antecedentis"/>
                  <SP HEIGHT="58" WIDTH="13" VPOS="2066" HPOS="833"/>
                  <String HEIGHT="58"
                          WIDTH="115"
                          VPOS="2066"
                          HPOS="795"
                          CONTENT="dico:"/>
                  <SP HEIGHT="58" WIDTH="13" VPOS="2066" HPOS="910"/>
                  <String HEIGHT="58"
                          WIDTH="102"
                          VPOS="2066"
                          HPOS="871"
                          CONTENT="quod"/>
                  <SP HEIGHT="58" WIDTH="13" VPOS="2066" HPOS="973"/>
                  <String HEIGHT="58" WIDTH="89" VPOS="2066" HPOS="935" CONTENT="cum"/>
                  <SP HEIGHT="58" WIDTH="13" VPOS="2066" HPOS="1024"/>
                  <String HEIGHT="58" WIDTH="89" VPOS="2066" HPOS="986" CONTENT="non"/>
                  <SP HEIGHT="58" WIDTH="13" VPOS="2066" HPOS="1075"/>
                  <String HEIGHT="58"
                          WIDTH="89"
                          VPOS="2066"
                          HPOS="1037"
                          CONTENT="sit"/>
                  <SP HEIGHT="58" WIDTH="13" VPOS="2066" HPOS="1126"/>
                  <String HEIGHT="58"
                          WIDTH="115"
                          VPOS="2066"
                          HPOS="1088"
                          CONTENT="aliud"/>
                  <SP HEIGHT="58" WIDTH="13" VPOS="2066" HPOS="1202"/>
                  <String HEIGHT="58"
                          WIDTH="127"
                          VPOS="2066"
                          HPOS="1164"
                          CONTENT="augeri"/>
                  <SP HEIGHT="58" WIDTH="13" VPOS="2066" HPOS="1291"/>
                  <String HEIGHT="58"
                          WIDTH="64"
                          VPOS="2066"
                          HPOS="1240"
                          CONTENT="vel"/>
               </TextLine>
               <TextLine ID="r4l89"
                         BASELINE="2165"
                         HEIGHT="50"
                         WIDTH="916"
                         VPOS="2115"
                         HPOS="391">
                  <String HEIGHT="50"
                          WIDTH="160"
                          VPOS="2115"
                          HPOS="376"
                          CONTENT="intendi"/>
                  <SP HEIGHT="50" WIDTH="15" VPOS="2115" HPOS="536"/>
                  <String HEIGHT="50" WIDTH="87" VPOS="2115" HPOS="493" CONTENT="vt"/>
                  <SP HEIGHT="50" WIDTH="15" VPOS="2115" HPOS="580"/>
                  <String HEIGHT="50" WIDTH="87" VPOS="2115" HPOS="536" CONTENT="in"/>
                  <SP HEIGHT="50" WIDTH="15" VPOS="2115" HPOS="624"/>
                  <String HEIGHT="50"
                          WIDTH="189"
                          VPOS="2115"
                          HPOS="580"
                          CONTENT="proposito"/>
                  <SP HEIGHT="50" WIDTH="15" VPOS="2115" HPOS="769"/>
                  <String HEIGHT="50"
                          WIDTH="174"
                          VPOS="2115"
                          HPOS="725"
                          CONTENT="loquimur"/>
                  <SP HEIGHT="50" WIDTH="15" VPOS="2115" HPOS="900"/>
                  <String HEIGHT="50"
                          WIDTH="116"
                          VPOS="2115"
                          HPOS="856"
                          CONTENT="quam"/>
                  <SP HEIGHT="50" WIDTH="15" VPOS="2115" HPOS="973"/>
                  <String HEIGHT="50"
                          WIDTH="131"
                          VPOS="2115"
                          HPOS="929"
                          CONTENT="fieri"/>
                  <SP HEIGHT="50" WIDTH="15" VPOS="2115" HPOS="1060"/>
                  <String HEIGHT="50"
                          WIDTH="145"
                          VPOS="2115"
                          HPOS="1016"
                          CONTENT="maius:"/>
                  <SP HEIGHT="50" WIDTH="15" VPOS="2115" HPOS="1162"/>
                  <String HEIGHT="50" WIDTH="87" VPOS="2115" HPOS="1118" CONTENT="et"/>
                  <SP HEIGHT="50" WIDTH="15" VPOS="2115" HPOS="1205"/>
                  <String HEIGHT="50"
                          WIDTH="131"
                          VPOS="2115"
                          HPOS="1162"
                          CONTENT="maius"/>
                  <SP HEIGHT="50" WIDTH="15" VPOS="2115" HPOS="1292"/>
                  <String HEIGHT="50"
                          WIDTH="73"
                          VPOS="2115"
                          HPOS="1234"
                          CONTENT="sit"/>
               </TextLine>
               <TextLine ID="r4l91"
                         BASELINE="2209"
                         HEIGHT="57"
                         WIDTH="911"
                         VPOS="2152"
                         HPOS="398">
                  <String HEIGHT="57"
                          WIDTH="201"
                          VPOS="2152"
                          HPOS="385"
                          CONTENT="adiectiuum:"/>
                  <SP HEIGHT="57" WIDTH="13" VPOS="2152" HPOS="586"/>
                  <String HEIGHT="57" WIDTH="94" VPOS="2152" HPOS="545" CONTENT="cui"/>
                  <SP HEIGHT="57" WIDTH="13" VPOS="2152" HPOS="639"/>
                  <String HEIGHT="57"
                          WIDTH="161"
                          VPOS="2152"
                          HPOS="599"
                          CONTENT="addendum"/>
                  <SP HEIGHT="57" WIDTH="13" VPOS="2152" HPOS="760"/>
                  <String HEIGHT="57" WIDTH="94" VPOS="2152" HPOS="720" CONTENT="est"/>
                  <SP HEIGHT="57" WIDTH="13" VPOS="2152" HPOS="813"/>
                  <String HEIGHT="57"
                          WIDTH="228"
                          VPOS="2152"
                          HPOS="773"
                          CONTENT="substantiuum:"/>
                  <SP HEIGHT="57" WIDTH="13" VPOS="2152" HPOS="1001"/>
                  <String HEIGHT="57" WIDTH="80" VPOS="2152" HPOS="961" CONTENT="vt"/>
                  <SP HEIGHT="57" WIDTH="13" VPOS="2152" HPOS="1041"/>
                  <String HEIGHT="57"
                          WIDTH="188"
                          VPOS="2152"
                          HPOS="1001"
                          CONTENT="propositio"/>
                  <SP HEIGHT="57" WIDTH="13" VPOS="2152" HPOS="1188"/>
                  <String HEIGHT="57"
                          WIDTH="94"
                          VPOS="2152"
                          HPOS="1148"
                          CONTENT="sit"/>
                  <SP HEIGHT="57" WIDTH="13" VPOS="2152" HPOS="1242"/>
                  <String HEIGHT="57"
                          WIDTH="121"
                          VPOS="2152"
                          HPOS="1188"
                          CONTENT="intelli"/>
               </TextLine>
               <TextLine ID="r4l93"
                         BASELINE="2262"
                         HEIGHT="66"
                         WIDTH="907"
                         VPOS="2196"
                         HPOS="397">
                  <String HEIGHT="66"
                          WIDTH="155"
                          VPOS="2196"
                          HPOS="384"
                          CONTENT="gibilis:"/>
                  <SP HEIGHT="66" WIDTH="13" VPOS="2196" HPOS="540"/>
                  <String HEIGHT="66" WIDTH="91" VPOS="2196" HPOS="501" CONTENT="cum"/>
                  <SP HEIGHT="66" WIDTH="13" VPOS="2196" HPOS="591"/>
                  <String HEIGHT="66" WIDTH="78" VPOS="2196" HPOS="552" CONTENT="in"/>
                  <SP HEIGHT="66" WIDTH="13" VPOS="2196" HPOS="630"/>
                  <String HEIGHT="66"
                          WIDTH="168"
                          VPOS="2196"
                          HPOS="591"
                          CONTENT="proposito"/>
                  <SP HEIGHT="66" WIDTH="13" VPOS="2196" HPOS="760"/>
                  <String HEIGHT="66"
                          WIDTH="143"
                          VPOS="2196"
                          HPOS="721"
                          CONTENT="dicitur"/>
                  <SP HEIGHT="66" WIDTH="13" VPOS="2196" HPOS="863"/>
                  <String HEIGHT="66"
                          WIDTH="104"
                          VPOS="2196"
                          HPOS="825"
                          CONTENT="quod"/>
                  <SP HEIGHT="66" WIDTH="13" VPOS="2196" HPOS="928"/>
                  <String HEIGHT="66"
                          WIDTH="181"
                          VPOS="2196"
                          HPOS="889"
                          CONTENT="similitudo"/>
                  <SP HEIGHT="66" WIDTH="13" VPOS="2196" HPOS="1071"/>
                  <String HEIGHT="66"
                          WIDTH="117"
                          VPOS="2196"
                          HPOS="1032"
                          CONTENT="auget"/>
                  <SP HEIGHT="66" WIDTH="13" VPOS="2196" HPOS="1149"/>
                  <String HEIGHT="66" WIDTH="78" VPOS="2196" HPOS="1110" CONTENT="et"/>
                  <SP HEIGHT="66" WIDTH="13" VPOS="2196" HPOS="1187"/>
                  <String HEIGHT="66"
                          WIDTH="91"
                          VPOS="2196"
                          HPOS="1149"
                          CONTENT="non"/>
                  <SP HEIGHT="66" WIDTH="13" VPOS="2196" HPOS="1239"/>
                  <String HEIGHT="66"
                          WIDTH="117"
                          VPOS="2196"
                          HPOS="1187"
                          CONTENT="albedo:"/>
               </TextLine>
               <TextLine ID="r4l95"
                         BASELINE="2298"
                         HEIGHT="54"
                         WIDTH="915"
                         VPOS="2244"
                         HPOS="392">
                  <String HEIGHT="54" WIDTH="88" VPOS="2244" HPOS="379" CONTENT="vel"/>
                  <SP HEIGHT="54" WIDTH="13" VPOS="2244" HPOS="467"/>
                  <String HEIGHT="54"
                          WIDTH="201"
                          VPOS="2244"
                          HPOS="430"
                          CONTENT="intelligitur"/>
                  <SP HEIGHT="54" WIDTH="13" VPOS="2244" HPOS="630"/>
                  <String HEIGHT="54"
                          WIDTH="100"
                          VPOS="2244"
                          HPOS="593"
                          CONTENT="quod"/>
                  <SP HEIGHT="54" WIDTH="13" VPOS="2244" HPOS="693"/>
                  <String HEIGHT="54"
                          WIDTH="175"
                          VPOS="2244"
                          HPOS="655"
                          CONTENT="similitudo"/>
                  <SP HEIGHT="54" WIDTH="13" VPOS="2244" HPOS="831"/>
                  <String HEIGHT="54" WIDTH="88" VPOS="2244" HPOS="793" CONTENT="sit"/>
                  <SP HEIGHT="54" WIDTH="13" VPOS="2244" HPOS="881"/>
                  <String HEIGHT="54"
                          WIDTH="113"
                          VPOS="2244"
                          HPOS="843"
                          CONTENT="maior"/>
                  <SP HEIGHT="54" WIDTH="13" VPOS="2244" HPOS="956"/>
                  <String HEIGHT="54"
                          WIDTH="175"
                          VPOS="2244"
                          HPOS="918"
                          CONTENT="similitudo"/>
                  <SP HEIGHT="54" WIDTH="13" VPOS="2244" HPOS="1094"/>
                  <String HEIGHT="54"
                          WIDTH="88"
                          VPOS="2244"
                          HPOS="1056"
                          CONTENT="vel"/>
                  <SP HEIGHT="54" WIDTH="13" VPOS="2244" HPOS="1144"/>
                  <String HEIGHT="54"
                          WIDTH="100"
                          VPOS="2244"
                          HPOS="1106"
                          CONTENT="quod"/>
                  <SP HEIGHT="54" WIDTH="13" VPOS="2244" HPOS="1207"/>
                  <String HEIGHT="54"
                          WIDTH="88"
                          VPOS="2244"
                          HPOS="1169"
                          CONTENT="sit"/>
                  <SP HEIGHT="54" WIDTH="13" VPOS="2244" HPOS="1257"/>
                  <String HEIGHT="54"
                          WIDTH="100"
                          VPOS="2244"
                          HPOS="1207"
                          CONTENT="maiori"/>
               </TextLine>
               <TextLine ID="r4l97"
                         BASELINE="2341"
                         HEIGHT="57"
                         WIDTH="902"
                         VPOS="2284"
                         HPOS="399">
                  <String HEIGHT="57"
                          WIDTH="148"
                          VPOS="2284"
                          HPOS="386"
                          CONTENT="albedo."/>
                  <SP HEIGHT="57" WIDTH="13" VPOS="2284" HPOS="534"/>
                  <String HEIGHT="57" WIDTH="67" VPOS="2284" HPOS="493" CONTENT="⁋"/>
                  <SP HEIGHT="57" WIDTH="13" VPOS="2284" HPOS="561"/>
                  <String HEIGHT="57" WIDTH="81" VPOS="2284" HPOS="520" CONTENT="Si"/>
                  <SP HEIGHT="57" WIDTH="13" VPOS="2284" HPOS="601"/>
                  <String HEIGHT="57"
                          WIDTH="121"
                          VPOS="2284"
                          HPOS="561"
                          CONTENT="primo"/>
                  <SP HEIGHT="57" WIDTH="13" VPOS="2284" HPOS="682"/>
                  <String HEIGHT="57"
                          WIDTH="108"
                          VPOS="2284"
                          HPOS="641"
                          CONTENT="modo"/>
                  <SP HEIGHT="57" WIDTH="13" VPOS="2284" HPOS="749"/>
                  <String HEIGHT="57"
                          WIDTH="162"
                          VPOS="2284"
                          HPOS="709"
                          CONTENT="concedo."/>
                  <SP HEIGHT="57" WIDTH="13" VPOS="2284" HPOS="870"/>
                  <String HEIGHT="57" WIDTH="81" VPOS="2284" HPOS="830" CONTENT="si"/>
                  <SP HEIGHT="57" WIDTH="13" VPOS="2284" HPOS="911"/>
                  <String HEIGHT="57" WIDTH="81" VPOS="2284" HPOS="870" CONTENT="2o"/>
                  <SP HEIGHT="57" WIDTH="13" VPOS="2284" HPOS="951"/>
                  <String HEIGHT="57"
                          WIDTH="108"
                          VPOS="2284"
                          HPOS="911"
                          CONTENT="modo"/>
                  <SP HEIGHT="57" WIDTH="13" VPOS="2284" HPOS="1018"/>
                  <String HEIGHT="57"
                          WIDTH="121"
                          VPOS="2284"
                          HPOS="978"
                          CONTENT="nego."/>
                  <SP HEIGHT="57" WIDTH="13" VPOS="2284" HPOS="1099"/>
                  <String HEIGHT="57" WIDTH="81" VPOS="2284" HPOS="1059" CONTENT="Et"/>
                  <SP HEIGHT="57" WIDTH="13" VPOS="2284" HPOS="1139"/>
                  <String HEIGHT="57"
                          WIDTH="121"
                          VPOS="2284"
                          HPOS="1099"
                          CONTENT="eodem"/>
                  <SP HEIGHT="57" WIDTH="13" VPOS="2284" HPOS="1220"/>
                  <String HEIGHT="57"
                          WIDTH="108"
                          VPOS="2284"
                          HPOS="1180"
                          CONTENT="modo"/>
                  <SP HEIGHT="57" WIDTH="13" VPOS="2284" HPOS="1288"/>
                  <String HEIGHT="57"
                          WIDTH="67"
                          VPOS="2284"
                          HPOS="1234"
                          CONTENT="cum"/>
               </TextLine>
               <TextLine ID="r4l99"
                         BASELINE="2382"
                         HEIGHT="57"
                         WIDTH="913"
                         VPOS="2325"
                         HPOS="401">
                  <String HEIGHT="57"
                          WIDTH="126"
                          VPOS="2325"
                          HPOS="390"
                          CONTENT="dicitur"/>
                  <SP HEIGHT="57" WIDTH="11" VPOS="2325" HPOS="515"/>
                  <String HEIGHT="57"
                          WIDTH="91"
                          VPOS="2325"
                          HPOS="481"
                          CONTENT="quod"/>
                  <SP HEIGHT="57" WIDTH="11" VPOS="2325" HPOS="572"/>
                  <String HEIGHT="57"
                          WIDTH="114"
                          VPOS="2325"
                          HPOS="538"
                          CONTENT="albedo"/>
                  <SP HEIGHT="57" WIDTH="11" VPOS="2325" HPOS="652"/>
                  <String HEIGHT="57" WIDTH="80" VPOS="2325" HPOS="618" CONTENT="non"/>
                  <SP HEIGHT="57" WIDTH="11" VPOS="2325" HPOS="698"/>
                  <String HEIGHT="57"
                          WIDTH="126"
                          VPOS="2325"
                          HPOS="663"
                          CONTENT="augetur"/>
                  <SP HEIGHT="57" WIDTH="11" VPOS="2325" HPOS="789"/>
                  <String HEIGHT="57" WIDTH="68" VPOS="2325" HPOS="755" CONTENT="si"/>
                  <SP HEIGHT="57" WIDTH="11" VPOS="2325" HPOS="823"/>
                  <String HEIGHT="57"
                          WIDTH="171"
                          VPOS="2325"
                          HPOS="789"
                          CONTENT="intellecter"/>
                  <SP HEIGHT="57" WIDTH="11" VPOS="2325" HPOS="960"/>
                  <String HEIGHT="57"
                          WIDTH="91"
                          VPOS="2325"
                          HPOS="926"
                          CONTENT="quod"/>
                  <SP HEIGHT="57" WIDTH="11" VPOS="2325" HPOS="1017"/>
                  <String HEIGHT="57"
                          WIDTH="114"
                          VPOS="2325"
                          HPOS="983"
                          CONTENT="albedo"/>
                  <SP HEIGHT="57" WIDTH="11" VPOS="2325" HPOS="1097"/>
                  <String HEIGHT="57"
                          WIDTH="80"
                          VPOS="2325"
                          HPOS="1063"
                          CONTENT="non"/>
                  <SP HEIGHT="57" WIDTH="11" VPOS="2325" HPOS="1143"/>
                  <String HEIGHT="57"
                          WIDTH="80"
                          VPOS="2325"
                          HPOS="1109"
                          CONTENT="fit"/>
                  <SP HEIGHT="57" WIDTH="11" VPOS="2325" HPOS="1188"/>
                  <String HEIGHT="57"
                          WIDTH="103"
                          VPOS="2325"
                          HPOS="1154"
                          CONTENT="maior"/>
                  <SP HEIGHT="57" WIDTH="11" VPOS="2325" HPOS="1257"/>
                  <String HEIGHT="57"
                          WIDTH="103"
                          VPOS="2325"
                          HPOS="1211"
                          CONTENT="simili"
                          SUBS_TYPE="HypPart1"
                          SUBS_CONTENT="similitudo"/>
                  <HYP CONTENT="-"/>
               </TextLine>
               <TextLine ID="r4l101"
                         BASELINE="2425"
                         HEIGHT="54"
                         WIDTH="920"
                         VPOS="2371"
                         HPOS="393">
                  <String HEIGHT="54"
                          WIDTH="112"
                          VPOS="2371"
                          HPOS="379"
                          CONTENT="tudo"
                          SUBS_TYPE="HypPart2"
                          SUBS_CONTENT="similitudo"/>
                  <SP HEIGHT="54" WIDTH="14" VPOS="2371" HPOS="491"/>
                  <String HEIGHT="54"
                          WIDTH="125"
                          VPOS="2371"
                          HPOS="449"
                          CONTENT="nego."/>
                  <SP HEIGHT="54" WIDTH="14" VPOS="2371" HPOS="574"/>
                  <String HEIGHT="54" WIDTH="84" VPOS="2371" HPOS="532" CONTENT="Si"/>
                  <SP HEIGHT="54" WIDTH="14" VPOS="2371" HPOS="616"/>
                  <String HEIGHT="54"
                          WIDTH="112"
                          VPOS="2371"
                          HPOS="574"
                          CONTENT="vero"/>
                  <SP HEIGHT="54" WIDTH="14" VPOS="2371" HPOS="686"/>
                  <String HEIGHT="54"
                          WIDTH="223"
                          VPOS="2371"
                          HPOS="644"
                          CONTENT="intelligitur"/>
                  <SP HEIGHT="54" WIDTH="14" VPOS="2371" HPOS="867"/>
                  <String HEIGHT="54"
                          WIDTH="112"
                          VPOS="2371"
                          HPOS="825"
                          CONTENT="quod"/>
                  <SP HEIGHT="54" WIDTH="14" VPOS="2371" HPOS="937"/>
                  <String HEIGHT="54" WIDTH="98" VPOS="2371" HPOS="895" CONTENT="non"/>
                  <SP HEIGHT="54" WIDTH="14" VPOS="2371" HPOS="992"/>
                  <String HEIGHT="54" WIDTH="98" VPOS="2371" HPOS="951" CONTENT="fit"/>
                  <SP HEIGHT="54" WIDTH="14" VPOS="2371" HPOS="1048"/>
                  <String HEIGHT="54"
                          WIDTH="125"
                          VPOS="2371"
                          HPOS="1006"
                          CONTENT="maior"/>
                  <SP HEIGHT="54" WIDTH="14" VPOS="2371" HPOS="1132"/>
                  <String HEIGHT="54"
                          WIDTH="139"
                          VPOS="2371"
                          HPOS="1090"
                          CONTENT="albedo"/>
                  <SP HEIGHT="54" WIDTH="14" VPOS="2371" HPOS="1229"/>
                  <String HEIGHT="54"
                          WIDTH="139"
                          VPOS="2371"
                          HPOS="1174"
                          CONTENT="concedo:"/>
               </TextLine>
               <TextLine ID="r4l103"
                         BASELINE="2471"
                         HEIGHT="55"
                         WIDTH="913"
                         VPOS="2416"
                         HPOS="395">
                  <String HEIGHT="55" WIDTH="97" VPOS="2416" HPOS="381" CONTENT="sed"/>
                  <SP HEIGHT="55" WIDTH="14" VPOS="2416" HPOS="478"/>
                  <String HEIGHT="55"
                          WIDTH="111"
                          VPOS="2416"
                          HPOS="436"
                          CONTENT="tunc"/>
                  <SP HEIGHT="55" WIDTH="14" VPOS="2416" HPOS="547"/>
                  <String HEIGHT="55" WIDTH="97" VPOS="2416" HPOS="506" CONTENT="non"/>
                  <SP HEIGHT="55" WIDTH="14" VPOS="2416" HPOS="603"/>
                  <String HEIGHT="55"
                          WIDTH="166"
                          VPOS="2416"
                          HPOS="561"
                          CONTENT="sumuntur"/>
                  <SP HEIGHT="55" WIDTH="14" VPOS="2416" HPOS="727"/>
                  <String HEIGHT="55"
                          WIDTH="166"
                          VPOS="2416"
                          HPOS="686"
                          CONTENT="opposite"/>
                  <SP HEIGHT="55" WIDTH="14" VPOS="2416" HPOS="851"/>
                  <String HEIGHT="55"
                          WIDTH="138"
                          VPOS="2416"
                          HPOS="810"
                          CONTENT="augeri"/>
                  <SP HEIGHT="55" WIDTH="14" VPOS="2416" HPOS="948"/>
                  <String HEIGHT="55" WIDTH="83" VPOS="2416" HPOS="907" CONTENT="et"/>
                  <SP HEIGHT="55" WIDTH="14" VPOS="2416" HPOS="990"/>
                  <String HEIGHT="55" WIDTH="97" VPOS="2416" HPOS="948" CONTENT="non"/>
                  <SP HEIGHT="55" WIDTH="14" VPOS="2416" HPOS="1045"/>
                  <String HEIGHT="55"
                          WIDTH="152"
                          VPOS="2416"
                          HPOS="1004"
                          CONTENT="augeri:"/>
                  <SP HEIGHT="55" WIDTH="14" VPOS="2416" HPOS="1156"/>
                  <String HEIGHT="55"
                          WIDTH="152"
                          VPOS="2416"
                          HPOS="1114"
                          CONTENT="quoniam"/>
                  <SP HEIGHT="55" WIDTH="14" VPOS="2416" HPOS="1267"/>
                  <String HEIGHT="55"
                          WIDTH="97"
                          VPOS="2416"
                          HPOS="1211"
                          CONTENT="fieri"/>
               </TextLine>
               <TextLine ID="r4l105"
                         BASELINE="2515"
                         HEIGHT="54"
                         WIDTH="906"
                         VPOS="2461"
                         HPOS="402">
                  <String HEIGHT="54"
                          WIDTH="153"
                          VPOS="2461"
                          HPOS="388"
                          CONTENT="maiorem"/>
                  <SP HEIGHT="54" WIDTH="14" VPOS="2461" HPOS="541"/>
                  <String HEIGHT="54"
                          WIDTH="181"
                          VPOS="2461"
                          HPOS="500"
                          CONTENT="albedinem"/>
                  <SP HEIGHT="54" WIDTH="14" VPOS="2461" HPOS="681"/>
                  <String HEIGHT="54" WIDTH="84" VPOS="2461" HPOS="639" CONTENT="et"/>
                  <SP HEIGHT="54" WIDTH="14" VPOS="2461" HPOS="723"/>
                  <String HEIGHT="54" WIDTH="98" VPOS="2461" HPOS="681" CONTENT="non"/>
                  <SP HEIGHT="54" WIDTH="14" VPOS="2461" HPOS="778"/>
                  <String HEIGHT="54"
                          WIDTH="125"
                          VPOS="2461"
                          HPOS="737"
                          CONTENT="fieri"/>
                  <SP HEIGHT="54" WIDTH="14" VPOS="2461" HPOS="862"/>
                  <String HEIGHT="54"
                          WIDTH="153"
                          VPOS="2461"
                          HPOS="820"
                          CONTENT="maiorem"/>
                  <SP HEIGHT="54" WIDTH="14" VPOS="2461" HPOS="973"/>
                  <String HEIGHT="54"
                          WIDTH="237"
                          VPOS="2461"
                          HPOS="932"
                          CONTENT="similitudinem"/>
                  <SP HEIGHT="54" WIDTH="14" VPOS="2461" HPOS="1169"/>
                  <String HEIGHT="54"
                          WIDTH="98"
                          VPOS="2461"
                          HPOS="1127"
                          CONTENT="vel"/>
                  <SP HEIGHT="54" WIDTH="14" VPOS="2461" HPOS="1224"/>
                  <String HEIGHT="54"
                          WIDTH="139"
                          VPOS="2461"
                          HPOS="1169"
                          CONTENT="econtra."/>
               </TextLine>
               <TextLine ID="r4l107"
                         BASELINE="2555"
                         HEIGHT="55"
                         WIDTH="910"
                         VPOS="2500"
                         HPOS="398">
                  <String HEIGHT="55" WIDTH="92" VPOS="2500" HPOS="385" CONTENT="non"/>
                  <SP HEIGHT="55" WIDTH="13" VPOS="2500" HPOS="477"/>
                  <String HEIGHT="55"
                          WIDTH="106"
                          VPOS="2500"
                          HPOS="438"
                          CONTENT="sunt"/>
                  <SP HEIGHT="55" WIDTH="13" VPOS="2500" HPOS="543"/>
                  <String HEIGHT="55"
                          WIDTH="171"
                          VPOS="2500"
                          HPOS="504"
                          CONTENT="opposita:"/>
                  <SP HEIGHT="55" WIDTH="13" VPOS="2500" HPOS="675"/>
                  <String HEIGHT="55"
                          WIDTH="106"
                          VPOS="2500"
                          HPOS="635"
                          CONTENT="quin"/>
                  <SP HEIGHT="55" WIDTH="13" VPOS="2500" HPOS="741"/>
                  <String HEIGHT="55"
                          WIDTH="106"
                          VPOS="2500"
                          HPOS="701"
                          CONTENT="immo"/>
                  <SP HEIGHT="55" WIDTH="13" VPOS="2500" HPOS="807"/>
                  <String HEIGHT="55"
                          WIDTH="106"
                          VPOS="2500"
                          HPOS="767"
                          CONTENT="vere"/>
                  <SP HEIGHT="55" WIDTH="13" VPOS="2500" HPOS="873"/>
                  <String HEIGHT="55"
                          WIDTH="224"
                          VPOS="2500"
                          HPOS="833"
                          CONTENT="compossibilia"/>
                  <SP HEIGHT="55" WIDTH="13" VPOS="2500" HPOS="1057"/>
                  <String HEIGHT="55"
                          WIDTH="119"
                          VPOS="2500"
                          HPOS="1018"
                          CONTENT="circa"/>
                  <SP HEIGHT="55" WIDTH="13" VPOS="2500" HPOS="1137"/>
                  <String HEIGHT="55"
                          WIDTH="119"
                          VPOS="2500"
                          HPOS="1097"
                          CONTENT="idem:"/>
                  <SP HEIGHT="55" WIDTH="13" VPOS="2500" HPOS="1216"/>
                  <String HEIGHT="55" WIDTH="79" VPOS="2500" HPOS="1176" CONTENT="et"/>
                  <SP HEIGHT="55" WIDTH="13" VPOS="2500" HPOS="1255"/>
                  <String HEIGHT="55" WIDTH="79" VPOS="2500" HPOS="1216" CONTENT="ex"/>
                  <SP HEIGHT="55" WIDTH="13" VPOS="2500" HPOS="1295"/>
                  <String HEIGHT="55"
                          WIDTH="66"
                          VPOS="2500"
                          HPOS="1242"
                          CONTENT="hoc"/>
               </TextLine>
               <TextLine ID="r4l109"
                         BASELINE="2609"
                         HEIGHT="63"
                         WIDTH="894"
                         VPOS="2546"
                         HPOS="392">
                  <String HEIGHT="63"
                          WIDTH="90"
                          VPOS="2546"
                          HPOS="382"
                          CONTENT="patet"/>
                  <SP HEIGHT="63" WIDTH="10" VPOS="2546" HPOS="472"/>
                  <String HEIGHT="63"
                          WIDTH="80"
                          VPOS="2546"
                          HPOS="442"
                          CONTENT="quod"/>
                  <SP HEIGHT="63" WIDTH="10" VPOS="2546" HPOS="523"/>
                  <String HEIGHT="63" WIDTH="70" VPOS="2546" HPOS="492" CONTENT="non"/>
                  <SP HEIGHT="63" WIDTH="10" VPOS="2546" HPOS="563"/>
                  <String HEIGHT="63" WIDTH="70" VPOS="2546" HPOS="533" CONTENT="tet"/>
                  <SP HEIGHT="63" WIDTH="10" VPOS="2546" HPOS="603"/>
                  <String HEIGHT="63"
                          WIDTH="171"
                          VPOS="2546"
                          HPOS="573"
                          CONTENT="consequentia."/>
                  <SP HEIGHT="63" WIDTH="10" VPOS="2546" HPOS="744"/>
                  <String HEIGHT="63" WIDTH="60" VPOS="2546" HPOS="713" CONTENT="si"/>
                  <SP HEIGHT="63" WIDTH="10" VPOS="2546" HPOS="774"/>
                  <String HEIGHT="63"
                          WIDTH="141"
                          VPOS="2546"
                          HPOS="744"
                          CONTENT="antecedens"/>
                  <SP HEIGHT="63" WIDTH="10" VPOS="2546" HPOS="884"/>
                  <String HEIGHT="63"
                          WIDTH="110"
                          VPOS="2546"
                          HPOS="854"
                          CONTENT="sumatur"/>
                  <SP HEIGHT="63" WIDTH="10" VPOS="2546" HPOS="965"/>
                  <String HEIGHT="63" WIDTH="60" VPOS="2546" HPOS="934" CONTENT="2o"/>
                  <SP HEIGHT="63" WIDTH="10" VPOS="2546" HPOS="995"/>
                  <String HEIGHT="63"
                          WIDTH="90"
                          VPOS="2546"
                          HPOS="965"
                          CONTENT="modo."/>
                  <SP HEIGHT="63" WIDTH="10" VPOS="2546" HPOS="1055"/>
                  <String HEIGHT="63" WIDTH="50" VPOS="2546" HPOS="1025" CONTENT="⁋"/>
                  <SP HEIGHT="63" WIDTH="10" VPOS="2546" HPOS="1075"/>
                  <String HEIGHT="63"
                          WIDTH="90"
                          VPOS="2546"
                          HPOS="1045"
                          CONTENT="Eodem"/>
                  <SP HEIGHT="63" WIDTH="10" VPOS="2546" HPOS="1135"/>
                  <String HEIGHT="63" WIDTH="50" VPOS="2546" HPOS="1105" CONTENT="m"/>
                  <SP HEIGHT="63" WIDTH="10" VPOS="2546" HPOS="1155"/>
                  <String HEIGHT="63" WIDTH="60" VPOS="2546" HPOS="1125" CONTENT="mo"/>
                  <SP HEIGHT="63" WIDTH="10" VPOS="2546" HPOS="1186"/>
                  <String HEIGHT="63"
                          WIDTH="110"
                          VPOS="2546"
                          HPOS="1155"
                          CONTENT="quantum"/>
                  <SP HEIGHT="63" WIDTH="10" VPOS="2546" HPOS="1266"/>
                  <String HEIGHT="63" WIDTH="60" VPOS="2546" HPOS="1236" CONTENT="ad"/>
                  <SP HEIGHT="63" WIDTH="10" VPOS="2546" HPOS="1296"/>
                  <String HEIGHT="63" WIDTH="30" VPOS="2546" HPOS="1256" CONTENT="2"/>
               </TextLine>
               <TextLine ID="r4l111"
                         BASELINE="2640"
                         HEIGHT="55"
                         WIDTH="899"
                         VPOS="2585"
                         HPOS="402">
                  <String HEIGHT="55"
                          WIDTH="112"
                          VPOS="2585"
                          HPOS="390"
                          CONTENT="casum"/>
                  <SP HEIGHT="55" WIDTH="12" VPOS="2585" HPOS="502"/>
                  <String HEIGHT="55"
                          WIDTH="100"
                          VPOS="2585"
                          HPOS="464"
                          CONTENT="dico"/>
                  <SP HEIGHT="55" WIDTH="12" VPOS="2585" HPOS="564"/>
                  <String HEIGHT="55"
                          WIDTH="100"
                          VPOS="2585"
                          HPOS="527"
                          CONTENT="quod"/>
                  <SP HEIGHT="55" WIDTH="12" VPOS="2585" HPOS="627"/>
                  <String HEIGHT="55"
                          WIDTH="112"
                          VPOS="2585"
                          HPOS="589"
                          CONTENT="sicut"/>
                  <SP HEIGHT="55" WIDTH="12" VPOS="2585" HPOS="702"/>
                  <String HEIGHT="55"
                          WIDTH="125"
                          VPOS="2585"
                          HPOS="664"
                          CONTENT="albedo"/>
                  <SP HEIGHT="55" WIDTH="12" VPOS="2585" HPOS="789"/>
                  <String HEIGHT="55"
                          WIDTH="175"
                          VPOS="2585"
                          HPOS="752"
                          CONTENT="remittitur"/>
                  <SP HEIGHT="55" WIDTH="12" VPOS="2585" HPOS="926"/>
                  <String HEIGHT="55" WIDTH="75" VPOS="2585" HPOS="889" CONTENT="id"/>
                  <SP HEIGHT="55" WIDTH="12" VPOS="2585" HPOS="964"/>
                  <String HEIGHT="55" WIDTH="87" VPOS="2585" HPOS="926" CONTENT="est"/>
                  <SP HEIGHT="55" WIDTH="12" VPOS="2585" HPOS="1014"/>
                  <String HEIGHT="55" WIDTH="87" VPOS="2585" HPOS="976" CONTENT="fit"/>
                  <SP HEIGHT="55" WIDTH="12" VPOS="2585" HPOS="1064"/>
                  <String HEIGHT="55"
                          WIDTH="112"
                          VPOS="2585"
                          HPOS="1026"
                          CONTENT="minor"/>
                  <SP HEIGHT="55" WIDTH="12" VPOS="2585" HPOS="1139"/>
                  <String HEIGHT="55"
                          WIDTH="137"
                          VPOS="2585"
                          HPOS="1101"
                          CONTENT="albedo:"/>
                  <SP HEIGHT="55" WIDTH="12" VPOS="2585" HPOS="1239"/>
                  <String HEIGHT="55"
                          WIDTH="87"
                          VPOS="2585"
                          HPOS="1201"
                          CONTENT="sic"/>
                  <SP HEIGHT="55" WIDTH="12" VPOS="2585" HPOS="1289"/>
                  <String HEIGHT="55"
                          WIDTH="62"
                          VPOS="2585"
                          HPOS="1239"
                          CONTENT="est"/>
               </TextLine>
               <TextLine ID="r4l113"
                         BASELINE="2688"
                         HEIGHT="54"
                         WIDTH="895"
                         VPOS="2634"
                         HPOS="406">
                  <String HEIGHT="54"
                          WIDTH="190"
                          VPOS="2634"
                          HPOS="392"
                          CONTENT="similitudo"/>
                  <SP HEIGHT="54" WIDTH="14" VPOS="2634" HPOS="582"/>
                  <String HEIGHT="54" WIDTH="95" VPOS="2634" HPOS="542" CONTENT="fit"/>
                  <SP HEIGHT="54" WIDTH="14" VPOS="2634" HPOS="637"/>
                  <String HEIGHT="54"
                          WIDTH="122"
                          VPOS="2634"
                          HPOS="596"
                          CONTENT="minor"/>
                  <SP HEIGHT="54" WIDTH="14" VPOS="2634" HPOS="718"/>
                  <String HEIGHT="54"
                          WIDTH="149"
                          VPOS="2634"
                          HPOS="677"
                          CONTENT="albedo:"/>
                  <SP HEIGHT="54" WIDTH="14" VPOS="2634" HPOS="826"/>
                  <String HEIGHT="54" WIDTH="81" VPOS="2634" HPOS="786" CONTENT="et"/>
                  <SP HEIGHT="54" WIDTH="14" VPOS="2634" HPOS="867"/>
                  <String HEIGHT="54"
                          WIDTH="122"
                          VPOS="2634"
                          HPOS="826"
                          CONTENT="sicut"/>
                  <SP HEIGHT="54" WIDTH="14" VPOS="2634" HPOS="948"/>
                  <String HEIGHT="54" WIDTH="95" VPOS="2634" HPOS="908" CONTENT="est"/>
                  <SP HEIGHT="54" WIDTH="14" VPOS="2634" HPOS="1003"/>
                  <String HEIGHT="54"
                          WIDTH="190"
                          VPOS="2634"
                          HPOS="962"
                          CONTENT="similitudo"/>
                  <SP HEIGHT="54" WIDTH="14" VPOS="2634" HPOS="1152"/>
                  <String HEIGHT="54"
                          WIDTH="95"
                          VPOS="2634"
                          HPOS="1111"
                          CONTENT="fit"/>
                  <SP HEIGHT="54" WIDTH="14" VPOS="2634" HPOS="1206"/>
                  <String HEIGHT="54"
                          WIDTH="122"
                          VPOS="2634"
                          HPOS="1165"
                          CONTENT="maior"/>
                  <SP HEIGHT="54" WIDTH="14" VPOS="2634" HPOS="1287"/>
                  <String HEIGHT="54"
                          WIDTH="68"
                          VPOS="2634"
                          HPOS="1233"
                          CONTENT="si"
                          SUBS_TYPE="HypPart1"
                          SUBS_CONTENT="similitudo"/>
                  <HYP CONTENT="-"/>
               </TextLine>
               <TextLine ID="r4l115"
                         BASELINE="2728"
                         HEIGHT="57"
                         WIDTH="910"
                         VPOS="2671"
                         HPOS="404">
                  <String HEIGHT="57"
                          WIDTH="165"
                          VPOS="2671"
                          HPOS="390"
                          CONTENT="militudo"
                          SUBS_TYPE="HypPart2"
                          SUBS_CONTENT="similitudo"/>
                  <SP HEIGHT="57" WIDTH="14" VPOS="2671" HPOS="556"/>
                  <String HEIGHT="57" WIDTH="97" VPOS="2671" HPOS="514" CONTENT="sic"/>
                  <SP HEIGHT="57" WIDTH="14" VPOS="2671" HPOS="611"/>
                  <String HEIGHT="57"
                          WIDTH="124"
                          VPOS="2671"
                          HPOS="569"
                          CONTENT="etiam"/>
                  <SP HEIGHT="57" WIDTH="14" VPOS="2671" HPOS="694"/>
                  <String HEIGHT="57"
                          WIDTH="138"
                          VPOS="2671"
                          HPOS="652"
                          CONTENT="albedo"/>
                  <SP HEIGHT="57" WIDTH="14" VPOS="2671" HPOS="790"/>
                  <String HEIGHT="57" WIDTH="97" VPOS="2671" HPOS="749" CONTENT="fit"/>
                  <SP HEIGHT="57" WIDTH="14" VPOS="2671" HPOS="845"/>
                  <String HEIGHT="57"
                          WIDTH="124"
                          VPOS="2671"
                          HPOS="804"
                          CONTENT="maior"/>
                  <SP HEIGHT="57" WIDTH="14" VPOS="2671" HPOS="928"/>
                  <String HEIGHT="57"
                          WIDTH="207"
                          VPOS="2671"
                          HPOS="887"
                          CONTENT="similitudo."/>
                  <SP HEIGHT="57" WIDTH="14" VPOS="2671" HPOS="1093"/>
                  <String HEIGHT="57"
                          WIDTH="110"
                          VPOS="2671"
                          HPOS="1052"
                          CONTENT="Ideo"/>
                  <SP HEIGHT="57" WIDTH="14" VPOS="2671" HPOS="1162"/>
                  <String HEIGHT="57"
                          WIDTH="124"
                          VPOS="2671"
                          HPOS="1121"
                          CONTENT="autem"/>
                  <SP HEIGHT="57" WIDTH="14" VPOS="2671" HPOS="1245"/>
                  <String HEIGHT="57"
                          WIDTH="124"
                          VPOS="2671"
                          HPOS="1190"
                          CONTENT="dicitur"/>
               </TextLine>
               <TextLine ID="r4l117"
                         BASELINE="2773"
                         HEIGHT="53"
                         WIDTH="912"
                         VPOS="2720"
                         HPOS="395">
                  <String HEIGHT="53"
                          WIDTH="114"
                          VPOS="2720"
                          HPOS="382"
                          CONTENT="fieri"/>
                  <SP HEIGHT="53" WIDTH="13" VPOS="2720" HPOS="496"/>
                  <String HEIGHT="53"
                          WIDTH="114"
                          VPOS="2720"
                          HPOS="458"
                          CONTENT="maior"/>
                  <SP HEIGHT="53" WIDTH="13" VPOS="2720" HPOS="572"/>
                  <String HEIGHT="53"
                          WIDTH="190"
                          VPOS="2720"
                          HPOS="534"
                          CONTENT="similitudo:"/>
                  <SP HEIGHT="53" WIDTH="13" VPOS="2720" HPOS="724"/>
                  <String HEIGHT="53"
                          WIDTH="139"
                          VPOS="2720"
                          HPOS="686"
                          CONTENT="quoniam"/>
                  <SP HEIGHT="53" WIDTH="13" VPOS="2720" HPOS="826"/>
                  <String HEIGHT="53"
                          WIDTH="165"
                          VPOS="2720"
                          HPOS="788"
                          CONTENT="subiectum"/>
                  <SP HEIGHT="53" WIDTH="13" VPOS="2720" HPOS="952"/>
                  <String HEIGHT="53" WIDTH="89" VPOS="2720" HPOS="914" CONTENT="fit"/>
                  <SP HEIGHT="53" WIDTH="13" VPOS="2720" HPOS="1003"/>
                  <String HEIGHT="53" WIDTH="89" VPOS="2720" HPOS="965" CONTENT="per"/>
                  <SP HEIGHT="53" WIDTH="13" VPOS="2720" HPOS="1054"/>
                  <String HEIGHT="53"
                          WIDTH="114"
                          VPOS="2720"
                          HPOS="1016"
                          CONTENT="illam"/>
                  <SP HEIGHT="53" WIDTH="13" VPOS="2720" HPOS="1130"/>
                  <String HEIGHT="53"
                          WIDTH="177"
                          VPOS="2720"
                          HPOS="1092"
                          CONTENT="formaliter"/>
                  <SP HEIGHT="53" WIDTH="13" VPOS="2720" HPOS="1269"/>
                  <String HEIGHT="53"
                          WIDTH="89"
                          VPOS="2720"
                          HPOS="1218"
                          CONTENT="magis"/>
               </TextLine>
               <TextLine ID="r4l119"
                         BASELINE="2817"
                         HEIGHT="56"
                         WIDTH="915"
                         VPOS="2761"
                         HPOS="399">
                  <String HEIGHT="56"
                          WIDTH="146"
                          VPOS="2761"
                          HPOS="386"
                          CONTENT="simile."/>
                  <SP HEIGHT="56" WIDTH="13" VPOS="2761" HPOS="532"/>
                  <String HEIGHT="56" WIDTH="80" VPOS="2761" HPOS="492" CONTENT="et"/>
                  <SP HEIGHT="56" WIDTH="13" VPOS="2761" HPOS="571"/>
                  <String HEIGHT="56" WIDTH="93" VPOS="2761" HPOS="532" CONTENT="hec"/>
                  <SP HEIGHT="56" WIDTH="13" VPOS="2761" HPOS="624"/>
                  <String HEIGHT="56"
                          WIDTH="172"
                          VPOS="2761"
                          HPOS="585"
                          CONTENT="responsio"/>
                  <SP HEIGHT="56" WIDTH="13" VPOS="2761" HPOS="757"/>
                  <String HEIGHT="56" WIDTH="80" VPOS="2761" HPOS="717" CONTENT="in"/>
                  <SP HEIGHT="56" WIDTH="13" VPOS="2761" HPOS="797"/>
                  <String HEIGHT="56"
                          WIDTH="172"
                          VPOS="2761"
                          HPOS="757"
                          CONTENT="sententia"/>
                  <SP HEIGHT="56" WIDTH="13" VPOS="2761" HPOS="929"/>
                  <String HEIGHT="56" WIDTH="93" VPOS="2761" HPOS="890" CONTENT="vel"/>
                  <SP HEIGHT="56" WIDTH="13" VPOS="2761" HPOS="982"/>
                  <String HEIGHT="56"
                          WIDTH="186"
                          VPOS="2761"
                          HPOS="943"
                          CONTENT="nullatenus"/>
                  <SP HEIGHT="56" WIDTH="13" VPOS="2761" HPOS="1128"/>
                  <String HEIGHT="56"
                          WIDTH="93"
                          VPOS="2761"
                          HPOS="1089"
                          CONTENT="vel"/>
                  <SP HEIGHT="56" WIDTH="13" VPOS="2761" HPOS="1181"/>
                  <String HEIGHT="56"
                          WIDTH="146"
                          VPOS="2761"
                          HPOS="1142"
                          CONTENT="modicum"/>
                  <SP HEIGHT="56" WIDTH="13" VPOS="2761" HPOS="1287"/>
                  <String HEIGHT="56"
                          WIDTH="80"
                          VPOS="2761"
                          HPOS="1234"
                          CONTENT="dif"
                          SUBS_TYPE="HypPart1"
                          SUBS_CONTENT="differt"/>
                  <HYP CONTENT="-"/>
               </TextLine>
               <TextLine ID="r4l121"
                         BASELINE="2859"
                         HEIGHT="53"
                         WIDTH="900"
                         VPOS="2806"
                         HPOS="399">
                  <String HEIGHT="53"
                          WIDTH="114"
                          VPOS="2806"
                          HPOS="385"
                          CONTENT="fert"
                          SUBS_TYPE="HypPart2"
                          SUBS_CONTENT="differt"/>
                  <SP HEIGHT="53" WIDTH="14" VPOS="2806" HPOS="499"/>
                  <String HEIGHT="53" WIDTH="71" VPOS="2806" HPOS="456" CONTENT="a"/>
                  <SP HEIGHT="53" WIDTH="14" VPOS="2806" HPOS="528"/>
                  <String HEIGHT="53"
                          WIDTH="143"
                          VPOS="2806"
                          HPOS="485"
                          CONTENT="prima."/>
                  <SP HEIGHT="53" WIDTH="14" VPOS="2806" HPOS="628"/>
                  <String HEIGHT="53" WIDTH="71" VPOS="2806" HPOS="585" CONTENT="⁋"/>
                  <SP HEIGHT="53" WIDTH="14" VPOS="2806" HPOS="656"/>
                  <String HEIGHT="53" WIDTH="86" VPOS="2806" HPOS="613" CONTENT="Ad"/>
                  <SP HEIGHT="53" WIDTH="14" VPOS="2806" HPOS="699"/>
                  <String HEIGHT="53" WIDTH="86" VPOS="2806" HPOS="656" CONTENT="3m"/>
                  <SP HEIGHT="53" WIDTH="14" VPOS="2806" HPOS="742"/>
                  <String HEIGHT="53"
                          WIDTH="114"
                          VPOS="2806"
                          HPOS="699"
                          CONTENT="nego"/>
                  <SP HEIGHT="53" WIDTH="14" VPOS="2806" HPOS="813"/>
                  <String HEIGHT="53"
                          WIDTH="171"
                          VPOS="2806"
                          HPOS="770"
                          CONTENT="minorem."/>
                  <SP HEIGHT="53" WIDTH="14" VPOS="2806" HPOS="942"/>
                  <String HEIGHT="53" WIDTH="86" VPOS="2806" HPOS="899" CONTENT="Et"/>
                  <SP HEIGHT="53" WIDTH="14" VPOS="2806" HPOS="985"/>
                  <String HEIGHT="53" WIDTH="86" VPOS="2806" HPOS="942" CONTENT="ad"/>
                  <SP HEIGHT="53" WIDTH="14" VPOS="2806" HPOS="1028"/>
                  <String HEIGHT="53"
                          WIDTH="214"
                          VPOS="2806"
                          HPOS="985"
                          CONTENT="probationem"/>
                  <SP HEIGHT="53" WIDTH="14" VPOS="2806" HPOS="1199"/>
                  <String HEIGHT="53"
                          WIDTH="114"
                          VPOS="2806"
                          HPOS="1156"
                          CONTENT="dico"/>
                  <SP HEIGHT="53" WIDTH="14" VPOS="2806" HPOS="1270"/>
                  <String HEIGHT="53"
                          WIDTH="86"
                          VPOS="2806"
                          HPOS="1213"
                          CONTENT="quod"/>
               </TextLine>
               <TextLine ID="r4l123"
                         BASELINE="2902"
                         HEIGHT="51"
                         WIDTH="900"
                         VPOS="2851"
                         HPOS="407">
                  <String HEIGHT="51"
                          WIDTH="129"
                          VPOS="2851"
                          HPOS="394"
                          CONTENT="sortes"/>
                  <SP HEIGHT="51" WIDTH="13" VPOS="2851" HPOS="523"/>
                  <String HEIGHT="51"
                          WIDTH="206"
                          VPOS="2851"
                          HPOS="484"
                          CONTENT="quibuscumque"/>
                  <SP HEIGHT="51" WIDTH="13" VPOS="2851" HPOS="690"/>
                  <String HEIGHT="51" WIDTH="77" VPOS="2851" HPOS="651" CONTENT="et"/>
                  <SP HEIGHT="51" WIDTH="13" VPOS="2851" HPOS="728"/>
                  <String HEIGHT="51"
                          WIDTH="180"
                          VPOS="2851"
                          HPOS="690"
                          CONTENT="quotcumque"/>
                  <SP HEIGHT="51" WIDTH="13" VPOS="2851" HPOS="870"/>
                  <String HEIGHT="51" WIDTH="90" VPOS="2851" HPOS="831" CONTENT="est"/>
                  <SP HEIGHT="51" WIDTH="13" VPOS="2851" HPOS="921"/>
                  <String HEIGHT="51"
                          WIDTH="141"
                          VPOS="2851"
                          HPOS="883"
                          CONTENT="similis"/>
                  <SP HEIGHT="51" WIDTH="13" VPOS="2851" HPOS="1024"/>
                  <String HEIGHT="51" WIDTH="90" VPOS="2851" HPOS="986" CONTENT="per"/>
                  <SP HEIGHT="51" WIDTH="13" VPOS="2851" HPOS="1076"/>
                  <String HEIGHT="51"
                          WIDTH="129"
                          VPOS="2851"
                          HPOS="1037"
                          CONTENT="vnicam"/>
                  <SP HEIGHT="51" WIDTH="13" VPOS="2851" HPOS="1166"/>
                  <String HEIGHT="51"
                          WIDTH="167"
                          VPOS="2851"
                          HPOS="1127"
                          CONTENT="albedinem"/>
                  <SP HEIGHT="51" WIDTH="13" VPOS="2851" HPOS="1294"/>
                  <String HEIGHT="51"
                          WIDTH="64"
                          VPOS="2851"
                          HPOS="1243"
                          CONTENT="est"/>
               </TextLine>
               <TextLine ID="r4l125"
                         BASELINE="2953"
                         HEIGHT="59"
                         WIDTH="905"
                         VPOS="2894"
                         HPOS="401">
                  <String HEIGHT="59"
                          WIDTH="118"
                          VPOS="2894"
                          HPOS="388"
                          CONTENT="etiam"/>
                  <SP HEIGHT="59" WIDTH="13" VPOS="2894" HPOS="506"/>
                  <String HEIGHT="59"
                          WIDTH="144"
                          VPOS="2894"
                          HPOS="467"
                          CONTENT="similis"/>
                  <SP HEIGHT="59" WIDTH="13" VPOS="2894" HPOS="611"/>
                  <String HEIGHT="59" WIDTH="92" VPOS="2894" HPOS="572" CONTENT="per"/>
                  <SP HEIGHT="59" WIDTH="13" VPOS="2894" HPOS="663"/>
                  <String HEIGHT="59"
                          WIDTH="131"
                          VPOS="2894"
                          HPOS="624"
                          CONTENT="vnicam"/>
                  <SP HEIGHT="59" WIDTH="13" VPOS="2894" HPOS="755"/>
                  <String HEIGHT="59"
                          WIDTH="236"
                          VPOS="2894"
                          HPOS="716"
                          CONTENT="similitudinem."/>
                  <SP HEIGHT="59" WIDTH="13" VPOS="2894" HPOS="952"/>
                  <String HEIGHT="59" WIDTH="92" VPOS="2894" HPOS="913" CONTENT="Nam"/>
                  <SP HEIGHT="59" WIDTH="13" VPOS="2894" HPOS="1004"/>
                  <String HEIGHT="59"
                          WIDTH="105"
                          VPOS="2894"
                          HPOS="965"
                          CONTENT="eius"/>
                  <SP HEIGHT="59" WIDTH="13" VPOS="2894" HPOS="1070"/>
                  <String HEIGHT="59"
                          WIDTH="184"
                          VPOS="2894"
                          HPOS="1031"
                          CONTENT="similitudo"/>
                  <SP HEIGHT="59" WIDTH="13" VPOS="2894" HPOS="1214"/>
                  <String HEIGHT="59"
                          WIDTH="118"
                          VPOS="2894"
                          HPOS="1175"
                          CONTENT="nihil"/>
                  <SP HEIGHT="59" WIDTH="13" VPOS="2894" HPOS="1293"/>
                  <String HEIGHT="59"
                          WIDTH="66"
                          VPOS="2894"
                          HPOS="1240"
                          CONTENT="est"/>
               </TextLine>
               <TextLine ID="r4l127"
                         BASELINE="2998"
                         HEIGHT="60"
                         WIDTH="902"
                         VPOS="2938"
                         HPOS="397">
                  <String HEIGHT="60"
                          WIDTH="114"
                          VPOS="2938"
                          HPOS="384"
                          CONTENT="aliud"/>
                  <SP HEIGHT="60" WIDTH="13" VPOS="2938" HPOS="499"/>
                  <String HEIGHT="60"
                          WIDTH="102"
                          VPOS="2938"
                          HPOS="461"
                          CONTENT="quam"/>
                  <SP HEIGHT="60" WIDTH="13" VPOS="2938" HPOS="562"/>
                  <String HEIGHT="60"
                          WIDTH="102"
                          VPOS="2938"
                          HPOS="524"
                          CONTENT="eius"/>
                  <SP HEIGHT="60" WIDTH="13" VPOS="2938" HPOS="626"/>
                  <String HEIGHT="60"
                          WIDTH="127"
                          VPOS="2938"
                          HPOS="588"
                          CONTENT="albedo"/>
                  <SP HEIGHT="60" WIDTH="13" VPOS="2938" HPOS="715"/>
                  <String HEIGHT="60" WIDTH="89" VPOS="2938" HPOS="676" CONTENT="per"/>
                  <SP HEIGHT="60" WIDTH="13" VPOS="2938" HPOS="765"/>
                  <String HEIGHT="60"
                          WIDTH="102"
                          VPOS="2938"
                          HPOS="727"
                          CONTENT="quam"/>
                  <SP HEIGHT="60" WIDTH="13" VPOS="2938" HPOS="829"/>
                  <String HEIGHT="60" WIDTH="89" VPOS="2938" HPOS="791" CONTENT="est"/>
                  <SP HEIGHT="60" WIDTH="13" VPOS="2938" HPOS="880"/>
                  <String HEIGHT="60"
                          WIDTH="152"
                          VPOS="2938"
                          HPOS="842"
                          CONTENT="similis."/>
                  <SP HEIGHT="60" WIDTH="13" VPOS="2938" HPOS="994"/>
                  <String HEIGHT="60" WIDTH="64" VPOS="2938" HPOS="956" CONTENT="⁋"/>
                  <SP HEIGHT="60" WIDTH="13" VPOS="2938" HPOS="1020"/>
                  <String HEIGHT="60" WIDTH="76" VPOS="2938" HPOS="981" CONTENT="Ad"/>
                  <SP HEIGHT="60" WIDTH="13" VPOS="2938" HPOS="1058"/>
                  <String HEIGHT="60" WIDTH="76" VPOS="2938" HPOS="1020" CONTENT="4m"/>
                  <SP HEIGHT="60" WIDTH="13" VPOS="2938" HPOS="1096"/>
                  <String HEIGHT="60"
                          WIDTH="102"
                          VPOS="2938"
                          HPOS="1058"
                          CONTENT="nego"/>
                  <SP HEIGHT="60" WIDTH="13" VPOS="2938" HPOS="1159"/>
                  <String HEIGHT="60"
                          WIDTH="191"
                          VPOS="2938"
                          HPOS="1108"
                          CONTENT="consequentiam"/>
               </TextLine>
               <TextLine ID="r4l129"
                         BASELINE="3040"
                         HEIGHT="59"
                         WIDTH="894"
                         VPOS="2981"
                         HPOS="407">
                  <String HEIGHT="59" WIDTH="68" VPOS="2981" HPOS="393" CONTENT="⁋"/>
                  <SP HEIGHT="59" WIDTH="14" VPOS="2981" HPOS="461"/>
                  <String HEIGHT="59" WIDTH="81" VPOS="2981" HPOS="421" CONTENT="Ad"/>
                  <SP HEIGHT="59" WIDTH="14" VPOS="2981" HPOS="502"/>
                  <String HEIGHT="59"
                          WIDTH="203"
                          VPOS="2981"
                          HPOS="461"
                          CONTENT="probationem"/>
                  <SP HEIGHT="59" WIDTH="14" VPOS="2981" HPOS="664"/>
                  <String HEIGHT="59"
                          WIDTH="108"
                          VPOS="2981"
                          HPOS="624"
                          CONTENT="dico"/>
                  <SP HEIGHT="59" WIDTH="14" VPOS="2981" HPOS="732"/>
                  <String HEIGHT="59"
                          WIDTH="108"
                          VPOS="2981"
                          HPOS="691"
                          CONTENT="quod"/>
                  <SP HEIGHT="59" WIDTH="14" VPOS="2981" HPOS="800"/>
                  <String HEIGHT="59"
                          WIDTH="190"
                          VPOS="2981"
                          HPOS="759"
                          CONTENT="similitudo"/>
                  <SP HEIGHT="59" WIDTH="14" VPOS="2981" HPOS="949"/>
                  <String HEIGHT="59" WIDTH="81" VPOS="2981" HPOS="908" CONTENT="ea"/>
                  <SP HEIGHT="59" WIDTH="14" VPOS="2981" HPOS="989"/>
                  <String HEIGHT="59"
                          WIDTH="230"
                          VPOS="2981"
                          HPOS="949"
                          CONTENT="dissimilitudo"/>
                  <SP HEIGHT="59" WIDTH="14" VPOS="2981" HPOS="1179"/>
                  <String HEIGHT="59"
                          WIDTH="95"
                          VPOS="2981"
                          HPOS="1138"
                          CONTENT="non"/>
                  <SP HEIGHT="59" WIDTH="14" VPOS="2981" HPOS="1233"/>
                  <String HEIGHT="59"
                          WIDTH="108"
                          VPOS="2981"
                          HPOS="1193"
                          CONTENT="sunt"/>
                  <SP HEIGHT="59" WIDTH="14" VPOS="2981" HPOS="1301"/>
                  <String HEIGHT="59" WIDTH="54" VPOS="2981" HPOS="1247" CONTENT="op"/>
               </TextLine>
               <TextLine ID="r4l131"
                         BASELINE="3086"
                         HEIGHT="55"
                         WIDTH="906"
                         VPOS="3031"
                         HPOS="398">
                  <String HEIGHT="55"
                          WIDTH="161"
                          VPOS="3031"
                          HPOS="383"
                          CONTENT="posite."/>
                  <SP HEIGHT="55" WIDTH="15" VPOS="3031" HPOS="544"/>
                  <String HEIGHT="55"
                          WIDTH="102"
                          VPOS="3031"
                          HPOS="500"
                          CONTENT="non"/>
                  <SP HEIGHT="55" WIDTH="15" VPOS="3031" HPOS="603"/>
                  <String HEIGHT="55"
                          WIDTH="117"
                          VPOS="3031"
                          HPOS="559"
                          CONTENT="enim"/>
                  <SP HEIGHT="55" WIDTH="15" VPOS="3031" HPOS="676"/>
                  <String HEIGHT="55"
                          WIDTH="205"
                          VPOS="3031"
                          HPOS="632"
                          CONTENT="opponuntur"/>
                  <SP HEIGHT="55" WIDTH="15" VPOS="3031" HPOS="836"/>
                  <String HEIGHT="55"
                          WIDTH="175"
                          VPOS="3031"
                          HPOS="793"
                          CONTENT="relatiue"/>
                  <SP HEIGHT="55" WIDTH="15" VPOS="3031" HPOS="968"/>
                  <String HEIGHT="55"
                          WIDTH="102"
                          VPOS="3031"
                          HPOS="924"
                          CONTENT="cum"/>
                  <SP HEIGHT="55" WIDTH="15" VPOS="3031" HPOS="1026"/>
                  <String HEIGHT="55"
                          WIDTH="102"
                          VPOS="3031"
                          HPOS="983"
                          CONTENT="non"/>
                  <SP HEIGHT="55" WIDTH="15" VPOS="3031" HPOS="1085"/>
                  <String HEIGHT="55"
                          WIDTH="175"
                          VPOS="3031"
                          HPOS="1041"
                          CONTENT="dicantur"/>
                  <SP HEIGHT="55" WIDTH="15" VPOS="3031" HPOS="1216"/>
                  <String HEIGHT="55"
                          WIDTH="146"
                          VPOS="3031"
                          HPOS="1158"
                          CONTENT="relatiue"/>
               </TextLine>
               <TextLine ID="r4l133"
                         BASELINE="3144"
                         HEIGHT="70"
                         WIDTH="907"
                         VPOS="3074"
                         HPOS="404">
                  <String HEIGHT="70"
                          WIDTH="179"
                          VPOS="3074"
                          HPOS="391"
                          CONTENT="adinuicem."/>
                  <SP HEIGHT="70" WIDTH="13" VPOS="3074" HPOS="570"/>
                  <String HEIGHT="70" WIDTH="89" VPOS="3074" HPOS="532" CONTENT="Non"/>
                  <SP HEIGHT="70" WIDTH="13" VPOS="3074" HPOS="621"/>
                  <String HEIGHT="70"
                          WIDTH="102"
                          VPOS="3074"
                          HPOS="583"
                          CONTENT="enim"/>
                  <SP HEIGHT="70" WIDTH="13" VPOS="3074" HPOS="685"/>
                  <String HEIGHT="70"
                          WIDTH="179"
                          VPOS="3074"
                          HPOS="647"
                          CONTENT="similitudo"/>
                  <SP HEIGHT="70" WIDTH="13" VPOS="3074" HPOS="826"/>
                  <String HEIGHT="70"
                          WIDTH="141"
                          VPOS="3074"
                          HPOS="787"
                          CONTENT="dicitur"/>
                  <SP HEIGHT="70" WIDTH="13" VPOS="3074" HPOS="928"/>
                  <String HEIGHT="70"
                          WIDTH="179"
                          VPOS="3074"
                          HPOS="889"
                          CONTENT="similitudo"/>
                  <SP HEIGHT="70" WIDTH="13" VPOS="3074" HPOS="1068"/>
                  <String HEIGHT="70"
                          WIDTH="268"
                          VPOS="3074"
                          HPOS="1030"
                          CONTENT="dissimilitudinis:"/>
                  <SP HEIGHT="70" WIDTH="13" VPOS="3074" HPOS="1298"/>
                  <String HEIGHT="70"
                          WIDTH="64"
                          VPOS="3074"
                          HPOS="1247"
                          CONTENT="nec"/>
               </TextLine>
            </TextBlock>
            <TextBlock ID="TextRegion_1597362687659_2179"
                       HEIGHT="2906"
                       WIDTH="976"
                       VPOS="218"
                       HPOS="1327">
               <Shape>
                  <Polygon POINTS="1327,218 2257,218 2274,1256 2303,3124 1327,3124"/>
               </Shape>
               <TextLine ID="r4l4"
                         BASELINE="335"
                         HEIGHT="82"
                         WIDTH="903"
                         VPOS="253"
                         HPOS="1340">
                  <String HEIGHT="82"
                          WIDTH="119"
                          VPOS="253"
                          HPOS="1328"
                          CONTENT="simile"/>
                  <SP HEIGHT="82" WIDTH="12" VPOS="253" HPOS="1447"/>
                  <String HEIGHT="82"
                          WIDTH="131"
                          VPOS="253"
                          HPOS="1411"
                          CONTENT="dicitur"/>
                  <SP HEIGHT="82" WIDTH="12" VPOS="253" HPOS="1542"/>
                  <String HEIGHT="82"
                          WIDTH="154"
                          VPOS="253"
                          HPOS="1506"
                          CONTENT="dissimili"/>
                  <SP HEIGHT="82" WIDTH="12" VPOS="253" HPOS="1661"/>
                  <String HEIGHT="82"
                          WIDTH="131"
                          VPOS="253"
                          HPOS="1625"
                          CONTENT="simile:"/>
                  <SP HEIGHT="82" WIDTH="12" VPOS="253" HPOS="1756"/>
                  <String HEIGHT="82" WIDTH="83" VPOS="253" HPOS="1720" CONTENT="nec"/>
                  <SP HEIGHT="82" WIDTH="12" VPOS="253" HPOS="1803"/>
                  <String HEIGHT="82"
                          WIDTH="154"
                          VPOS="253"
                          HPOS="1768"
                          CONTENT="econverso"/>
                  <SP HEIGHT="82" WIDTH="12" VPOS="253" HPOS="1922"/>
                  <String HEIGHT="82"
                          WIDTH="154"
                          VPOS="253"
                          HPOS="1887"
                          CONTENT="Quecumque"/>
                  <SP HEIGHT="82" WIDTH="12" VPOS="253" HPOS="2041"/>
                  <String HEIGHT="82"
                          WIDTH="107"
                          VPOS="253"
                          HPOS="2005"
                          CONTENT="autem"/>
                  <SP HEIGHT="82" WIDTH="12" VPOS="253" HPOS="2112"/>
                  <String HEIGHT="82"
                          WIDTH="143"
                          VPOS="253"
                          HPOS="2077"
                          CONTENT="opposita"/>
                  <SP HEIGHT="82" WIDTH="12" VPOS="253" HPOS="2219"/>
                  <String HEIGHT="82"
                          WIDTH="71"
                          VPOS="253"
                          HPOS="2172"
                          CONTENT="sunt"/>
               </TextLine>
               <TextLine ID="r4l6"
                         BASELINE="373"
                         HEIGHT="64"
                         WIDTH="916"
                         VPOS="309"
                         HPOS="1337">
                  <String HEIGHT="64"
                          WIDTH="129"
                          VPOS="309"
                          HPOS="1325"
                          CONTENT="tanquam"/>
                  <SP HEIGHT="64" WIDTH="12" VPOS="309" HPOS="1454"/>
                  <String HEIGHT="64" WIDTH="70" VPOS="309" HPOS="1419" CONTENT="ad"/>
                  <SP HEIGHT="64" WIDTH="12" VPOS="309" HPOS="1490"/>
                  <String HEIGHT="64"
                          WIDTH="129"
                          VPOS="309"
                          HPOS="1454"
                          CONTENT="aliquid"/>
                  <SP HEIGHT="64" WIDTH="12" VPOS="309" HPOS="1584"/>
                  <String HEIGHT="64" WIDTH="70" VPOS="309" HPOS="1548" CONTENT="id"/>
                  <SP HEIGHT="64" WIDTH="12" VPOS="309" HPOS="1619"/>
                  <String HEIGHT="64" WIDTH="82" VPOS="309" HPOS="1584" CONTENT="est"/>
                  <SP HEIGHT="64" WIDTH="12" VPOS="309" HPOS="1666"/>
                  <String HEIGHT="64"
                          WIDTH="141"
                          VPOS="309"
                          HPOS="1631"
                          CONTENT="relatiue"/>
                  <SP HEIGHT="64" WIDTH="12" VPOS="309" HPOS="1772"/>
                  <String HEIGHT="64"
                          WIDTH="106"
                          VPOS="309"
                          HPOS="1736"
                          CONTENT="ipsum"/>
                  <SP HEIGHT="64" WIDTH="12" VPOS="309" HPOS="1842"/>
                  <String HEIGHT="64"
                          WIDTH="94"
                          VPOS="309"
                          HPOS="1807"
                          CONTENT="quod"/>
                  <SP HEIGHT="64" WIDTH="12" VPOS="309" HPOS="1901"/>
                  <String HEIGHT="64"
                          WIDTH="94"
                          VPOS="309"
                          HPOS="1865"
                          CONTENT="sunt"/>
                  <SP HEIGHT="64" WIDTH="12" VPOS="309" HPOS="1959"/>
                  <String HEIGHT="64"
                          WIDTH="129"
                          VPOS="309"
                          HPOS="1924"
                          CONTENT="aliorum"/>
                  <SP HEIGHT="64" WIDTH="12" VPOS="309" HPOS="2053"/>
                  <String HEIGHT="64"
                          WIDTH="153"
                          VPOS="309"
                          HPOS="2018"
                          CONTENT="dicuntur:"/>
                  <SP HEIGHT="64" WIDTH="12" VPOS="309" HPOS="2171"/>
                  <String HEIGHT="64" WIDTH="82" VPOS="309" HPOS="2136" CONTENT="aut"/>
                  <SP HEIGHT="64" WIDTH="12" VPOS="309" HPOS="2218"/>
                  <String HEIGHT="64"
                          WIDTH="82"
                          VPOS="309"
                          HPOS="2171"
                          CONTENT="quao"
                          SUBS_TYPE="HypPart1"
                          SUBS_CONTENT="quaocumque"/>
                  <HYP CONTENT="-"/>
               </TextLine>
               <TextLine ID="r4l8"
                         BASELINE="416"
                         HEIGHT="65"
                         WIDTH="917"
                         VPOS="351"
                         HPOS="1339">
                  <String HEIGHT="65"
                          WIDTH="115"
                          VPOS="351"
                          HPOS="1328"
                          CONTENT="cumque"
                          SUBS_TYPE="HypPart2"
                          SUBS_CONTENT="quaocumque"/>
                  <SP HEIGHT="65" WIDTH="11" VPOS="351" HPOS="1442"/>
                  <String HEIGHT="65"
                          WIDTH="92"
                          VPOS="351"
                          HPOS="1408"
                          CONTENT="modo"/>
                  <SP HEIGHT="65" WIDTH="11" VPOS="351" HPOS="1499"/>
                  <String HEIGHT="65"
                          WIDTH="149"
                          VPOS="351"
                          HPOS="1465"
                          CONTENT="adinuicem"/>
                  <SP HEIGHT="65" WIDTH="11" VPOS="351" HPOS="1614"/>
                  <String HEIGHT="65" WIDTH="69" VPOS="351" HPOS="1580" CONTENT="id"/>
                  <SP HEIGHT="65" WIDTH="11" VPOS="351" HPOS="1648"/>
                  <String HEIGHT="65" WIDTH="80" VPOS="351" HPOS="1614" CONTENT="est"/>
                  <SP HEIGHT="65" WIDTH="11" VPOS="351" HPOS="1694"/>
                  <String HEIGHT="65"
                          WIDTH="149"
                          VPOS="351"
                          HPOS="1660"
                          CONTENT="quacumque"/>
                  <SP HEIGHT="65" WIDTH="11" VPOS="351" HPOS="1809"/>
                  <String HEIGHT="65"
                          WIDTH="126"
                          VPOS="351"
                          HPOS="1775"
                          CONTENT="casuali"/>
                  <SP HEIGHT="65" WIDTH="11" VPOS="351" HPOS="1901"/>
                  <String HEIGHT="65"
                          WIDTH="183"
                          VPOS="351"
                          HPOS="1866"
                          CONTENT="habitudinie:"/>
                  <SP HEIGHT="65" WIDTH="11" VPOS="351" HPOS="2050"/>
                  <String HEIGHT="65" WIDTH="69" VPOS="351" HPOS="2015" CONTENT="vt"/>
                  <SP HEIGHT="65" WIDTH="11" VPOS="351" HPOS="2084"/>
                  <String HEIGHT="65"
                          WIDTH="103"
                          VPOS="351"
                          HPOS="2050"
                          CONTENT="dicit"/>
                  <SP HEIGHT="65" WIDTH="11" VPOS="351" HPOS="2153"/>
                  <String HEIGHT="65"
                          WIDTH="149"
                          VPOS="351"
                          HPOS="2107"
                          CONTENT="philosophus"/>
               </TextLine>
               <TextLine ID="r4l10"
                         BASELINE="464"
                         HEIGHT="66"
                         WIDTH="907"
                         VPOS="398"
                         HPOS="1340">
                  <String HEIGHT="66" WIDTH="82" VPOS="398" HPOS="1326" CONTENT="in"/>
                  <SP HEIGHT="66" WIDTH="14" VPOS="398" HPOS="1409"/>
                  <String HEIGHT="66"
                          WIDTH="165"
                          VPOS="398"
                          HPOS="1367"
                          CONTENT="capitulo"/>
                  <SP HEIGHT="66" WIDTH="14" VPOS="398" HPOS="1532"/>
                  <String HEIGHT="66" WIDTH="82" VPOS="398" HPOS="1491" CONTENT="de"/>
                  <SP HEIGHT="66" WIDTH="14" VPOS="398" HPOS="1574"/>
                  <String HEIGHT="66"
                          WIDTH="179"
                          VPOS="398"
                          HPOS="1532"
                          CONTENT="oppositis"/>
                  <SP HEIGHT="66" WIDTH="14" VPOS="398" HPOS="1711"/>
                  <String HEIGHT="66" WIDTH="82" VPOS="398" HPOS="1670" CONTENT="in"/>
                  <SP HEIGHT="66" WIDTH="14" VPOS="398" HPOS="1752"/>
                  <String HEIGHT="66"
                          WIDTH="316"
                          VPOS="398"
                          HPOS="1711"
                          CONTENT="postpraedicamentis."/>
                  <SP HEIGHT="66" WIDTH="14" VPOS="398" HPOS="2027"/>
                  <String HEIGHT="66" WIDTH="69" VPOS="398" HPOS="1986" CONTENT="⁋"/>
                  <SP HEIGHT="66" WIDTH="14" VPOS="398" HPOS="2055"/>
                  <String HEIGHT="66"
                          WIDTH="110"
                          VPOS="398"
                          HPOS="2013"
                          CONTENT="Item"/>
                  <SP HEIGHT="66" WIDTH="14" VPOS="398" HPOS="2123"/>
                  <String HEIGHT="66" WIDTH="96" VPOS="398" HPOS="2082" CONTENT="non"/>
                  <SP HEIGHT="66" WIDTH="14" VPOS="398" HPOS="2178"/>
                  <String HEIGHT="66"
                          WIDTH="110"
                          VPOS="398"
                          HPOS="2137"
                          CONTENT="sunt"/>
                  <SP HEIGHT="66" WIDTH="14" VPOS="398" HPOS="2247"/>
                  <String HEIGHT="66" WIDTH="55" VPOS="398" HPOS="2192" CONTENT="op"/>
               </TextLine>
               <TextLine ID="r4l12"
                         BASELINE="504"
                         HEIGHT="66"
                         WIDTH="899"
                         VPOS="438"
                         HPOS="1352">
                  <String HEIGHT="66"
                          WIDTH="115"
                          VPOS="438"
                          HPOS="1340"
                          CONTENT="posita"/>
                  <SP HEIGHT="66" WIDTH="12" VPOS="438" HPOS="1456"/>
                  <String HEIGHT="66"
                          WIDTH="161"
                          VPOS="438"
                          HPOS="1421"
                          CONTENT="contrarie:"/>
                  <SP HEIGHT="66" WIDTH="12" VPOS="438" HPOS="1583"/>
                  <String HEIGHT="66"
                          WIDTH="92"
                          VPOS="438"
                          HPOS="1548"
                          CONTENT="quia"/>
                  <SP HEIGHT="66" WIDTH="12" VPOS="438" HPOS="1640"/>
                  <String HEIGHT="66"
                          WIDTH="127"
                          VPOS="438"
                          HPOS="1606"
                          CONTENT="aliquid"/>
                  <SP HEIGHT="66" WIDTH="12" VPOS="438" HPOS="1732"/>
                  <String HEIGHT="66"
                          WIDTH="92"
                          VPOS="438"
                          HPOS="1698"
                          CONTENT="idem"/>
                  <SP HEIGHT="66" WIDTH="12" VPOS="438" HPOS="1790"/>
                  <String HEIGHT="66"
                          WIDTH="115"
                          VPOS="438"
                          HPOS="1755"
                          CONTENT="numero"/>
                  <SP HEIGHT="66" WIDTH="12" VPOS="438" HPOS="1871"/>
                  <String HEIGHT="66"
                          WIDTH="115"
                          VPOS="438"
                          HPOS="1836"
                          CONTENT="potest"/>
                  <SP HEIGHT="66" WIDTH="12" VPOS="438" HPOS="1951"/>
                  <String HEIGHT="66"
                          WIDTH="92"
                          VPOS="438"
                          HPOS="1917"
                          CONTENT="esse"/>
                  <SP HEIGHT="66" WIDTH="12" VPOS="438" HPOS="2009"/>
                  <String HEIGHT="66"
                          WIDTH="115"
                          VPOS="438"
                          HPOS="1974"
                          CONTENT="simile"/>
                  <SP HEIGHT="66" WIDTH="12" VPOS="438" HPOS="2090"/>
                  <String HEIGHT="66" WIDTH="69" VPOS="438" HPOS="2055" CONTENT="et"/>
                  <SP HEIGHT="66" WIDTH="12" VPOS="438" HPOS="2124"/>
                  <String HEIGHT="66"
                          WIDTH="150"
                          VPOS="438"
                          HPOS="2090"
                          CONTENT="dissimile"/>
                  <SP HEIGHT="66" WIDTH="12" VPOS="438" HPOS="2239"/>
                  <String HEIGHT="66"
                          WIDTH="58"
                          VPOS="438"
                          HPOS="2193"
                          CONTENT="re"
                          SUBS_TYPE="HypPart1"
                          SUBS_CONTENT="respectu"/>
                  <HYP CONTENT="-"/>
               </TextLine>
               <TextLine ID="r4l14"
                         BASELINE="550"
                         HEIGHT="68"
                         WIDTH="913"
                         VPOS="482"
                         HPOS="1352">
                  <String HEIGHT="68"
                          WIDTH="132"
                          VPOS="482"
                          HPOS="1339"
                          CONTENT="spectu"
                          SUBS_TYPE="HypPart2"
                          SUBS_CONTENT="respectu"/>
                  <SP HEIGHT="68" WIDTH="13" VPOS="482" HPOS="1471"/>
                  <String HEIGHT="68"
                          WIDTH="198"
                          VPOS="482"
                          HPOS="1431"
                          CONTENT="diuersorum:"/>
                  <SP HEIGHT="68" WIDTH="13" VPOS="482" HPOS="1630"/>
                  <String HEIGHT="68"
                          WIDTH="106"
                          VPOS="482"
                          HPOS="1590"
                          CONTENT="quod"/>
                  <SP HEIGHT="68" WIDTH="13" VPOS="482" HPOS="1696"/>
                  <String HEIGHT="68" WIDTH="93" VPOS="482" HPOS="1656" CONTENT="non"/>
                  <SP HEIGHT="68" WIDTH="13" VPOS="482" HPOS="1749"/>
                  <String HEIGHT="68"
                          WIDTH="198"
                          VPOS="482"
                          HPOS="1709"
                          CONTENT="contingeret"/>
                  <SP HEIGHT="68" WIDTH="13" VPOS="482" HPOS="1908"/>
                  <String HEIGHT="68" WIDTH="79" VPOS="482" HPOS="1868" CONTENT="si"/>
                  <SP HEIGHT="68" WIDTH="13" VPOS="482" HPOS="1947"/>
                  <String HEIGHT="68"
                          WIDTH="185"
                          VPOS="482"
                          HPOS="1908"
                          CONTENT="similitudo"/>
                  <SP HEIGHT="68" WIDTH="13" VPOS="482" HPOS="2093"/>
                  <String HEIGHT="68" WIDTH="93" VPOS="482" HPOS="2053" CONTENT="eta"/>
                  <SP HEIGHT="68" WIDTH="13" VPOS="482" HPOS="2146"/>
                  <String HEIGHT="68"
                          WIDTH="172"
                          VPOS="482"
                          HPOS="2093"
                          CONTENT="dissimilitu"/>
               </TextLine>
               <TextLine ID="r4l16"
                         BASELINE="593"
                         HEIGHT="67"
                         WIDTH="902"
                         VPOS="526"
                         HPOS="1348">
                  <String HEIGHT="67" WIDTH="74" VPOS="526" HPOS="1336" CONTENT="do"/>
                  <SP HEIGHT="67" WIDTH="12" VPOS="526" HPOS="1410"/>
                  <String HEIGHT="67"
                          WIDTH="124"
                          VPOS="526"
                          HPOS="1373"
                          CONTENT="essent"/>
                  <SP HEIGHT="67" WIDTH="12" VPOS="526" HPOS="1496"/>
                  <String HEIGHT="67" WIDTH="86" VPOS="526" HPOS="1459" CONTENT="res"/>
                  <SP HEIGHT="67" WIDTH="12" VPOS="526" HPOS="1546"/>
                  <String HEIGHT="67"
                          WIDTH="173"
                          VPOS="526"
                          HPOS="1509"
                          CONTENT="contrarie:"/>
                  <SP HEIGHT="67" WIDTH="12" VPOS="526" HPOS="1682"/>
                  <String HEIGHT="67" WIDTH="86" VPOS="526" HPOS="1645" CONTENT="aut"/>
                  <SP HEIGHT="67" WIDTH="12" VPOS="526" HPOS="1731"/>
                  <String HEIGHT="67"
                          WIDTH="99"
                          VPOS="526"
                          HPOS="1694"
                          CONTENT="isti"/>
                  <SP HEIGHT="67" WIDTH="12" VPOS="526" HPOS="1793"/>
                  <String HEIGHT="67"
                          WIDTH="136"
                          VPOS="526"
                          HPOS="1756"
                          CONTENT="termini"/>
                  <SP HEIGHT="67" WIDTH="12" VPOS="526" HPOS="1892"/>
                  <String HEIGHT="67"
                          WIDTH="124"
                          VPOS="526"
                          HPOS="1855"
                          CONTENT="simile"/>
                  <SP HEIGHT="67" WIDTH="12" VPOS="526" HPOS="1978"/>
                  <String HEIGHT="67" WIDTH="74" VPOS="526" HPOS="1941" CONTENT="et"/>
                  <SP HEIGHT="67" WIDTH="12" VPOS="526" HPOS="2015"/>
                  <String HEIGHT="67"
                          WIDTH="161"
                          VPOS="526"
                          HPOS="1978"
                          CONTENT="dissimile"/>
                  <SP HEIGHT="67" WIDTH="12" VPOS="526" HPOS="2139"/>
                  <String HEIGHT="67"
                          WIDTH="124"
                          VPOS="526"
                          HPOS="2102"
                          CONTENT="forent"/>
                  <SP HEIGHT="67" WIDTH="12" VPOS="526" HPOS="2225"/>
                  <String HEIGHT="67"
                          WIDTH="74"
                          VPOS="526"
                          HPOS="2176"
                          CONTENT="conm"/>
               </TextLine>
               <TextLine ID="r4l18"
                         BASELINE="635"
                         HEIGHT="66"
                         WIDTH="913"
                         VPOS="569"
                         HPOS="1342">
                  <String HEIGHT="66"
                          WIDTH="120"
                          VPOS="569"
                          HPOS="1331"
                          CONTENT="trarii."/>
                  <SP HEIGHT="66" WIDTH="11" VPOS="569" HPOS="1451"/>
                  <String HEIGHT="66"
                          WIDTH="98"
                          VPOS="569"
                          HPOS="1418"
                          CONTENT="sicut"/>
                  <SP HEIGHT="66" WIDTH="11" VPOS="569" HPOS="1516"/>
                  <String HEIGHT="66"
                          WIDTH="98"
                          VPOS="569"
                          HPOS="1483"
                          CONTENT="patet"/>
                  <SP HEIGHT="66" WIDTH="11" VPOS="569" HPOS="1581"/>
                  <String HEIGHT="66" WIDTH="76" VPOS="569" HPOS="1549" CONTENT="per"/>
                  <SP HEIGHT="66" WIDTH="11" VPOS="569" HPOS="1625"/>
                  <String HEIGHT="66"
                          WIDTH="163"
                          VPOS="569"
                          HPOS="1592"
                          CONTENT="philosophum"/>
                  <SP HEIGHT="66" WIDTH="11" VPOS="569" HPOS="1755"/>
                  <String HEIGHT="66" WIDTH="65" VPOS="569" HPOS="1722" CONTENT="in"/>
                  <SP HEIGHT="66" WIDTH="11" VPOS="569" HPOS="1788"/>
                  <String HEIGHT="66"
                          WIDTH="196"
                          VPOS="569"
                          HPOS="1755"
                          CONTENT="praedicamentis"/>
                  <SP HEIGHT="66" WIDTH="11" VPOS="569" HPOS="1951"/>
                  <String HEIGHT="66" WIDTH="65" VPOS="569" HPOS="1918" CONTENT="in"/>
                  <SP HEIGHT="66" WIDTH="11" VPOS="569" HPOS="1983"/>
                  <String HEIGHT="66"
                          WIDTH="130"
                          VPOS="569"
                          HPOS="1951"
                          CONTENT="capitulo"/>
                  <SP HEIGHT="66" WIDTH="11" VPOS="569" HPOS="2081"/>
                  <String HEIGHT="66" WIDTH="65" VPOS="569" HPOS="2048" CONTENT="de"/>
                  <SP HEIGHT="66" WIDTH="11" VPOS="569" HPOS="2114"/>
                  <String HEIGHT="66"
                          WIDTH="163"
                          VPOS="569"
                          HPOS="2081"
                          CONTENT="quantitate."/>
                  <SP HEIGHT="66" WIDTH="11" VPOS="569" HPOS="2244"/>
                  <String HEIGHT="66" WIDTH="54" VPOS="569" HPOS="2201" CONTENT="qui"/>
               </TextLine>
               <TextLine ID="r4l20"
                         BASELINE="680"
                         HEIGHT="66"
                         WIDTH="891"
                         VPOS="614"
                         HPOS="1354">
                  <String HEIGHT="66" WIDTH="81" VPOS="614" HPOS="1342" CONTENT="per"/>
                  <SP HEIGHT="66" WIDTH="12" VPOS="614" HPOS="1423"/>
                  <String HEIGHT="66" WIDTH="81" VPOS="614" HPOS="1389" CONTENT="hoc"/>
                  <SP HEIGHT="66" WIDTH="12" VPOS="614" HPOS="1470"/>
                  <String HEIGHT="66"
                          WIDTH="116"
                          VPOS="614"
                          HPOS="1435"
                          CONTENT="probat"/>
                  <SP HEIGHT="66" WIDTH="12" VPOS="614" HPOS="1551"/>
                  <String HEIGHT="66"
                          WIDTH="93"
                          VPOS="614"
                          HPOS="1516"
                          CONTENT="quod"/>
                  <SP HEIGHT="66" WIDTH="12" VPOS="614" HPOS="1609"/>
                  <String HEIGHT="66"
                          WIDTH="116"
                          VPOS="614"
                          HPOS="1574"
                          CONTENT="magnum"/>
                  <SP HEIGHT="66" WIDTH="12" VPOS="614" HPOS="1690"/>
                  <String HEIGHT="66" WIDTH="69" VPOS="614" HPOS="1655" CONTENT="et"/>
                  <SP HEIGHT="66" WIDTH="12" VPOS="614" HPOS="1724"/>
                  <String HEIGHT="66"
                          WIDTH="116"
                          VPOS="614"
                          HPOS="1690"
                          CONTENT="paruum"/>
                  <SP HEIGHT="66" WIDTH="12" VPOS="614" HPOS="1805"/>
                  <String HEIGHT="66" WIDTH="81" VPOS="614" HPOS="1771" CONTENT="non"/>
                  <SP HEIGHT="66" WIDTH="12" VPOS="614" HPOS="1852"/>
                  <String HEIGHT="66"
                          WIDTH="93"
                          VPOS="614"
                          HPOS="1817"
                          CONTENT="sunt"/>
                  <SP HEIGHT="66" WIDTH="12" VPOS="614" HPOS="1909"/>
                  <String HEIGHT="66"
                          WIDTH="162"
                          VPOS="614"
                          HPOS="1875"
                          CONTENT="contraria."/>
                  <SP HEIGHT="66" WIDTH="12" VPOS="614" HPOS="2037"/>
                  <String HEIGHT="66"
                          WIDTH="93"
                          VPOS="614"
                          HPOS="2002"
                          CONTENT="Unde"/>
                  <SP HEIGHT="66" WIDTH="12" VPOS="614" HPOS="2095"/>
                  <String HEIGHT="66"
                          WIDTH="104"
                          VPOS="614"
                          HPOS="2060"
                          CONTENT="illud"/>
                  <SP HEIGHT="66" WIDTH="12" VPOS="614" HPOS="2164"/>
                  <String HEIGHT="66"
                          WIDTH="127"
                          VPOS="614"
                          HPOS="2118"
                          CONTENT="argumentu"/>
               </TextLine>
               <TextLine ID="r4l22"
                         BASELINE="728"
                         HEIGHT="70"
                         WIDTH="900"
                         VPOS="658"
                         HPOS="1349">
                  <String HEIGHT="70" WIDTH="89" VPOS="658" HPOS="1336" CONTENT="est"/>
                  <SP HEIGHT="70" WIDTH="13" VPOS="658" HPOS="1425"/>
                  <String HEIGHT="70"
                          WIDTH="127"
                          VPOS="658"
                          HPOS="1387"
                          CONTENT="contra"/>
                  <SP HEIGHT="70" WIDTH="13" VPOS="658" HPOS="1514"/>
                  <String HEIGHT="70"
                          WIDTH="177"
                          VPOS="658"
                          HPOS="1476"
                          CONTENT="arguentes:"/>
                  <SP HEIGHT="70" WIDTH="13" VPOS="658" HPOS="1653"/>
                  <String HEIGHT="70"
                          WIDTH="101"
                          VPOS="658"
                          HPOS="1615"
                          CONTENT="quia"/>
                  <SP HEIGHT="70" WIDTH="13" VPOS="658" HPOS="1717"/>
                  <String HEIGHT="70" WIDTH="76" VPOS="658" HPOS="1679" CONTENT="si"/>
                  <SP HEIGHT="70" WIDTH="13" VPOS="658" HPOS="1755"/>
                  <String HEIGHT="70"
                          WIDTH="177"
                          VPOS="658"
                          HPOS="1717"
                          CONTENT="similitudo"/>
                  <SP HEIGHT="70" WIDTH="13" VPOS="658" HPOS="1894"/>
                  <String HEIGHT="70" WIDTH="76" VPOS="658" HPOS="1856" CONTENT="ea"/>
                  <SP HEIGHT="70" WIDTH="13" VPOS="658" HPOS="1932"/>
                  <String HEIGHT="70"
                          WIDTH="215"
                          VPOS="658"
                          HPOS="1894"
                          CONTENT="dissimilitudo"/>
                  <SP HEIGHT="70" WIDTH="13" VPOS="658" HPOS="2110"/>
                  <String HEIGHT="70"
                          WIDTH="101"
                          VPOS="658"
                          HPOS="2072"
                          CONTENT="sint"/>
                  <SP HEIGHT="70" WIDTH="13" VPOS="658" HPOS="2173"/>
                  <String HEIGHT="70" WIDTH="89" VPOS="658" HPOS="2135" CONTENT="res"/>
                  <SP HEIGHT="70" WIDTH="13" VPOS="658" HPOS="2224"/>
                  <String HEIGHT="70"
                          WIDTH="76"
                          VPOS="658"
                          HPOS="2173"
                          CONTENT="abin"/>
               </TextLine>
               <TextLine ID="r4l24"
                         BASELINE="770"
                         HEIGHT="63"
                         WIDTH="910"
                         VPOS="707"
                         HPOS="1355">
                  <String HEIGHT="63"
                          WIDTH="108"
                          VPOS="707"
                          HPOS="1343"
                          CONTENT="uicem"/>
                  <SP HEIGHT="63" WIDTH="12" VPOS="707" HPOS="1451"/>
                  <String HEIGHT="63" WIDTH="72" VPOS="707" HPOS="1415" CONTENT="et"/>
                  <SP HEIGHT="63" WIDTH="12" VPOS="707" HPOS="1487"/>
                  <String HEIGHT="63"
                          WIDTH="168"
                          VPOS="707"
                          HPOS="1451"
                          CONTENT="fundamento"/>
                  <SP HEIGHT="63" WIDTH="12" VPOS="707" HPOS="1618"/>
                  <String HEIGHT="63"
                          WIDTH="156"
                          VPOS="707"
                          HPOS="1583"
                          CONTENT="distincte"/>
                  <SP HEIGHT="63" WIDTH="12" VPOS="707" HPOS="1738"/>
                  <String HEIGHT="63" WIDTH="72" VPOS="707" HPOS="1702" CONTENT="et"/>
                  <SP HEIGHT="63" WIDTH="12" VPOS="707" HPOS="1774"/>
                  <String HEIGHT="63"
                          WIDTH="96"
                          VPOS="707"
                          HPOS="1738"
                          CONTENT="sunt"/>
                  <SP HEIGHT="63" WIDTH="12" VPOS="707" HPOS="1834"/>
                  <String HEIGHT="63"
                          WIDTH="168"
                          VPOS="707"
                          HPOS="1798"
                          CONTENT="contrarie:"/>
                  <SP HEIGHT="63" WIDTH="12" VPOS="707" HPOS="1966"/>
                  <String HEIGHT="63" WIDTH="84" VPOS="707" HPOS="1930" CONTENT="non"/>
                  <SP HEIGHT="63" WIDTH="12" VPOS="707" HPOS="2014"/>
                  <String HEIGHT="63"
                          WIDTH="132"
                          VPOS="707"
                          HPOS="1978"
                          CONTENT="possunt"/>
                  <SP HEIGHT="63" WIDTH="12" VPOS="707" HPOS="2109"/>
                  <String HEIGHT="63"
                          WIDTH="108"
                          VPOS="707"
                          HPOS="2073"
                          CONTENT="eidem"/>
                  <SP HEIGHT="63" WIDTH="12" VPOS="707" HPOS="2181"/>
                  <String HEIGHT="63"
                          WIDTH="108"
                          VPOS="707"
                          HPOS="2145"
                          CONTENT="simul"/>
                  <SP HEIGHT="63" WIDTH="12" VPOS="707" HPOS="2253"/>
                  <String HEIGHT="63"
                          WIDTH="60"
                          VPOS="707"
                          HPOS="2205"
                          CONTENT="in"
                          SUBS_TYPE="HypPart1"
                          SUBS_CONTENT="inesse:"/>
                  <HYP CONTENT="-"/>
               </TextLine>
               <TextLine ID="r4l26"
                         BASELINE="808"
                         HEIGHT="65"
                         WIDTH="900"
                         VPOS="743"
                         HPOS="1361">
                  <String HEIGHT="65"
                          WIDTH="114"
                          VPOS="743"
                          HPOS="1348"
                          CONTENT="esse:"
                          SUBS_TYPE="HypPart2"
                          SUBS_CONTENT="inesse:"/>
                  <SP HEIGHT="65" WIDTH="13" VPOS="743" HPOS="1462"/>
                  <String HEIGHT="65" WIDTH="89" VPOS="743" HPOS="1424" CONTENT="nec"/>
                  <SP HEIGHT="65" WIDTH="13" VPOS="743" HPOS="1513"/>
                  <String HEIGHT="65"
                          WIDTH="101"
                          VPOS="743"
                          HPOS="1475"
                          CONTENT="idem"/>
                  <SP HEIGHT="65" WIDTH="13" VPOS="743" HPOS="1576"/>
                  <String HEIGHT="65"
                          WIDTH="127"
                          VPOS="743"
                          HPOS="1538"
                          CONTENT="posset"/>
                  <SP HEIGHT="65" WIDTH="13" VPOS="743" HPOS="1665"/>
                  <String HEIGHT="65"
                          WIDTH="101"
                          VPOS="743"
                          HPOS="1627"
                          CONTENT="esse"/>
                  <SP HEIGHT="65" WIDTH="13" VPOS="743" HPOS="1729"/>
                  <String HEIGHT="65"
                          WIDTH="127"
                          VPOS="743"
                          HPOS="1691"
                          CONTENT="simile"/>
                  <SP HEIGHT="65" WIDTH="13" VPOS="743" HPOS="1817"/>
                  <String HEIGHT="65" WIDTH="76" VPOS="743" HPOS="1779" CONTENT="et"/>
                  <SP HEIGHT="65" WIDTH="13" VPOS="743" HPOS="1855"/>
                  <String HEIGHT="65"
                          WIDTH="177"
                          VPOS="743"
                          HPOS="1817"
                          CONTENT="dissimile:"/>
                  <SP HEIGHT="65" WIDTH="13" VPOS="743" HPOS="1995"/>
                  <String HEIGHT="65"
                          WIDTH="114"
                          VPOS="743"
                          HPOS="1957"
                          CONTENT="cuius"/>
                  <SP HEIGHT="65" WIDTH="13" VPOS="743" HPOS="2071"/>
                  <String HEIGHT="65"
                          WIDTH="165"
                          VPOS="743"
                          HPOS="2033"
                          CONTENT="oppositum"/>
                  <SP HEIGHT="65" WIDTH="13" VPOS="743" HPOS="2198"/>
                  <String HEIGHT="65"
                          WIDTH="114"
                          VPOS="743"
                          HPOS="2147"
                          CONTENT="dicunt."/>
               </TextLine>
               <TextLine ID="r4l28"
                         BASELINE="857"
                         HEIGHT="69"
                         WIDTH="910"
                         VPOS="788"
                         HPOS="1355">
                  <String HEIGHT="69" WIDTH="60" VPOS="788" HPOS="1343" CONTENT="⁋"/>
                  <SP HEIGHT="69" WIDTH="12" VPOS="788" HPOS="1403"/>
                  <String HEIGHT="69"
                          WIDTH="132"
                          VPOS="788"
                          HPOS="1367"
                          CONTENT="Aduerte"/>
                  <SP HEIGHT="69" WIDTH="12" VPOS="788" HPOS="1499"/>
                  <String HEIGHT="69"
                          WIDTH="108"
                          VPOS="788"
                          HPOS="1463"
                          CONTENT="tamen"/>
                  <SP HEIGHT="69" WIDTH="12" VPOS="788" HPOS="1571"/>
                  <String HEIGHT="69"
                          WIDTH="96"
                          VPOS="788"
                          HPOS="1535"
                          CONTENT="quod"/>
                  <SP HEIGHT="69" WIDTH="12" VPOS="788" HPOS="1630"/>
                  <String HEIGHT="69"
                          WIDTH="144"
                          VPOS="788"
                          HPOS="1594"
                          CONTENT="quaemuis"/>
                  <SP HEIGHT="69" WIDTH="12" VPOS="788" HPOS="1738"/>
                  <String HEIGHT="69"
                          WIDTH="120"
                          VPOS="788"
                          HPOS="1702"
                          CONTENT="dictum"/>
                  <SP HEIGHT="69" WIDTH="12" VPOS="788" HPOS="1822"/>
                  <String HEIGHT="69" WIDTH="84" VPOS="788" HPOS="1786" CONTENT="sit"/>
                  <SP HEIGHT="69" WIDTH="12" VPOS="788" HPOS="1870"/>
                  <String HEIGHT="69"
                          WIDTH="96"
                          VPOS="788"
                          HPOS="1834"
                          CONTENT="quod"/>
                  <SP HEIGHT="69" WIDTH="12" VPOS="788" HPOS="1930"/>
                  <String HEIGHT="69"
                          WIDTH="108"
                          VPOS="788"
                          HPOS="1894"
                          CONTENT="omnia"/>
                  <SP HEIGHT="69" WIDTH="12" VPOS="788" HPOS="2002"/>
                  <String HEIGHT="69"
                          WIDTH="144"
                          VPOS="788"
                          HPOS="1966"
                          CONTENT="opposita"/>
                  <SP HEIGHT="69" WIDTH="12" VPOS="788" HPOS="2109"/>
                  <String HEIGHT="69"
                          WIDTH="144"
                          VPOS="788"
                          HPOS="2073"
                          CONTENT="relatiue"/>
                  <SP HEIGHT="69" WIDTH="12" VPOS="788" HPOS="2217"/>
                  <String HEIGHT="69"
                          WIDTH="96"
                          VPOS="788"
                          HPOS="2169"
                          CONTENT="dican"
                          SUBS_TYPE="HypPart1"
                          SUBS_CONTENT="dicantur"/>
                  <HYP CONTENT="-"/>
               </TextLine>
               <TextLine ID="r4l30"
                         BASELINE="892"
                         HEIGHT="59"
                         WIDTH="929"
                         VPOS="833"
                         HPOS="1342">
                  <String HEIGHT="59"
                          WIDTH="87"
                          VPOS="833"
                          HPOS="1330"
                          CONTENT="tur"
                          SUBS_TYPE="HypPart2"
                          SUBS_CONTENT="dicantur"/>
                  <SP HEIGHT="59" WIDTH="12" VPOS="833" HPOS="1416"/>
                  <String HEIGHT="59"
                          WIDTH="173"
                          VPOS="833"
                          HPOS="1379"
                          CONTENT="adinuicem:"/>
                  <SP HEIGHT="59" WIDTH="12" VPOS="833" HPOS="1553"/>
                  <String HEIGHT="59" WIDTH="87" VPOS="833" HPOS="1515" CONTENT="non"/>
                  <SP HEIGHT="59" WIDTH="12" VPOS="833" HPOS="1602"/>
                  <String HEIGHT="59"
                          WIDTH="111"
                          VPOS="833"
                          HPOS="1565"
                          CONTENT="tamen"/>
                  <SP HEIGHT="59" WIDTH="12" VPOS="833" HPOS="1676"/>
                  <String HEIGHT="59"
                          WIDTH="161"
                          VPOS="833"
                          HPOS="1639"
                          CONTENT="econverso"/>
                  <SP HEIGHT="59" WIDTH="12" VPOS="833" HPOS="1800"/>
                  <String HEIGHT="59"
                          WIDTH="99"
                          VPOS="833"
                          HPOS="1763"
                          CONTENT="onia"/>
                  <SP HEIGHT="59" WIDTH="12" VPOS="833" HPOS="1862"/>
                  <String HEIGHT="59"
                          WIDTH="99"
                          VPOS="833"
                          HPOS="1825"
                          CONTENT="quae"/>
                  <SP HEIGHT="59" WIDTH="12" VPOS="833" HPOS="1924"/>
                  <String HEIGHT="59"
                          WIDTH="149"
                          VPOS="833"
                          HPOS="1887"
                          CONTENT="dicuntur"/>
                  <SP HEIGHT="59" WIDTH="12" VPOS="833" HPOS="2036"/>
                  <String HEIGHT="59"
                          WIDTH="161"
                          VPOS="833"
                          HPOS="1998"
                          CONTENT="adinuicem"/>
                  <SP HEIGHT="59" WIDTH="12" VPOS="833" HPOS="2160"/>
                  <String HEIGHT="59"
                          WIDTH="99"
                          VPOS="833"
                          HPOS="2122"
                          CONTENT="sunt"/>
                  <SP HEIGHT="59" WIDTH="12" VPOS="833" HPOS="2221"/>
                  <String HEIGHT="59"
                          WIDTH="99"
                          VPOS="833"
                          HPOS="2172"
                          CONTENT="opposi"/>
               </TextLine>
               <TextLine ID="r4l32"
                         BASELINE="941"
                         HEIGHT="66"
                         WIDTH="910"
                         VPOS="875"
                         HPOS="1348">
                  <String HEIGHT="66" WIDTH="79" VPOS="875" HPOS="1335" CONTENT="ta"/>
                  <SP HEIGHT="66" WIDTH="13" VPOS="875" HPOS="1414"/>
                  <String HEIGHT="66"
                          WIDTH="171"
                          VPOS="875"
                          HPOS="1374"
                          CONTENT="relatiue:"/>
                  <SP HEIGHT="66" WIDTH="13" VPOS="875" HPOS="1546"/>
                  <String HEIGHT="66" WIDTH="92" VPOS="875" HPOS="1506" CONTENT="sed"/>
                  <SP HEIGHT="66" WIDTH="13" VPOS="875" HPOS="1599"/>
                  <String HEIGHT="66" WIDTH="79" VPOS="875" HPOS="1559" CONTENT="ea"/>
                  <SP HEIGHT="66" WIDTH="13" VPOS="875" HPOS="1638"/>
                  <String HEIGHT="66"
                          WIDTH="132"
                          VPOS="875"
                          HPOS="1599"
                          CONTENT="tantum"/>
                  <SP HEIGHT="66" WIDTH="13" VPOS="875" HPOS="1730"/>
                  <String HEIGHT="66"
                          WIDTH="106"
                          VPOS="875"
                          HPOS="1691"
                          CONTENT="quae"/>
                  <SP HEIGHT="66" WIDTH="13" VPOS="875" HPOS="1796"/>
                  <String HEIGHT="66" WIDTH="79" VPOS="875" HPOS="1757" CONTENT="de"/>
                  <SP HEIGHT="66" WIDTH="13" VPOS="875" HPOS="1836"/>
                  <String HEIGHT="66"
                          WIDTH="119"
                          VPOS="875"
                          HPOS="1796"
                          CONTENT="eodem"/>
                  <SP HEIGHT="66" WIDTH="13" VPOS="875" HPOS="1915"/>
                  <String HEIGHT="66"
                          WIDTH="171"
                          VPOS="875"
                          HPOS="1876"
                          CONTENT="respectum"/>
                  <SP HEIGHT="66" WIDTH="13" VPOS="875" HPOS="2047"/>
                  <String HEIGHT="66"
                          WIDTH="145"
                          VPOS="875"
                          HPOS="2007"
                          CONTENT="eiusdem"/>
                  <SP HEIGHT="66" WIDTH="13" VPOS="875" HPOS="2152"/>
                  <String HEIGHT="66"
                          WIDTH="158"
                          VPOS="875"
                          HPOS="2100"
                          CONTENT="verificari"/>
               </TextLine>
               <TextLine ID="line_1597362677981_2168"
                         BASELINE="981"
                         HEIGHT="64"
                         WIDTH="919"
                         VPOS="917"
                         HPOS="1356">
                  <String HEIGHT="64" WIDTH="88" VPOS="917" HPOS="1343" CONTENT="non"/>
                  <SP HEIGHT="64" WIDTH="13" VPOS="917" HPOS="1432"/>
                  <String HEIGHT="64"
                          WIDTH="151"
                          VPOS="917"
                          HPOS="1394"
                          CONTENT="possunt."/>
                  <SP HEIGHT="64" WIDTH="13" VPOS="917" HPOS="1545"/>
                  <String HEIGHT="64" WIDTH="63" VPOS="917" HPOS="1507" CONTENT="⁋"/>
                  <SP HEIGHT="64" WIDTH="13" VPOS="917" HPOS="1570"/>
                  <String HEIGHT="64" WIDTH="76" VPOS="917" HPOS="1532" CONTENT="Ad"/>
                  <SP HEIGHT="64" WIDTH="13" VPOS="917" HPOS="1608"/>
                  <String HEIGHT="64" WIDTH="76" VPOS="917" HPOS="1570" CONTENT="5m"/>
                  <SP HEIGHT="64" WIDTH="13" VPOS="917" HPOS="1646"/>
                  <String HEIGHT="64"
                          WIDTH="138"
                          VPOS="917"
                          HPOS="1608"
                          CONTENT="concedo"/>
                  <SP HEIGHT="64" WIDTH="13" VPOS="917" HPOS="1746"/>
                  <String HEIGHT="64"
                          WIDTH="101"
                          VPOS="917"
                          HPOS="1708"
                          CONTENT="quod"/>
                  <SP HEIGHT="64" WIDTH="13" VPOS="917" HPOS="1809"/>
                  <String HEIGHT="64" WIDTH="76" VPOS="917" HPOS="1771" CONTENT="in"/>
                  <SP HEIGHT="64" WIDTH="13" VPOS="917" HPOS="1847"/>
                  <String HEIGHT="64"
                          WIDTH="164"
                          VPOS="917"
                          HPOS="1809"
                          CONTENT="quocumque"/>
                  <SP HEIGHT="64" WIDTH="13" VPOS="917" HPOS="1973"/>
                  <String HEIGHT="64" WIDTH="88" VPOS="917" HPOS="1935" CONTENT="est"/>
                  <SP HEIGHT="64" WIDTH="13" VPOS="917" HPOS="2023"/>
                  <String HEIGHT="64"
                          WIDTH="176"
                          VPOS="917"
                          HPOS="1985"
                          CONTENT="perfectius"/>
                  <SP HEIGHT="64" WIDTH="13" VPOS="917" HPOS="2162"/>
                  <String HEIGHT="64"
                          WIDTH="176"
                          VPOS="917"
                          HPOS="2124"
                          CONTENT="absolutum:"/>
                  <SP HEIGHT="64" WIDTH="13" VPOS="917" HPOS="2300"/>
                  <String HEIGHT="64" WIDTH="25" VPOS="917" HPOS="2250" CONTENT=""/>
               </TextLine>
               <TextLine ID="r4l36"
                         BASELINE="1024"
                         HEIGHT="61"
                         WIDTH="903"
                         VPOS="963"
                         HPOS="1358">
                  <String HEIGHT="61" WIDTH="76" VPOS="963" HPOS="1345" CONTENT="in"/>
                  <SP HEIGHT="61" WIDTH="13" VPOS="963" HPOS="1422"/>
                  <String HEIGHT="61"
                          WIDTH="114"
                          VPOS="963"
                          HPOS="1383"
                          CONTENT="eodem"/>
                  <SP HEIGHT="61" WIDTH="13" VPOS="963" HPOS="1498"/>
                  <String HEIGHT="61"
                          WIDTH="140"
                          VPOS="963"
                          HPOS="1460"
                          CONTENT="relatio"/>
                  <SP HEIGHT="61" WIDTH="13" VPOS="963" HPOS="1600"/>
                  <String HEIGHT="61"
                          WIDTH="102"
                          VPOS="963"
                          HPOS="1561"
                          CONTENT="quae"/>
                  <SP HEIGHT="61" WIDTH="13" VPOS="963" HPOS="1663"/>
                  <String HEIGHT="61" WIDTH="89" VPOS="963" HPOS="1625" CONTENT="est"/>
                  <SP HEIGHT="61" WIDTH="13" VPOS="963" HPOS="1714"/>
                  <String HEIGHT="61"
                          WIDTH="114"
                          VPOS="963"
                          HPOS="1676"
                          CONTENT="eadem"/>
                  <SP HEIGHT="61" WIDTH="13" VPOS="963" HPOS="1790"/>
                  <String HEIGHT="61"
                          WIDTH="102"
                          VPOS="963"
                          HPOS="1752"
                          CONTENT="illi"/>
                  <SP HEIGHT="61" WIDTH="13" VPOS="963" HPOS="1854"/>
                  <String HEIGHT="61"
                          WIDTH="153"
                          VPOS="963"
                          HPOS="1816"
                          CONTENT="absoluto"/>
                  <SP HEIGHT="61" WIDTH="13" VPOS="963" HPOS="1968"/>
                  <String HEIGHT="61" WIDTH="89" VPOS="963" HPOS="1930" CONTENT="est"/>
                  <SP HEIGHT="61" WIDTH="13" VPOS="963" HPOS="2019"/>
                  <String HEIGHT="61"
                          WIDTH="191"
                          VPOS="963"
                          HPOS="1981"
                          CONTENT="perfectior:"/>
                  <SP HEIGHT="61" WIDTH="13" VPOS="963" HPOS="2172"/>
                  <String HEIGHT="61" WIDTH="76" VPOS="963" HPOS="2134" CONTENT="et"/>
                  <SP HEIGHT="61" WIDTH="13" VPOS="963" HPOS="2210"/>
                  <String HEIGHT="61"
                          WIDTH="102"
                          VPOS="963"
                          HPOS="2159"
                          CONTENT="cuius"
                          SUBS_TYPE="HypPart1"
                          SUBS_CONTENT="cuiuscumque"/>
                  <HYP CONTENT="-"/>
               </TextLine>
               <TextLine ID="r4l38"
                         BASELINE="1068"
                         HEIGHT="50"
                         WIDTH="903"
                         VPOS="1018"
                         HPOS="1356">
                  <String HEIGHT="50"
                          WIDTH="131"
                          VPOS="1018"
                          HPOS="1343"
                          CONTENT="cumque"
                          SUBS_TYPE="HypPart2"
                          SUBS_CONTENT="cuiuscumque"/>
                  <SP HEIGHT="50" WIDTH="13" VPOS="1018" HPOS="1474"/>
                  <String HEIGHT="50"
                          WIDTH="131"
                          VPOS="1018"
                          HPOS="1435"
                          CONTENT="albedo"/>
                  <SP HEIGHT="50" WIDTH="13" VPOS="1018" HPOS="1565"/>
                  <String HEIGHT="50"
                          WIDTH="92"
                          VPOS="1018"
                          HPOS="1526"
                          CONTENT="est"/>
                  <SP HEIGHT="50" WIDTH="13" VPOS="1018" HPOS="1618"/>
                  <String HEIGHT="50"
                          WIDTH="183"
                          VPOS="1018"
                          HPOS="1578"
                          CONTENT="perfectior"/>
                  <SP HEIGHT="50" WIDTH="13" VPOS="1018" HPOS="1762"/>
                  <String HEIGHT="50"
                          WIDTH="105"
                          VPOS="1018"
                          HPOS="1722"
                          CONTENT="eius"/>
                  <SP HEIGHT="50" WIDTH="13" VPOS="1018" HPOS="1827"/>
                  <String HEIGHT="50"
                          WIDTH="183"
                          VPOS="1018"
                          HPOS="1788"
                          CONTENT="similitudo"/>
                  <SP HEIGHT="50" WIDTH="13" VPOS="1018" HPOS="1971"/>
                  <String HEIGHT="50"
                          WIDTH="105"
                          VPOS="1018"
                          HPOS="1932"
                          CONTENT="quae"/>
                  <SP HEIGHT="50" WIDTH="13" VPOS="1018" HPOS="2037"/>
                  <String HEIGHT="50"
                          WIDTH="92"
                          VPOS="1018"
                          HPOS="1997"
                          CONTENT="est"/>
                  <SP HEIGHT="50" WIDTH="13" VPOS="1018" HPOS="2089"/>
                  <String HEIGHT="50"
                          WIDTH="131"
                          VPOS="1018"
                          HPOS="2050"
                          CONTENT="albedo"/>
                  <SP HEIGHT="50" WIDTH="13" VPOS="1018" HPOS="2180"/>
                  <String HEIGHT="50"
                          WIDTH="92"
                          VPOS="1018"
                          HPOS="2141"
                          CONTENT="est"/>
                  <SP HEIGHT="50" WIDTH="13" VPOS="1018" HPOS="2233"/>
                  <String HEIGHT="50"
                          WIDTH="79"
                          VPOS="1018"
                          HPOS="2180"
                          CONTENT="per"
                          SUBS_TYPE="HypPart1"
                          SUBS_CONTENT="perfectior:"/>
                  <HYP CONTENT="-"/>
               </TextLine>
               <TextLine ID="r4l40"
                         BASELINE="1111"
                         HEIGHT="59"
                         WIDTH="918"
                         VPOS="1052"
                         HPOS="1348">
                  <String HEIGHT="59"
                          WIDTH="164"
                          VPOS="1052"
                          HPOS="1334"
                          CONTENT="fectior:"
                          SUBS_TYPE="HypPart2"
                          SUBS_CONTENT="perfectior:"/>
                  <SP HEIGHT="59" WIDTH="14" VPOS="1052" HPOS="1499"/>
                  <String HEIGHT="59"
                          WIDTH="96"
                          VPOS="1052"
                          HPOS="1458"
                          CONTENT="nec"/>
                  <SP HEIGHT="59" WIDTH="14" VPOS="1052" HPOS="1554"/>
                  <String HEIGHT="59"
                          WIDTH="123"
                          VPOS="1052"
                          HPOS="1512"
                          CONTENT="tamen"/>
                  <SP HEIGHT="59" WIDTH="14" VPOS="1052" HPOS="1636"/>
                  <String HEIGHT="59"
                          WIDTH="164"
                          VPOS="1052"
                          HPOS="1595"
                          CONTENT="sequitur"/>
                  <SP HEIGHT="59" WIDTH="14" VPOS="1052" HPOS="1759"/>
                  <String HEIGHT="59"
                          WIDTH="110"
                          VPOS="1052"
                          HPOS="1718"
                          CONTENT="quod"/>
                  <SP HEIGHT="59" WIDTH="14" VPOS="1052" HPOS="1828"/>
                  <String HEIGHT="59"
                          WIDTH="110"
                          VPOS="1052"
                          HPOS="1786"
                          CONTENT="omne"/>
                  <SP HEIGHT="59" WIDTH="14" VPOS="1052" HPOS="1896"/>
                  <String HEIGHT="59"
                          WIDTH="110"
                          VPOS="1052"
                          HPOS="1855"
                          CONTENT="quod"/>
                  <SP HEIGHT="59" WIDTH="14" VPOS="1052" HPOS="1965"/>
                  <String HEIGHT="59"
                          WIDTH="96"
                          VPOS="1052"
                          HPOS="1923"
                          CONTENT="est"/>
                  <SP HEIGHT="59" WIDTH="14" VPOS="1052" HPOS="2019"/>
                  <String HEIGHT="59"
                          WIDTH="137"
                          VPOS="1052"
                          HPOS="1978"
                          CONTENT="albius"/>
                  <SP HEIGHT="59" WIDTH="14" VPOS="1052" HPOS="2115"/>
                  <String HEIGHT="59"
                          WIDTH="96"
                          VPOS="1052"
                          HPOS="2074"
                          CONTENT="est"/>
                  <SP HEIGHT="59" WIDTH="14" VPOS="1052" HPOS="2170"/>
                  <String HEIGHT="59"
                          WIDTH="151"
                          VPOS="1052"
                          HPOS="2115"
                          CONTENT="similius."/>
               </TextLine>
               <TextLine ID="r4l42"
                         BASELINE="1156"
                         HEIGHT="62"
                         WIDTH="927"
                         VPOS="1094"
                         HPOS="1347">
                  <String HEIGHT="62"
                          WIDTH="81"
                          VPOS="1094"
                          HPOS="1335"
                          CONTENT="nec"/>
                  <SP HEIGHT="62" WIDTH="12" VPOS="1094" HPOS="1417"/>
                  <String HEIGHT="62"
                          WIDTH="104"
                          VPOS="1094"
                          HPOS="1382"
                          CONTENT="sicut"/>
                  <SP HEIGHT="62" WIDTH="12" VPOS="1094" HPOS="1486"/>
                  <String HEIGHT="62"
                          WIDTH="139"
                          VPOS="1094"
                          HPOS="1451"
                          CONTENT="sequitur"/>
                  <SP HEIGHT="62" WIDTH="12" VPOS="1094" HPOS="1590"/>
                  <String HEIGHT="62"
                          WIDTH="116"
                          VPOS="1094"
                          HPOS="1556"
                          CONTENT="albedo"/>
                  <SP HEIGHT="62" WIDTH="12" VPOS="1094" HPOS="1671"/>
                  <String HEIGHT="62"
                          WIDTH="116"
                          VPOS="1094"
                          HPOS="1637"
                          CONTENT="sortes"/>
                  <SP HEIGHT="62" WIDTH="12" VPOS="1094" HPOS="1753"/>
                  <String HEIGHT="62"
                          WIDTH="81"
                          VPOS="1094"
                          HPOS="1718"
                          CONTENT="est"/>
                  <SP HEIGHT="62" WIDTH="12" VPOS="1094" HPOS="1799"/>
                  <String HEIGHT="62"
                          WIDTH="174"
                          VPOS="1094"
                          HPOS="1764"
                          CONTENT="perfectior."/>
                  <SP HEIGHT="62" WIDTH="12" VPOS="1094" HPOS="1938"/>
                  <String HEIGHT="62"
                          WIDTH="93"
                          VPOS="1094"
                          HPOS="1903"
                          CONTENT="ergo"/>
                  <SP HEIGHT="62" WIDTH="12" VPOS="1094" HPOS="1996"/>
                  <String HEIGHT="62"
                          WIDTH="116"
                          VPOS="1094"
                          HPOS="1961"
                          CONTENT="sortes"/>
                  <SP HEIGHT="62" WIDTH="12" VPOS="1094" HPOS="2077"/>
                  <String HEIGHT="62"
                          WIDTH="81"
                          VPOS="1094"
                          HPOS="2042"
                          CONTENT="est"/>
                  <SP HEIGHT="62" WIDTH="12" VPOS="1094" HPOS="2123"/>
                  <String HEIGHT="62"
                          WIDTH="127"
                          VPOS="1094"
                          HPOS="2089"
                          CONTENT="albior:"/>
                  <SP HEIGHT="62" WIDTH="12" VPOS="1094" HPOS="2216"/>
                  <String HEIGHT="62"
                          WIDTH="81"
                          VPOS="1094"
                          HPOS="2181"
                          CONTENT="sic"/>
                  <SP HEIGHT="62" WIDTH="12" VPOS="1094" HPOS="2262"/>
                  <String HEIGHT="62"
                          WIDTH="58"
                          VPOS="1094"
                          HPOS="2216"
                          CONTENT="se"
                          SUBS_TYPE="HypPart1"
                          SUBS_CONTENT="sequitur"/>
                  <HYP CONTENT="-"/>
               </TextLine>
               <TextLine ID="r4l44"
                         BASELINE="1208"
                         HEIGHT="73"
                         WIDTH="919"
                         VPOS="1135"
                         HPOS="1355">
                  <String HEIGHT="73"
                          WIDTH="128"
                          VPOS="1135"
                          HPOS="1342"
                          CONTENT="quitur"
                          SUBS_TYPE="HypPart2"
                          SUBS_CONTENT="sequitur"/>
                  <SP HEIGHT="73" WIDTH="13" VPOS="1135" HPOS="1470"/>
                  <String HEIGHT="73"
                          WIDTH="179"
                          VPOS="1135"
                          HPOS="1432"
                          CONTENT="similitudo"/>
                  <SP HEIGHT="73" WIDTH="13" VPOS="1135" HPOS="1610"/>
                  <String HEIGHT="73"
                          WIDTH="89"
                          VPOS="1135"
                          HPOS="1572"
                          CONTENT="so."/>
                  <SP HEIGHT="73" WIDTH="13" VPOS="1135" HPOS="1661"/>
                  <String HEIGHT="73"
                          WIDTH="89"
                          VPOS="1135"
                          HPOS="1623"
                          CONTENT="est"/>
                  <SP HEIGHT="73" WIDTH="13" VPOS="1135" HPOS="1712"/>
                  <String HEIGHT="73"
                          WIDTH="191"
                          VPOS="1135"
                          HPOS="1674"
                          CONTENT="perfectior."/>
                  <SP HEIGHT="73" WIDTH="13" VPOS="1135" HPOS="1866"/>
                  <String HEIGHT="73"
                          WIDTH="102"
                          VPOS="1135"
                          HPOS="1827"
                          CONTENT="ergo"/>
                  <SP HEIGHT="73" WIDTH="13" VPOS="1135" HPOS="1929"/>
                  <String HEIGHT="73"
                          WIDTH="153"
                          VPOS="1135"
                          HPOS="1891"
                          CONTENT="socrates"/>
                  <SP HEIGHT="73" WIDTH="13" VPOS="1135" HPOS="2044"/>
                  <String HEIGHT="73"
                          WIDTH="89"
                          VPOS="1135"
                          HPOS="2006"
                          CONTENT="est"/>
                  <SP HEIGHT="73" WIDTH="13" VPOS="1135" HPOS="2095"/>
                  <String HEIGHT="73"
                          WIDTH="166"
                          VPOS="1135"
                          HPOS="2057"
                          CONTENT="similior."/>
                  <SP HEIGHT="73" WIDTH="13" VPOS="1135" HPOS="2223"/>
                  <String HEIGHT="73" WIDTH="77" VPOS="1135" HPOS="2185" CONTENT="Et"/>
                  <SP HEIGHT="73" WIDTH="13" VPOS="1135" HPOS="2261"/>
                  <String HEIGHT="73"
                          WIDTH="64"
                          VPOS="1135"
                          HPOS="2210"
                          CONTENT="est"/>
               </TextLine>
               <TextLine ID="r4l46"
                         BASELINE="1243"
                         HEIGHT="59"
                         WIDTH="920"
                         VPOS="1184"
                         HPOS="1356">
                  <String HEIGHT="59"
                          WIDTH="100"
                          VPOS="1184"
                          HPOS="1345"
                          CONTENT="ratio"/>
                  <SP HEIGHT="59" WIDTH="11" VPOS="1184" HPOS="1445"/>
                  <String HEIGHT="59"
                          WIDTH="122"
                          VPOS="1184"
                          HPOS="1411"
                          CONTENT="quoniam"/>
                  <SP HEIGHT="59" WIDTH="11" VPOS="1184" HPOS="1533"/>
                  <String HEIGHT="59"
                          WIDTH="100"
                          VPOS="1184"
                          HPOS="1500"
                          CONTENT="sicut"/>
                  <SP HEIGHT="59" WIDTH="11" VPOS="1184" HPOS="1600"/>
                  <String HEIGHT="59" WIDTH="67" VPOS="1184" HPOS="1567" CONTENT="ad"/>
                  <SP HEIGHT="59" WIDTH="11" VPOS="1184" HPOS="1633"/>
                  <String HEIGHT="59"
                          WIDTH="78"
                          VPOS="1184"
                          HPOS="1600"
                          CONTENT="hoc"/>
                  <SP HEIGHT="59" WIDTH="11" VPOS="1184" HPOS="1677"/>
                  <String HEIGHT="59"
                          WIDTH="89"
                          VPOS="1184"
                          HPOS="1644"
                          CONTENT="quod"/>
                  <SP HEIGHT="59" WIDTH="11" VPOS="1184" HPOS="1733"/>
                  <String HEIGHT="59"
                          WIDTH="111"
                          VPOS="1184"
                          HPOS="1700"
                          CONTENT="albedo"/>
                  <SP HEIGHT="59" WIDTH="11" VPOS="1184" HPOS="1810"/>
                  <String HEIGHT="59"
                          WIDTH="78"
                          VPOS="1184"
                          HPOS="1777"
                          CONTENT="sit"/>
                  <SP HEIGHT="59" WIDTH="11" VPOS="1184" HPOS="1855"/>
                  <String HEIGHT="59"
                          WIDTH="155"
                          VPOS="1184"
                          HPOS="1822"
                          CONTENT="similitudo"/>
                  <SP HEIGHT="59" WIDTH="11" VPOS="1184" HPOS="1977"/>
                  <String HEIGHT="59"
                          WIDTH="155"
                          VPOS="1184"
                          HPOS="1943"
                          CONTENT="requiritur"/>
                  <SP HEIGHT="59" WIDTH="11" VPOS="1184" HPOS="2099"/>
                  <String HEIGHT="59"
                          WIDTH="122"
                          VPOS="1184"
                          HPOS="2065"
                          CONTENT="quaedam"/>
                  <SP HEIGHT="59" WIDTH="11" VPOS="1184" HPOS="2187"/>
                  <String HEIGHT="59"
                          WIDTH="89"
                          VPOS="1184"
                          HPOS="2154"
                          CONTENT="alia"/>
                  <SP HEIGHT="59" WIDTH="11" VPOS="1184" HPOS="2243"/>
                  <String HEIGHT="59"
                          WIDTH="78"
                          VPOS="1184"
                          HPOS="2198"
                          CONTENT="quali"/>
               </TextLine>
               <TextLine ID="r4l48"
                         BASELINE="1287"
                         HEIGHT="64"
                         WIDTH="916"
                         VPOS="1223"
                         HPOS="1349">
                  <String HEIGHT="64"
                          WIDTH="79"
                          VPOS="1223"
                          HPOS="1338"
                          CONTENT="tas"/>
                  <SP HEIGHT="64" WIDTH="11" VPOS="1223" HPOS="1417"/>
                  <String HEIGHT="64"
                          WIDTH="124"
                          VPOS="1223"
                          HPOS="1383"
                          CONTENT="eiusdem"/>
                  <SP HEIGHT="64" WIDTH="11" VPOS="1223" HPOS="1507"/>
                  <String HEIGHT="64"
                          WIDTH="113"
                          VPOS="1223"
                          HPOS="1473"
                          CONTENT="specie"/>
                  <SP HEIGHT="64" WIDTH="11" VPOS="1223" HPOS="1586"/>
                  <String HEIGHT="64" WIDTH="68" VPOS="1223" HPOS="1553" CONTENT="id"/>
                  <SP HEIGHT="64" WIDTH="11" VPOS="1223" HPOS="1620"/>
                  <String HEIGHT="64"
                          WIDTH="79"
                          VPOS="1223"
                          HPOS="1586"
                          CONTENT="est"/>
                  <SP HEIGHT="64" WIDTH="11" VPOS="1223" HPOS="1666"/>
                  <String HEIGHT="64"
                          WIDTH="90"
                          VPOS="1223"
                          HPOS="1632"
                          CONTENT="alia"/>
                  <SP HEIGHT="64" WIDTH="11" VPOS="1223" HPOS="1722"/>
                  <String HEIGHT="64"
                          WIDTH="124"
                          VPOS="1223"
                          HPOS="1688"
                          CONTENT="albedo:"/>
                  <SP HEIGHT="64" WIDTH="11" VPOS="1223" HPOS="1813"/>
                  <String HEIGHT="64"
                          WIDTH="90"
                          VPOS="1223"
                          HPOS="1779"
                          CONTENT="quae"/>
                  <SP HEIGHT="64" WIDTH="11" VPOS="1223" HPOS="1869"/>
                  <String HEIGHT="64"
                          WIDTH="102"
                          VPOS="1223"
                          HPOS="1835"
                          CONTENT="tamen"/>
                  <SP HEIGHT="64" WIDTH="11" VPOS="1223" HPOS="1937"/>
                  <String HEIGHT="64"
                          WIDTH="79"
                          VPOS="1223"
                          HPOS="1903"
                          CONTENT="non"/>
                  <SP HEIGHT="64" WIDTH="11" VPOS="1223" HPOS="1982"/>
                  <String HEIGHT="64"
                          WIDTH="158"
                          VPOS="1223"
                          HPOS="1948"
                          CONTENT="requiritur"/>
                  <SP HEIGHT="64" WIDTH="11" VPOS="1223" HPOS="2107"/>
                  <String HEIGHT="64" WIDTH="68" VPOS="1223" HPOS="2073" CONTENT="ad"/>
                  <SP HEIGHT="64" WIDTH="11" VPOS="1223" HPOS="2141"/>
                  <String HEIGHT="64"
                          WIDTH="79"
                          VPOS="1223"
                          HPOS="2107"
                          CONTENT="hoc"/>
                  <SP HEIGHT="64" WIDTH="11" VPOS="1223" HPOS="2186"/>
                  <String HEIGHT="64"
                          WIDTH="90"
                          VPOS="1223"
                          HPOS="2152"
                          CONTENT="quod"/>
                  <SP HEIGHT="64" WIDTH="11" VPOS="1223" HPOS="2242"/>
                  <String HEIGHT="64"
                          WIDTH="68"
                          VPOS="1223"
                          HPOS="2197"
                          CONTENT="ipsa"/>
               </TextLine>
               <TextLine ID="r4l50"
                         BASELINE="1334"
                         HEIGHT="65"
                         WIDTH="919"
                         VPOS="1269"
                         HPOS="1352">
                  <String HEIGHT="65"
                          WIDTH="88"
                          VPOS="1269"
                          HPOS="1339"
                          CONTENT="sit"/>
                  <SP HEIGHT="65" WIDTH="13" VPOS="1269" HPOS="1428"/>
                  <String HEIGHT="65"
                          WIDTH="138"
                          VPOS="1269"
                          HPOS="1390"
                          CONTENT="albedo:"/>
                  <SP HEIGHT="65" WIDTH="13" VPOS="1269" HPOS="1528"/>
                  <String HEIGHT="65" WIDTH="76" VPOS="1269" HPOS="1490" CONTENT="et"/>
                  <SP HEIGHT="65" WIDTH="13" VPOS="1269" HPOS="1566"/>
                  <String HEIGHT="65"
                          WIDTH="164"
                          VPOS="1269"
                          HPOS="1528"
                          CONTENT="similiter"/>
                  <SP HEIGHT="65" WIDTH="13" VPOS="1269" HPOS="1692"/>
                  <String HEIGHT="65" WIDTH="76" VPOS="1269" HPOS="1654" CONTENT="ad"/>
                  <SP HEIGHT="65" WIDTH="13" VPOS="1269" HPOS="1730"/>
                  <String HEIGHT="65"
                          WIDTH="88"
                          VPOS="1269"
                          HPOS="1692"
                          CONTENT="hoc"/>
                  <SP HEIGHT="65" WIDTH="13" VPOS="1269" HPOS="1780"/>
                  <String HEIGHT="65"
                          WIDTH="101"
                          VPOS="1269"
                          HPOS="1742"
                          CONTENT="quod"/>
                  <SP HEIGHT="65" WIDTH="13" VPOS="1269" HPOS="1843"/>
                  <String HEIGHT="65"
                          WIDTH="113"
                          VPOS="1269"
                          HPOS="1805"
                          CONTENT="album"/>
                  <SP HEIGHT="65" WIDTH="13" VPOS="1269" HPOS="1919"/>
                  <String HEIGHT="65"
                          WIDTH="88"
                          VPOS="1269"
                          HPOS="1881"
                          CONTENT="sit"/>
                  <SP HEIGHT="65" WIDTH="13" VPOS="1269" HPOS="1969"/>
                  <String HEIGHT="65"
                          WIDTH="126"
                          VPOS="1269"
                          HPOS="1931"
                          CONTENT="simile"/>
                  <SP HEIGHT="65" WIDTH="13" VPOS="1269" HPOS="2057"/>
                  <String HEIGHT="65"
                          WIDTH="176"
                          VPOS="1269"
                          HPOS="2019"
                          CONTENT="requiritur"/>
                  <SP HEIGHT="65" WIDTH="13" VPOS="1269" HPOS="2195"/>
                  <String HEIGHT="65"
                          WIDTH="113"
                          VPOS="1269"
                          HPOS="2158"
                          CONTENT="aliud"/>
                  <SP HEIGHT="65" WIDTH="13" VPOS="1269" HPOS="2271"/>
                  <String HEIGHT="65" WIDTH="50" VPOS="1269" HPOS="2221" CONTENT="co"/>
               </TextLine>
               <TextLine ID="r4l52"
                         BASELINE="1379"
                         HEIGHT="68"
                         WIDTH="911"
                         VPOS="1311"
                         HPOS="1365">
                  <String HEIGHT="68"
                          WIDTH="123"
                          VPOS="1311"
                          HPOS="1353"
                          CONTENT="album:"/>
                  <SP HEIGHT="68" WIDTH="12" VPOS="1311" HPOS="1476"/>
                  <String HEIGHT="68"
                          WIDTH="98"
                          VPOS="1311"
                          HPOS="1439"
                          CONTENT="quod"/>
                  <SP HEIGHT="68" WIDTH="12" VPOS="1311" HPOS="1537"/>
                  <String HEIGHT="68"
                          WIDTH="111"
                          VPOS="1311"
                          HPOS="1500"
                          CONTENT="tamen"/>
                  <SP HEIGHT="68" WIDTH="12" VPOS="1311" HPOS="1611"/>
                  <String HEIGHT="68"
                          WIDTH="86"
                          VPOS="1311"
                          HPOS="1574"
                          CONTENT="non"/>
                  <SP HEIGHT="68" WIDTH="12" VPOS="1311" HPOS="1660"/>
                  <String HEIGHT="68"
                          WIDTH="172"
                          VPOS="1311"
                          HPOS="1624"
                          CONTENT="requiritur"/>
                  <SP HEIGHT="68" WIDTH="12" VPOS="1311" HPOS="1796"/>
                  <String HEIGHT="68" WIDTH="74" VPOS="1311" HPOS="1759" CONTENT="ad"/>
                  <SP HEIGHT="68" WIDTH="12" VPOS="1311" HPOS="1833"/>
                  <String HEIGHT="68"
                          WIDTH="86"
                          VPOS="1311"
                          HPOS="1796"
                          CONTENT="hoc"/>
                  <SP HEIGHT="68" WIDTH="12" VPOS="1311" HPOS="1882"/>
                  <String HEIGHT="68"
                          WIDTH="98"
                          VPOS="1311"
                          HPOS="1845"
                          CONTENT="quod"/>
                  <SP HEIGHT="68" WIDTH="12" VPOS="1311" HPOS="1944"/>
                  <String HEIGHT="68"
                          WIDTH="111"
                          VPOS="1311"
                          HPOS="1907"
                          CONTENT="ipsum"/>
                  <SP HEIGHT="68" WIDTH="12" VPOS="1311" HPOS="2017"/>
                  <String HEIGHT="68"
                          WIDTH="86"
                          VPOS="1311"
                          HPOS="1981"
                          CONTENT="sit"/>
                  <SP HEIGHT="68" WIDTH="12" VPOS="1311" HPOS="2067"/>
                  <String HEIGHT="68"
                          WIDTH="123"
                          VPOS="1311"
                          HPOS="2030"
                          CONTENT="album:"/>
                  <SP HEIGHT="68" WIDTH="12" VPOS="1311" HPOS="2153"/>
                  <String HEIGHT="68"
                          WIDTH="111"
                          VPOS="1311"
                          HPOS="2116"
                          CONTENT="sicut"/>
                  <SP HEIGHT="68" WIDTH="12" VPOS="1311" HPOS="2227"/>
                  <String HEIGHT="68" WIDTH="74" VPOS="1311" HPOS="2190" CONTENT="ad"/>
                  <SP HEIGHT="68" WIDTH="12" VPOS="1311" HPOS="2264"/>
                  <String HEIGHT="68"
                          WIDTH="62"
                          VPOS="1311"
                          HPOS="2214"
                          CONTENT="hoc"/>
               </TextLine>
               <TextLine ID="r4l54"
                         BASELINE="1421"
                         HEIGHT="68"
                         WIDTH="911"
                         VPOS="1353"
                         HPOS="1365">
                  <String HEIGHT="68"
                          WIDTH="92"
                          VPOS="1353"
                          HPOS="1353"
                          CONTENT="quod"/>
                  <SP HEIGHT="68" WIDTH="12" VPOS="1353" HPOS="1446"/>
                  <String HEIGHT="68"
                          WIDTH="104"
                          VPOS="1353"
                          HPOS="1411"
                          CONTENT="ipsum"/>
                  <SP HEIGHT="68" WIDTH="12" VPOS="1353" HPOS="1515"/>
                  <String HEIGHT="68"
                          WIDTH="81"
                          VPOS="1353"
                          HPOS="1480"
                          CONTENT="sit"/>
                  <SP HEIGHT="68" WIDTH="12" VPOS="1353" HPOS="1561"/>
                  <String HEIGHT="68"
                          WIDTH="138"
                          VPOS="1353"
                          HPOS="1526"
                          CONTENT="similius"/>
                  <SP HEIGHT="68" WIDTH="12" VPOS="1353" HPOS="1665"/>
                  <String HEIGHT="68"
                          WIDTH="81"
                          VPOS="1353"
                          HPOS="1630"
                          CONTENT="non"/>
                  <SP HEIGHT="68" WIDTH="12" VPOS="1353" HPOS="1711"/>
                  <String HEIGHT="68"
                          WIDTH="138"
                          VPOS="1353"
                          HPOS="1676"
                          CONTENT="sufficit"/>
                  <SP HEIGHT="68" WIDTH="12" VPOS="1353" HPOS="1815"/>
                  <String HEIGHT="68"
                          WIDTH="92"
                          VPOS="1353"
                          HPOS="1780"
                          CONTENT="quod"/>
                  <SP HEIGHT="68" WIDTH="12" VPOS="1353" HPOS="1872"/>
                  <String HEIGHT="68"
                          WIDTH="104"
                          VPOS="1353"
                          HPOS="1838"
                          CONTENT="ipsum"/>
                  <SP HEIGHT="68" WIDTH="12" VPOS="1353" HPOS="1942"/>
                  <String HEIGHT="68"
                          WIDTH="81"
                          VPOS="1353"
                          HPOS="1907"
                          CONTENT="sit"/>
                  <SP HEIGHT="68" WIDTH="12" VPOS="1353" HPOS="1988"/>
                  <String HEIGHT="68"
                          WIDTH="127"
                          VPOS="1353"
                          HPOS="1953"
                          CONTENT="albius:"/>
                  <SP HEIGHT="68" WIDTH="12" VPOS="1353" HPOS="2080"/>
                  <String HEIGHT="68"
                          WIDTH="81"
                          VPOS="1353"
                          HPOS="2045"
                          CONTENT="sed"/>
                  <SP HEIGHT="68" WIDTH="12" VPOS="1353" HPOS="2126"/>
                  <String HEIGHT="68"
                          WIDTH="161"
                          VPOS="1353"
                          HPOS="2091"
                          CONTENT="requiritur"/>
                  <SP HEIGHT="68" WIDTH="12" VPOS="1353" HPOS="2253"/>
                  <String HEIGHT="68"
                          WIDTH="69"
                          VPOS="1353"
                          HPOS="2207"
                          CONTENT="quod"/>
               </TextLine>
               <TextLine ID="r4l56"
                         BASELINE="1458"
                         HEIGHT="59"
                         WIDTH="899"
                         VPOS="1399"
                         HPOS="1365">
                  <String HEIGHT="59"
                          WIDTH="131"
                          VPOS="1399"
                          HPOS="1349"
                          CONTENT="eius"/>
                  <SP HEIGHT="59" WIDTH="16" VPOS="1399" HPOS="1479"/>
                  <String HEIGHT="59"
                          WIDTH="163"
                          VPOS="1399"
                          HPOS="1430"
                          CONTENT="albedo"/>
                  <SP HEIGHT="59" WIDTH="16" VPOS="1399" HPOS="1594"/>
                  <String HEIGHT="59"
                          WIDTH="147"
                          VPOS="1399"
                          HPOS="1545"
                          CONTENT="minus"/>
                  <SP HEIGHT="59" WIDTH="16" VPOS="1399" HPOS="1692"/>
                  <String HEIGHT="59"
                          WIDTH="180"
                          VPOS="1399"
                          HPOS="1643"
                          CONTENT="excedat"/>
                  <SP HEIGHT="59" WIDTH="16" VPOS="1399" HPOS="1823"/>
                  <String HEIGHT="59"
                          WIDTH="114"
                          VPOS="1399"
                          HPOS="1774"
                          CONTENT="vel"/>
                  <SP HEIGHT="59" WIDTH="16" VPOS="1399" HPOS="1888"/>
                  <String HEIGHT="59"
                          WIDTH="212"
                          VPOS="1399"
                          HPOS="1839"
                          CONTENT="excedatur"/>
                  <SP HEIGHT="59" WIDTH="16" VPOS="1399" HPOS="2052"/>
                  <String HEIGHT="59" WIDTH="98" VPOS="1399" HPOS="2002" CONTENT="ab"/>
                  <SP HEIGHT="59" WIDTH="16" VPOS="1399" HPOS="2101"/>
                  <String HEIGHT="59"
                          WIDTH="196"
                          VPOS="1399"
                          HPOS="2052"
                          CONTENT="albedine"/>
                  <SP HEIGHT="59" WIDTH="16" VPOS="1399" HPOS="2248"/>
                  <String HEIGHT="59"
                          WIDTH="82"
                          VPOS="1399"
                          HPOS="2182"
                          CONTENT="al"
                          SUBS_TYPE="HypPart1"
                          SUBS_CONTENT="alterius:"/>
                  <HYP CONTENT="-"/>
               </TextLine>
               <TextLine ID="r4l58"
                         BASELINE="1502"
                         HEIGHT="61"
                         WIDTH="912"
                         VPOS="1441"
                         HPOS="1367">
                  <String HEIGHT="61"
                          WIDTH="150"
                          VPOS="1441"
                          HPOS="1353"
                          CONTENT="terius:"
                          SUBS_TYPE="HypPart2"
                          SUBS_CONTENT="alterius:"/>
                  <SP HEIGHT="61" WIDTH="14" VPOS="1441" HPOS="1503"/>
                  <String HEIGHT="61" WIDTH="82" VPOS="1441" HPOS="1462" CONTENT="et"/>
                  <SP HEIGHT="61" WIDTH="14" VPOS="1441" HPOS="1544"/>
                  <String HEIGHT="61"
                          WIDTH="109"
                          VPOS="1441"
                          HPOS="1503"
                          CONTENT="quia"/>
                  <SP HEIGHT="61" WIDTH="14" VPOS="1441" HPOS="1612"/>
                  <String HEIGHT="61"
                          WIDTH="150"
                          VPOS="1441"
                          HPOS="1571"
                          CONTENT="aliquid"/>
                  <SP HEIGHT="61" WIDTH="14" VPOS="1441" HPOS="1721"/>
                  <String HEIGHT="61"
                          WIDTH="136"
                          VPOS="1441"
                          HPOS="1680"
                          CONTENT="potest"/>
                  <SP HEIGHT="61" WIDTH="14" VPOS="1441" HPOS="1816"/>
                  <String HEIGHT="61"
                          WIDTH="109"
                          VPOS="1441"
                          HPOS="1775"
                          CONTENT="esse"/>
                  <SP HEIGHT="61" WIDTH="14" VPOS="1441" HPOS="1884"/>
                  <String HEIGHT="61"
                          WIDTH="136"
                          VPOS="1441"
                          HPOS="1843"
                          CONTENT="albius"/>
                  <SP HEIGHT="61" WIDTH="14" VPOS="1441" HPOS="1980"/>
                  <String HEIGHT="61" WIDTH="82" VPOS="1441" HPOS="1939" CONTENT="et"/>
                  <SP HEIGHT="61" WIDTH="14" VPOS="1441" HPOS="2020"/>
                  <String HEIGHT="61"
                          WIDTH="123"
                          VPOS="1441"
                          HPOS="1980"
                          CONTENT="magis"/>
                  <SP HEIGHT="61" WIDTH="14" VPOS="1441" HPOS="2102"/>
                  <String HEIGHT="61"
                          WIDTH="163"
                          VPOS="1441"
                          HPOS="2061"
                          CONTENT="excedere"/>
                  <SP HEIGHT="61" WIDTH="14" VPOS="1441" HPOS="2225"/>
                  <String HEIGHT="61"
                          WIDTH="123"
                          VPOS="1441"
                          HPOS="2184"
                          CONTENT="aliud"/>
                  <SP HEIGHT="61" WIDTH="14" VPOS="1441" HPOS="2306"/>
                  <String HEIGHT="61" WIDTH="27" VPOS="1441" HPOS="2252" CONTENT=""/>
               </TextLine>
               <TextLine ID="r4l60"
                         BASELINE="1543"
                         HEIGHT="55"
                         WIDTH="906"
                         VPOS="1488"
                         HPOS="1364">
                  <String HEIGHT="55"
                          WIDTH="147"
                          VPOS="1488"
                          HPOS="1352"
                          CONTENT="secundum"/>
                  <SP HEIGHT="55" WIDTH="12" VPOS="1488" HPOS="1499"/>
                  <String HEIGHT="55"
                          WIDTH="171"
                          VPOS="1488"
                          HPOS="1462"
                          CONTENT="albedinem."/>
                  <SP HEIGHT="55" WIDTH="12" VPOS="1488" HPOS="1633"/>
                  <String HEIGHT="55"
                          WIDTH="98"
                          VPOS="1488"
                          HPOS="1597"
                          CONTENT="ideo"/>
                  <SP HEIGHT="55" WIDTH="12" VPOS="1488" HPOS="1695"/>
                  <String HEIGHT="55"
                          WIDTH="86"
                          VPOS="1488"
                          HPOS="1658"
                          CONTENT="non"/>
                  <SP HEIGHT="55" WIDTH="12" VPOS="1488" HPOS="1744"/>
                  <String HEIGHT="55"
                          WIDTH="159"
                          VPOS="1488"
                          HPOS="1707"
                          CONTENT="sequitur:"/>
                  <SP HEIGHT="55" WIDTH="12" VPOS="1488" HPOS="1866"/>
                  <String HEIGHT="55" WIDTH="73" VPOS="1488" HPOS="1829" CONTENT="si"/>
                  <SP HEIGHT="55" WIDTH="12" VPOS="1488" HPOS="1903"/>
                  <String HEIGHT="55"
                          WIDTH="135"
                          VPOS="1488"
                          HPOS="1866"
                          CONTENT="aliquid"/>
                  <SP HEIGHT="55" WIDTH="12" VPOS="1488" HPOS="2001"/>
                  <String HEIGHT="55"
                          WIDTH="86"
                          VPOS="1488"
                          HPOS="1964"
                          CONTENT="est"/>
                  <SP HEIGHT="55" WIDTH="12" VPOS="1488" HPOS="2050"/>
                  <String HEIGHT="55"
                          WIDTH="122"
                          VPOS="1488"
                          HPOS="2013"
                          CONTENT="albius"/>
                  <SP HEIGHT="55" WIDTH="12" VPOS="1488" HPOS="2135"/>
                  <String HEIGHT="55"
                          WIDTH="98"
                          VPOS="1488"
                          HPOS="2099"
                          CONTENT="quod"/>
                  <SP HEIGHT="55" WIDTH="12" VPOS="1488" HPOS="2197"/>
                  <String HEIGHT="55" WIDTH="73" VPOS="1488" HPOS="2160" CONTENT="et"/>
                  <SP HEIGHT="55" WIDTH="12" VPOS="1488" HPOS="2233"/>
                  <String HEIGHT="55"
                          WIDTH="86"
                          VPOS="1488"
                          HPOS="2184"
                          CONTENT="ipsum"/>
               </TextLine>
               <TextLine ID="r4l62"
                         BASELINE="1596"
                         HEIGHT="64"
                         WIDTH="907"
                         VPOS="1532"
                         HPOS="1366">
                  <String HEIGHT="64"
                          WIDTH="89"
                          VPOS="1532"
                          HPOS="1353"
                          CONTENT="sit"/>
                  <SP HEIGHT="64" WIDTH="13" VPOS="1532" HPOS="1443"/>
                  <String HEIGHT="64"
                          WIDTH="166"
                          VPOS="1532"
                          HPOS="1404"
                          CONTENT="similius."/>
                  <SP HEIGHT="64" WIDTH="13" VPOS="1532" HPOS="1570"/>
                  <String HEIGHT="64" WIDTH="64" VPOS="1532" HPOS="1532" CONTENT="⁋"/>
                  <SP HEIGHT="64" WIDTH="13" VPOS="1532" HPOS="1596"/>
                  <String HEIGHT="64"
                          WIDTH="128"
                          VPOS="1532"
                          HPOS="1558"
                          CONTENT="Posset"/>
                  <SP HEIGHT="64" WIDTH="13" VPOS="1532" HPOS="1685"/>
                  <String HEIGHT="64"
                          WIDTH="115"
                          VPOS="1532"
                          HPOS="1647"
                          CONTENT="etiam"/>
                  <SP HEIGHT="64" WIDTH="13" VPOS="1532" HPOS="1762"/>
                  <String HEIGHT="64"
                          WIDTH="179"
                          VPOS="1532"
                          HPOS="1724"
                          CONTENT="responderi"/>
                  <SP HEIGHT="64" WIDTH="13" VPOS="1532" HPOS="1903"/>
                  <String HEIGHT="64"
                          WIDTH="153"
                          VPOS="1532"
                          HPOS="1864"
                          CONTENT="secundum"/>
                  <SP HEIGHT="64" WIDTH="13" VPOS="1532" HPOS="2018"/>
                  <String HEIGHT="64"
                          WIDTH="89"
                          VPOS="1532"
                          HPOS="1979"
                          CONTENT="2am"/>
                  <SP HEIGHT="64" WIDTH="13" VPOS="1532" HPOS="2069"/>
                  <String HEIGHT="64"
                          WIDTH="204"
                          VPOS="1532"
                          HPOS="2030"
                          CONTENT="responsionem"/>
                  <SP HEIGHT="64" WIDTH="13" VPOS="1532" HPOS="2235"/>
                  <String HEIGHT="64"
                          WIDTH="89"
                          VPOS="1532"
                          HPOS="2184"
                          CONTENT="datam"/>
               </TextLine>
               <TextLine ID="r4l64"
                         BASELINE="1634"
                         HEIGHT="55"
                         WIDTH="921"
                         VPOS="1579"
                         HPOS="1356">
                  <String HEIGHT="55" WIDTH="76" VPOS="1579" HPOS="1343" CONTENT="ad"/>
                  <SP HEIGHT="55" WIDTH="13" VPOS="1579" HPOS="1419"/>
                  <String HEIGHT="55"
                          WIDTH="88"
                          VPOS="1579"
                          HPOS="1381"
                          CONTENT="2am"/>
                  <SP HEIGHT="55" WIDTH="13" VPOS="1579" HPOS="1470"/>
                  <String HEIGHT="55"
                          WIDTH="164"
                          VPOS="1579"
                          HPOS="1432"
                          CONTENT="rationem."/>
                  <SP HEIGHT="55" WIDTH="13" VPOS="1579" HPOS="1596"/>
                  <String HEIGHT="55"
                          WIDTH="114"
                          VPOS="1579"
                          HPOS="1558"
                          CONTENT="valet"/>
                  <SP HEIGHT="55" WIDTH="13" VPOS="1579" HPOS="1671"/>
                  <String HEIGHT="55"
                          WIDTH="101"
                          VPOS="1579"
                          HPOS="1634"
                          CONTENT="quod"/>
                  <SP HEIGHT="55" WIDTH="13" VPOS="1579" HPOS="1734"/>
                  <String HEIGHT="55"
                          WIDTH="114"
                          VPOS="1579"
                          HPOS="1697"
                          CONTENT="sicut"/>
                  <SP HEIGHT="55" WIDTH="13" VPOS="1579" HPOS="1810"/>
                  <String HEIGHT="55"
                          WIDTH="126"
                          VPOS="1579"
                          HPOS="1772"
                          CONTENT="albedo"/>
                  <SP HEIGHT="55" WIDTH="13" VPOS="1579" HPOS="1899"/>
                  <String HEIGHT="55"
                          WIDTH="88"
                          VPOS="1579"
                          HPOS="1861"
                          CONTENT="est"/>
                  <SP HEIGHT="55" WIDTH="13" VPOS="1579" HPOS="1949"/>
                  <String HEIGHT="55"
                          WIDTH="177"
                          VPOS="1579"
                          HPOS="1911"
                          CONTENT="perfectior"/>
                  <SP HEIGHT="55" WIDTH="13" VPOS="1579" HPOS="2088"/>
                  <String HEIGHT="55"
                          WIDTH="139"
                          VPOS="1579"
                          HPOS="2050"
                          CONTENT="albedo:"/>
                  <SP HEIGHT="55" WIDTH="13" VPOS="1579" HPOS="2189"/>
                  <String HEIGHT="55"
                          WIDTH="88"
                          VPOS="1579"
                          HPOS="2151"
                          CONTENT="sic"/>
                  <SP HEIGHT="55" WIDTH="13" VPOS="1579" HPOS="2239"/>
                  <String HEIGHT="55"
                          WIDTH="88"
                          VPOS="1579"
                          HPOS="2189"
                          CONTENT="simi"
                          SUBS_TYPE="HypPart1"
                          SUBS_CONTENT="similitudo"/>
                  <HYP CONTENT="-"/>
               </TextLine>
               <TextLine ID="r4l66"
                         BASELINE="1682"
                         HEIGHT="55"
                         WIDTH="907"
                         VPOS="1627"
                         HPOS="1367">
                  <String HEIGHT="55"
                          WIDTH="131"
                          VPOS="1627"
                          HPOS="1354"
                          CONTENT="litudo"
                          SUBS_TYPE="HypPart2"
                          SUBS_CONTENT="similitudo"/>
                  <SP HEIGHT="55" WIDTH="13" VPOS="1627" HPOS="1485"/>
                  <String HEIGHT="55"
                          WIDTH="105"
                          VPOS="1627"
                          HPOS="1446"
                          CONTENT="sibi"/>
                  <SP HEIGHT="55" WIDTH="13" VPOS="1627" HPOS="1551"/>
                  <String HEIGHT="55"
                          WIDTH="118"
                          VPOS="1627"
                          HPOS="1512"
                          CONTENT="eadem"/>
                  <SP HEIGHT="55" WIDTH="13" VPOS="1627" HPOS="1630"/>
                  <String HEIGHT="55"
                          WIDTH="92"
                          VPOS="1627"
                          HPOS="1590"
                          CONTENT="est"/>
                  <SP HEIGHT="55" WIDTH="13" VPOS="1627" HPOS="1682"/>
                  <String HEIGHT="55"
                          WIDTH="184"
                          VPOS="1627"
                          HPOS="1643"
                          CONTENT="perfectior"/>
                  <SP HEIGHT="55" WIDTH="13" VPOS="1627" HPOS="1827"/>
                  <String HEIGHT="55"
                          WIDTH="145"
                          VPOS="1627"
                          HPOS="1788"
                          CONTENT="albedo:"/>
                  <SP HEIGHT="55" WIDTH="13" VPOS="1627" HPOS="1932"/>
                  <String HEIGHT="55"
                          WIDTH="105"
                          VPOS="1627"
                          HPOS="1893"
                          CONTENT="esto"/>
                  <SP HEIGHT="55" WIDTH="13" VPOS="1627" HPOS="1998"/>
                  <String HEIGHT="55"
                          WIDTH="105"
                          VPOS="1627"
                          HPOS="1959"
                          CONTENT="quod"/>
                  <SP HEIGHT="55" WIDTH="13" VPOS="1627" HPOS="2064"/>
                  <String HEIGHT="55"
                          WIDTH="92"
                          VPOS="1627"
                          HPOS="2024"
                          CONTENT="non"/>
                  <SP HEIGHT="55" WIDTH="13" VPOS="1627" HPOS="2116"/>
                  <String HEIGHT="55"
                          WIDTH="92"
                          VPOS="1627"
                          HPOS="2077"
                          CONTENT="sit"/>
                  <SP HEIGHT="55" WIDTH="13" VPOS="1627" HPOS="2169"/>
                  <String HEIGHT="55"
                          WIDTH="158"
                          VPOS="1627"
                          HPOS="2116"
                          CONTENT="perfectior"/>
               </TextLine>
               <TextLine ID="r4l68"
                         BASELINE="1725"
                         HEIGHT="65"
                         WIDTH="913"
                         VPOS="1660"
                         HPOS="1358">
                  <String HEIGHT="65"
                          WIDTH="214"
                          VPOS="1660"
                          HPOS="1344"
                          CONTENT="similitudo:"/>
                  <SP HEIGHT="65" WIDTH="14" VPOS="1660" HPOS="1558"/>
                  <String HEIGHT="65"
                          WIDTH="114"
                          VPOS="1660"
                          HPOS="1515"
                          CONTENT="quia"/>
                  <SP HEIGHT="65" WIDTH="14" VPOS="1660" HPOS="1629"/>
                  <String HEIGHT="65"
                          WIDTH="100"
                          VPOS="1660"
                          HPOS="1586"
                          CONTENT="nec"/>
                  <SP HEIGHT="65" WIDTH="14" VPOS="1660" HPOS="1686"/>
                  <String HEIGHT="65"
                          WIDTH="114"
                          VPOS="1660"
                          HPOS="1643"
                          CONTENT="ipsa"/>
                  <SP HEIGHT="65" WIDTH="14" VPOS="1660" HPOS="1757"/>
                  <String HEIGHT="65"
                          WIDTH="143"
                          VPOS="1660"
                          HPOS="1715"
                          CONTENT="albedo"/>
                  <SP HEIGHT="65" WIDTH="14" VPOS="1660" HPOS="1857"/>
                  <String HEIGHT="65"
                          WIDTH="100"
                          VPOS="1660"
                          HPOS="1815"
                          CONTENT="est"/>
                  <SP HEIGHT="65" WIDTH="14" VPOS="1660" HPOS="1914"/>
                  <String HEIGHT="65"
                          WIDTH="200"
                          VPOS="1660"
                          HPOS="1872"
                          CONTENT="perfectior"/>
                  <SP HEIGHT="65" WIDTH="14" VPOS="1660" HPOS="2071"/>
                  <String HEIGHT="65"
                          WIDTH="214"
                          VPOS="1660"
                          HPOS="2028"
                          CONTENT="similitudo:"/>
                  <SP HEIGHT="65" WIDTH="14" VPOS="1660" HPOS="2242"/>
                  <String HEIGHT="65"
                          WIDTH="86"
                          VPOS="1660"
                          HPOS="2185"
                          CONTENT="nunc"/>
               </TextLine>
               <TextLine ID="r4l70"
                         BASELINE="1765"
                         HEIGHT="59"
                         WIDTH="916"
                         VPOS="1706"
                         HPOS="1354">
                  <String HEIGHT="59"
                          WIDTH="115"
                          VPOS="1706"
                          HPOS="1341"
                          CONTENT="autem"/>
                  <SP HEIGHT="59" WIDTH="13" VPOS="1706" HPOS="1456"/>
                  <String HEIGHT="59"
                          WIDTH="89"
                          VPOS="1706"
                          HPOS="1418"
                          CONTENT="non"/>
                  <SP HEIGHT="59" WIDTH="13" VPOS="1706" HPOS="1507"/>
                  <String HEIGHT="59"
                          WIDTH="165"
                          VPOS="1706"
                          HPOS="1469"
                          CONTENT="sequitur:"/>
                  <SP HEIGHT="59" WIDTH="13" VPOS="1706" HPOS="1634"/>
                  <String HEIGHT="59"
                          WIDTH="178"
                          VPOS="1706"
                          HPOS="1596"
                          CONTENT="similitudo"/>
                  <SP HEIGHT="59" WIDTH="13" VPOS="1706" HPOS="1774"/>
                  <String HEIGHT="59"
                          WIDTH="115"
                          VPOS="1706"
                          HPOS="1736"
                          CONTENT="huius"/>
                  <SP HEIGHT="59" WIDTH="13" VPOS="1706" HPOS="1850"/>
                  <String HEIGHT="59"
                          WIDTH="89"
                          VPOS="1706"
                          HPOS="1812"
                          CONTENT="est"/>
                  <SP HEIGHT="59" WIDTH="13" VPOS="1706" HPOS="1901"/>
                  <String HEIGHT="59"
                          WIDTH="178"
                          VPOS="1706"
                          HPOS="1863"
                          CONTENT="perfectior"/>
                  <SP HEIGHT="59" WIDTH="13" VPOS="1706" HPOS="2041"/>
                  <String HEIGHT="59"
                          WIDTH="140"
                          VPOS="1706"
                          HPOS="2003"
                          CONTENT="albedo."/>
                  <SP HEIGHT="59" WIDTH="13" VPOS="1706" HPOS="2143"/>
                  <String HEIGHT="59"
                          WIDTH="102"
                          VPOS="1706"
                          HPOS="2105"
                          CONTENT="ergo"/>
                  <SP HEIGHT="59" WIDTH="13" VPOS="1706" HPOS="2206"/>
                  <String HEIGHT="59"
                          WIDTH="89"
                          VPOS="1706"
                          HPOS="2168"
                          CONTENT="hoc"/>
                  <SP HEIGHT="59" WIDTH="13" VPOS="1706" HPOS="2257"/>
                  <String HEIGHT="59"
                          WIDTH="64"
                          VPOS="1706"
                          HPOS="2206"
                          CONTENT="est"/>
               </TextLine>
               <TextLine ID="r4l72"
                         BASELINE="1809"
                         HEIGHT="62"
                         WIDTH="906"
                         VPOS="1747"
                         HPOS="1365">
                  <String HEIGHT="62"
                          WIDTH="161"
                          VPOS="1747"
                          HPOS="1353"
                          CONTENT="similius."/>
                  <SP HEIGHT="62" WIDTH="12" VPOS="1747" HPOS="1514"/>
                  <String HEIGHT="62"
                          WIDTH="149"
                          VPOS="1747"
                          HPOS="1477"
                          CONTENT="sequitur"/>
                  <SP HEIGHT="62" WIDTH="12" VPOS="1747" HPOS="1626"/>
                  <String HEIGHT="62"
                          WIDTH="112"
                          VPOS="1747"
                          HPOS="1588"
                          CONTENT="autem"/>
                  <SP HEIGHT="62" WIDTH="12" VPOS="1747" HPOS="1700"/>
                  <String HEIGHT="62"
                          WIDTH="174"
                          VPOS="1747"
                          HPOS="1663"
                          CONTENT="similitudo"/>
                  <SP HEIGHT="62" WIDTH="12" VPOS="1747" HPOS="1837"/>
                  <String HEIGHT="62"
                          WIDTH="112"
                          VPOS="1747"
                          HPOS="1799"
                          CONTENT="huius"/>
                  <SP HEIGHT="62" WIDTH="12" VPOS="1747" HPOS="1911"/>
                  <String HEIGHT="62"
                          WIDTH="87"
                          VPOS="1747"
                          HPOS="1874"
                          CONTENT="est"/>
                  <SP HEIGHT="62" WIDTH="12" VPOS="1747" HPOS="1961"/>
                  <String HEIGHT="62"
                          WIDTH="174"
                          VPOS="1747"
                          HPOS="1923"
                          CONTENT="perfectior"/>
                  <SP HEIGHT="62" WIDTH="12" VPOS="1747" HPOS="2097"/>
                  <String HEIGHT="62"
                          WIDTH="186"
                          VPOS="1747"
                          HPOS="2060"
                          CONTENT="similitudo."/>
                  <SP HEIGHT="62" WIDTH="12" VPOS="1747" HPOS="2246"/>
                  <String HEIGHT="62"
                          WIDTH="74"
                          VPOS="1747"
                          HPOS="2197"
                          CONTENT="ergo"/>
               </TextLine>
               <TextLine ID="line_1597362677987_2170"
                         BASELINE="1853"
                         HEIGHT="54"
                         WIDTH="927"
                         VPOS="1799"
                         HPOS="1361">
                  <String HEIGHT="54"
                          WIDTH="100"
                          VPOS="1799"
                          HPOS="1347"
                          CONTENT="hoc"/>
                  <SP HEIGHT="54" WIDTH="14" VPOS="1799" HPOS="1447"/>
                  <String HEIGHT="54"
                          WIDTH="100"
                          VPOS="1799"
                          HPOS="1404"
                          CONTENT="est"/>
                  <SP HEIGHT="54" WIDTH="14" VPOS="1799" HPOS="1504"/>
                  <String HEIGHT="54"
                          WIDTH="185"
                          VPOS="1799"
                          HPOS="1461"
                          CONTENT="similius."/>
                  <SP HEIGHT="54" WIDTH="14" VPOS="1799" HPOS="1646"/>
                  <String HEIGHT="54" WIDTH="71" VPOS="1799" HPOS="1603" CONTENT="⁋"/>
                  <SP HEIGHT="54" WIDTH="14" VPOS="1799" HPOS="1675"/>
                  <String HEIGHT="54" WIDTH="86" VPOS="1799" HPOS="1632" CONTENT="Ad"/>
                  <SP HEIGHT="54" WIDTH="14" VPOS="1799" HPOS="1718"/>
                  <String HEIGHT="54"
                          WIDTH="100"
                          VPOS="1799"
                          HPOS="1675"
                          CONTENT="6um"/>
                  <SP HEIGHT="54" WIDTH="14" VPOS="1799" HPOS="1775"/>
                  <String HEIGHT="54"
                          WIDTH="114"
                          VPOS="1799"
                          HPOS="1732"
                          CONTENT="dico"/>
                  <SP HEIGHT="54" WIDTH="14" VPOS="1799" HPOS="1846"/>
                  <String HEIGHT="54"
                          WIDTH="114"
                          VPOS="1799"
                          HPOS="1803"
                          CONTENT="quod"/>
                  <SP HEIGHT="54" WIDTH="14" VPOS="1799" HPOS="1917"/>
                  <String HEIGHT="54"
                          WIDTH="128"
                          VPOS="1799"
                          HPOS="1874"
                          CONTENT="aliud"/>
                  <SP HEIGHT="54" WIDTH="14" VPOS="1799" HPOS="2003"/>
                  <String HEIGHT="54"
                          WIDTH="100"
                          VPOS="1799"
                          HPOS="1960"
                          CONTENT="est"/>
                  <SP HEIGHT="54" WIDTH="14" VPOS="1799" HPOS="2060"/>
                  <String HEIGHT="54"
                          WIDTH="143"
                          VPOS="1799"
                          HPOS="2017"
                          CONTENT="aliqua"/>
                  <SP HEIGHT="54" WIDTH="14" VPOS="1799" HPOS="2160"/>
                  <String HEIGHT="54"
                          WIDTH="114"
                          VPOS="1799"
                          HPOS="2117"
                          CONTENT="esse"/>
                  <SP HEIGHT="54" WIDTH="14" VPOS="1799" HPOS="2231"/>
                  <String HEIGHT="54"
                          WIDTH="114"
                          VPOS="1799"
                          HPOS="2174"
                          CONTENT="diuer"
                          SUBS_TYPE="HypPart1"
                          SUBS_CONTENT="diuersorum"/>
                  <HYP CONTENT="-"/>
               </TextLine>
               <TextLine ID="r4l76"
                         BASELINE="1895"
                         HEIGHT="63"
                         WIDTH="911"
                         VPOS="1832"
                         HPOS="1360">
                  <String HEIGHT="63"
                          WIDTH="126"
                          VPOS="1832"
                          HPOS="1346"
                          CONTENT="sorum"
                          SUBS_TYPE="HypPart2"
                          SUBS_CONTENT="diuersorum"/>
                  <SP HEIGHT="63" WIDTH="14" VPOS="1832" HPOS="1472"/>
                  <String HEIGHT="63"
                          WIDTH="154"
                          VPOS="1832"
                          HPOS="1430"
                          CONTENT="generum"/>
                  <SP HEIGHT="63" WIDTH="14" VPOS="1832" HPOS="1584"/>
                  <String HEIGHT="63"
                          WIDTH="98"
                          VPOS="1832"
                          HPOS="1542"
                          CONTENT="vel"/>
                  <SP HEIGHT="63" WIDTH="14" VPOS="1832" HPOS="1640"/>
                  <String HEIGHT="63"
                          WIDTH="154"
                          VPOS="1832"
                          HPOS="1598"
                          CONTENT="sperum:"/>
                  <SP HEIGHT="63" WIDTH="14" VPOS="1832" HPOS="1752"/>
                  <String HEIGHT="63" WIDTH="84" VPOS="1832" HPOS="1710" CONTENT="et"/>
                  <SP HEIGHT="63" WIDTH="14" VPOS="1832" HPOS="1794"/>
                  <String HEIGHT="63"
                          WIDTH="126"
                          VPOS="1832"
                          HPOS="1752"
                          CONTENT="aliud"/>
                  <SP HEIGHT="63" WIDTH="14" VPOS="1832" HPOS="1879"/>
                  <String HEIGHT="63"
                          WIDTH="98"
                          VPOS="1832"
                          HPOS="1837"
                          CONTENT="est"/>
                  <SP HEIGHT="63" WIDTH="14" VPOS="1832" HPOS="1935"/>
                  <String HEIGHT="63"
                          WIDTH="140"
                          VPOS="1832"
                          HPOS="1893"
                          CONTENT="aliqua"/>
                  <SP HEIGHT="63" WIDTH="14" VPOS="1832" HPOS="2033"/>
                  <String HEIGHT="63"
                          WIDTH="168"
                          VPOS="1832"
                          HPOS="1991"
                          CONTENT="differre"/>
                  <SP HEIGHT="63" WIDTH="14" VPOS="1832" HPOS="2159"/>
                  <String HEIGHT="63"
                          WIDTH="140"
                          VPOS="1832"
                          HPOS="2117"
                          CONTENT="genere"/>
                  <SP HEIGHT="63" WIDTH="14" VPOS="1832" HPOS="2257"/>
                  <String HEIGHT="63"
                          WIDTH="70"
                          VPOS="1832"
                          HPOS="2201"
                          CONTENT="vel"/>
               </TextLine>
               <TextLine ID="r4l78"
                         BASELINE="1943"
                         HEIGHT="66"
                         WIDTH="924"
                         VPOS="1877"
                         HPOS="1361">
                  <String HEIGHT="66"
                          WIDTH="149"
                          VPOS="1877"
                          HPOS="1347"
                          CONTENT="specie."/>
                  <SP HEIGHT="66" WIDTH="14" VPOS="1877" HPOS="1497"/>
                  <String HEIGHT="66"
                          WIDTH="95"
                          VPOS="1877"
                          HPOS="1456"
                          CONTENT="Nam"/>
                  <SP HEIGHT="66" WIDTH="14" VPOS="1877" HPOS="1551"/>
                  <String HEIGHT="66"
                          WIDTH="136"
                          VPOS="1877"
                          HPOS="1510"
                          CONTENT="aliqua"/>
                  <SP HEIGHT="66" WIDTH="14" VPOS="1877" HPOS="1646"/>
                  <String HEIGHT="66"
                          WIDTH="95"
                          VPOS="1877"
                          HPOS="1606"
                          CONTENT="duo"/>
                  <SP HEIGHT="66" WIDTH="14" VPOS="1877" HPOS="1701"/>
                  <String HEIGHT="66"
                          WIDTH="163"
                          VPOS="1877"
                          HPOS="1660"
                          CONTENT="dicuntur"/>
                  <SP HEIGHT="66" WIDTH="14" VPOS="1877" HPOS="1823"/>
                  <String HEIGHT="66"
                          WIDTH="163"
                          VPOS="1877"
                          HPOS="1782"
                          CONTENT="differre"/>
                  <SP HEIGHT="66" WIDTH="14" VPOS="1877" HPOS="1945"/>
                  <String HEIGHT="66"
                          WIDTH="149"
                          VPOS="1877"
                          HPOS="1905"
                          CONTENT="genere:"/>
                  <SP HEIGHT="66" WIDTH="14" VPOS="1877" HPOS="2054"/>
                  <String HEIGHT="66"
                          WIDTH="136"
                          VPOS="1877"
                          HPOS="2013"
                          CONTENT="quorum"/>
                  <SP HEIGHT="66" WIDTH="14" VPOS="1877" HPOS="2149"/>
                  <String HEIGHT="66"
                          WIDTH="149"
                          VPOS="1877"
                          HPOS="2108"
                          CONTENT="neutrum"/>
                  <SP HEIGHT="66" WIDTH="14" VPOS="1877" HPOS="2258"/>
                  <String HEIGHT="66"
                          WIDTH="95"
                          VPOS="1877"
                          HPOS="2217"
                          CONTENT="est"/>
                  <SP HEIGHT="66" WIDTH="14" VPOS="1877" HPOS="2312"/>
                  <String HEIGHT="66" WIDTH="27" VPOS="1877" HPOS="2258" CONTENT=""/>
               </TextLine>
               <TextLine ID="r4l80"
                         BASELINE="1981"
                         HEIGHT="53"
                         WIDTH="915"
                         VPOS="1928"
                         HPOS="1361">
                  <String HEIGHT="53"
                          WIDTH="162"
                          VPOS="1928"
                          HPOS="1346"
                          CONTENT="eiusdem"/>
                  <SP HEIGHT="53" WIDTH="15" VPOS="1928" HPOS="1509"/>
                  <String HEIGHT="53"
                          WIDTH="162"
                          VPOS="1928"
                          HPOS="1464"
                          CONTENT="generis"/>
                  <SP HEIGHT="53" WIDTH="15" VPOS="1928" HPOS="1627"/>
                  <String HEIGHT="53"
                          WIDTH="103"
                          VPOS="1928"
                          HPOS="1582"
                          CONTENT="cum"/>
                  <SP HEIGHT="53" WIDTH="15" VPOS="1928" HPOS="1686"/>
                  <String HEIGHT="53"
                          WIDTH="148"
                          VPOS="1928"
                          HPOS="1641"
                          CONTENT="altero"/>
                  <SP HEIGHT="53" WIDTH="15" VPOS="1928" HPOS="1789"/>
                  <String HEIGHT="53" WIDTH="89" VPOS="1928" HPOS="1745" CONTENT="ea"/>
                  <SP HEIGHT="53" WIDTH="15" VPOS="1928" HPOS="1833"/>
                  <String HEIGHT="53"
                          WIDTH="177"
                          VPOS="1928"
                          HPOS="1789"
                          CONTENT="vtrumque"/>
                  <SP HEIGHT="53" WIDTH="15" VPOS="1928" HPOS="1966"/>
                  <String HEIGHT="53"
                          WIDTH="103"
                          VPOS="1928"
                          HPOS="1922"
                          CONTENT="est"/>
                  <SP HEIGHT="53" WIDTH="15" VPOS="1928" HPOS="2025"/>
                  <String HEIGHT="53" WIDTH="89" VPOS="1928" HPOS="1981" CONTENT="in"/>
                  <SP HEIGHT="53" WIDTH="15" VPOS="1928" HPOS="2069"/>
                  <String HEIGHT="53"
                          WIDTH="162"
                          VPOS="1928"
                          HPOS="2025"
                          CONTENT="genere."/>
                  <SP HEIGHT="53" WIDTH="15" VPOS="1928" HPOS="2187"/>
                  <String HEIGHT="53"
                          WIDTH="103"
                          VPOS="1928"
                          HPOS="2143"
                          CONTENT="Sed"/>
                  <SP HEIGHT="53" WIDTH="15" VPOS="1928" HPOS="2246"/>
                  <String HEIGHT="53"
                          WIDTH="89"
                          VPOS="1928"
                          HPOS="2187"
                          CONTENT="illa"/>
               </TextLine>
               <TextLine ID="r4l82"
                         BASELINE="2029"
                         HEIGHT="55"
                         WIDTH="910"
                         VPOS="1974"
                         HPOS="1360">
                  <String HEIGHT="55"
                          WIDTH="161"
                          VPOS="1974"
                          HPOS="1347"
                          CONTENT="dicuntur"/>
                  <SP HEIGHT="55" WIDTH="13" VPOS="1974" HPOS="1507"/>
                  <String HEIGHT="55"
                          WIDTH="107"
                          VPOS="1974"
                          HPOS="1467"
                          CONTENT="esse"/>
                  <SP HEIGHT="55" WIDTH="13" VPOS="1974" HPOS="1574"/>
                  <String HEIGHT="55"
                          WIDTH="187"
                          VPOS="1974"
                          HPOS="1534"
                          CONTENT="diuersorum"/>
                  <SP HEIGHT="55" WIDTH="13" VPOS="1974" HPOS="1721"/>
                  <String HEIGHT="55"
                          WIDTH="147"
                          VPOS="1974"
                          HPOS="1681"
                          CONTENT="generum"/>
                  <SP HEIGHT="55" WIDTH="13" VPOS="1974" HPOS="1828"/>
                  <String HEIGHT="55"
                          WIDTH="107"
                          VPOS="1974"
                          HPOS="1788"
                          CONTENT="quae"/>
                  <SP HEIGHT="55" WIDTH="13" VPOS="1974" HPOS="1895"/>
                  <String HEIGHT="55"
                          WIDTH="107"
                          VPOS="1974"
                          HPOS="1855"
                          CONTENT="sunt"/>
                  <SP HEIGHT="55" WIDTH="13" VPOS="1974" HPOS="1962"/>
                  <String HEIGHT="55" WIDTH="80" VPOS="1974" HPOS="1922" CONTENT="in"/>
                  <SP HEIGHT="55" WIDTH="13" VPOS="1974" HPOS="2002"/>
                  <String HEIGHT="55"
                          WIDTH="161"
                          VPOS="1974"
                          HPOS="1962"
                          CONTENT="pluribus"/>
                  <SP HEIGHT="55" WIDTH="13" VPOS="1974" HPOS="2123"/>
                  <String HEIGHT="55"
                          WIDTH="187"
                          VPOS="1974"
                          HPOS="2083"
                          CONTENT="generibus:"/>
                  <SP HEIGHT="55" WIDTH="13" VPOS="1974" HPOS="2270"/>
                  <String HEIGHT="55" WIDTH="54" VPOS="1974" HPOS="2216" CONTENT="et"/>
               </TextLine>
               <TextLine ID="r4l84"
                         BASELINE="2071"
                         HEIGHT="62"
                         WIDTH="924"
                         VPOS="2009"
                         HPOS="1358">
                  <String HEIGHT="62"
                          WIDTH="104"
                          VPOS="2009"
                          HPOS="1345"
                          CONTENT="ista"/>
                  <SP HEIGHT="62" WIDTH="13" VPOS="2009" HPOS="1449"/>
                  <String HEIGHT="62"
                          WIDTH="130"
                          VPOS="2009"
                          HPOS="1410"
                          CONTENT="multum"/>
                  <SP HEIGHT="62" WIDTH="13" VPOS="2009" HPOS="1540"/>
                  <String HEIGHT="62"
                          WIDTH="143"
                          VPOS="2009"
                          HPOS="1501"
                          CONTENT="drtunt:"/>
                  <SP HEIGHT="62" WIDTH="13" VPOS="2009" HPOS="1644"/>
                  <String HEIGHT="62"
                          WIDTH="143"
                          VPOS="2009"
                          HPOS="1605"
                          CONTENT="quamuis"/>
                  <SP HEIGHT="62" WIDTH="13" VPOS="2009" HPOS="1748"/>
                  <String HEIGHT="62"
                          WIDTH="156"
                          VPOS="2009"
                          HPOS="1709"
                          CONTENT="vtrumque"/>
                  <SP HEIGHT="62" WIDTH="13" VPOS="2009" HPOS="1866"/>
                  <String HEIGHT="62"
                          WIDTH="169"
                          VPOS="2009"
                          HPOS="1827"
                          CONTENT="aliquando"/>
                  <SP HEIGHT="62" WIDTH="13" VPOS="2009" HPOS="1996"/>
                  <String HEIGHT="62"
                          WIDTH="91"
                          VPOS="2009"
                          HPOS="1957"
                          CONTENT="pro"/>
                  <SP HEIGHT="62" WIDTH="13" VPOS="2009" HPOS="2048"/>
                  <String HEIGHT="62"
                          WIDTH="130"
                          VPOS="2009"
                          HPOS="2009"
                          CONTENT="altero"/>
                  <SP HEIGHT="62" WIDTH="13" VPOS="2009" HPOS="2139"/>
                  <String HEIGHT="62"
                          WIDTH="169"
                          VPOS="2009"
                          HPOS="2100"
                          CONTENT="improprie"/>
                  <SP HEIGHT="62" WIDTH="13" VPOS="2009" HPOS="2269"/>
                  <String HEIGHT="62"
                          WIDTH="65"
                          VPOS="2009"
                          HPOS="2217"
                          CONTENT="ac"
                          SUBS_TYPE="HypPart1"
                          SUBS_CONTENT="accipiatur."/>
                  <HYP CONTENT="-"/>
               </TextLine>
               <TextLine ID="r4l86"
                         BASELINE="2114"
                         HEIGHT="54"
                         WIDTH="918"
                         VPOS="2060"
                         HPOS="1362">
                  <String HEIGHT="54"
                          WIDTH="173"
                          VPOS="2060"
                          HPOS="1349"
                          CONTENT="cipiatur."
                          SUBS_TYPE="HypPart2"
                          SUBS_CONTENT="accipiatur."/>
                  <SP HEIGHT="54" WIDTH="13" VPOS="2060" HPOS="1522"/>
                  <String HEIGHT="54"
                          WIDTH="93"
                          VPOS="2060"
                          HPOS="1482"
                          CONTENT="Nam"/>
                  <SP HEIGHT="54" WIDTH="13" VPOS="2060" HPOS="1575"/>
                  <String HEIGHT="54"
                          WIDTH="93"
                          VPOS="2060"
                          HPOS="1535"
                          CONTENT="vna"/>
                  <SP HEIGHT="54" WIDTH="13" VPOS="2060" HPOS="1628"/>
                  <String HEIGHT="54"
                          WIDTH="93"
                          VPOS="2060"
                          HPOS="1588"
                          CONTENT="res"/>
                  <SP HEIGHT="54" WIDTH="13" VPOS="2060" HPOS="1681"/>
                  <String HEIGHT="54"
                          WIDTH="133"
                          VPOS="2060"
                          HPOS="1641"
                          CONTENT="potest"/>
                  <SP HEIGHT="54" WIDTH="13" VPOS="2060" HPOS="1774"/>
                  <String HEIGHT="54"
                          WIDTH="106"
                          VPOS="2060"
                          HPOS="1735"
                          CONTENT="esse"/>
                  <SP HEIGHT="54" WIDTH="13" VPOS="2060" HPOS="1841"/>
                  <String HEIGHT="54" WIDTH="80" VPOS="2060" HPOS="1801" CONTENT="in"/>
                  <SP HEIGHT="54" WIDTH="13" VPOS="2060" HPOS="1881"/>
                  <String HEIGHT="54"
                          WIDTH="160"
                          VPOS="2060"
                          HPOS="1841"
                          CONTENT="pluribus"/>
                  <SP HEIGHT="54" WIDTH="13" VPOS="2060" HPOS="2001"/>
                  <String HEIGHT="54"
                          WIDTH="186"
                          VPOS="2060"
                          HPOS="1961"
                          CONTENT="generibus:"/>
                  <SP HEIGHT="54" WIDTH="13" VPOS="2060" HPOS="2147"/>
                  <String HEIGHT="54" WIDTH="80" VPOS="2060" HPOS="2107" CONTENT="et"/>
                  <SP HEIGHT="54" WIDTH="13" VPOS="2060" HPOS="2187"/>
                  <String HEIGHT="54"
                          WIDTH="120"
                          VPOS="2060"
                          HPOS="2147"
                          CONTENT="tamen"/>
                  <SP HEIGHT="54" WIDTH="13" VPOS="2060" HPOS="2267"/>
                  <String HEIGHT="54"
                          WIDTH="67"
                          VPOS="2060"
                          HPOS="2213"
                          CONTENT="non"/>
               </TextLine>
               <TextLine ID="r4l88"
                         BASELINE="2166"
                         HEIGHT="72"
                         WIDTH="916"
                         VPOS="2094"
                         HPOS="1357">
                  <String HEIGHT="72"
                          WIDTH="139"
                          VPOS="2094"
                          HPOS="1343"
                          CONTENT="potest"/>
                  <SP HEIGHT="72" WIDTH="14" VPOS="2094" HPOS="1482"/>
                  <String HEIGHT="72" WIDTH="69" VPOS="2094" HPOS="1440" CONTENT="a"/>
                  <SP HEIGHT="72" WIDTH="14" VPOS="2094" HPOS="1510"/>
                  <String HEIGHT="72"
                          WIDTH="139"
                          VPOS="2094"
                          HPOS="1468"
                          CONTENT="seipsa"/>
                  <SP HEIGHT="72" WIDTH="14" VPOS="2094" HPOS="1607"/>
                  <String HEIGHT="72"
                          WIDTH="167"
                          VPOS="2094"
                          HPOS="1565"
                          CONTENT="differre"/>
                  <SP HEIGHT="72" WIDTH="14" VPOS="2094" HPOS="1732"/>
                  <String HEIGHT="72"
                          WIDTH="139"
                          VPOS="2094"
                          HPOS="1690"
                          CONTENT="genere"/>
                  <SP HEIGHT="72" WIDTH="14" VPOS="2094" HPOS="1829"/>
                  <String HEIGHT="72"
                          WIDTH="125"
                          VPOS="2094"
                          HPOS="1787"
                          CONTENT="primo"/>
                  <SP HEIGHT="72" WIDTH="14" VPOS="2094" HPOS="1912"/>
                  <String HEIGHT="72"
                          WIDTH="125"
                          VPOS="2094"
                          HPOS="1871"
                          CONTENT="modo:"/>
                  <SP HEIGHT="72" WIDTH="14" VPOS="2094" HPOS="1995"/>
                  <String HEIGHT="72"
                          WIDTH="167"
                          VPOS="2094"
                          HPOS="1954"
                          CONTENT="alioquin"/>
                  <SP HEIGHT="72" WIDTH="14" VPOS="2094" HPOS="2120"/>
                  <String HEIGHT="72"
                          WIDTH="111"
                          VPOS="2094"
                          HPOS="2079"
                          CONTENT="ipsa"/>
                  <SP HEIGHT="72" WIDTH="14" VPOS="2094" HPOS="2190"/>
                  <String HEIGHT="72"
                          WIDTH="125"
                          VPOS="2094"
                          HPOS="2148"
                          CONTENT="esset"/>
                  <SP HEIGHT="72" WIDTH="14" VPOS="2094" HPOS="2273"/>
                  <String HEIGHT="72" WIDTH="56" VPOS="2094" HPOS="2217" CONTENT="in"/>
               </TextLine>
               <TextLine ID="r4l90"
                         BASELINE="2200"
                         HEIGHT="53"
                         WIDTH="910"
                         VPOS="2147"
                         HPOS="1354">
                  <String HEIGHT="53"
                          WIDTH="144"
                          VPOS="2147"
                          HPOS="1340"
                          CONTENT="aliquo"/>
                  <SP HEIGHT="53" WIDTH="14" VPOS="2147" HPOS="1484"/>
                  <String HEIGHT="53"
                          WIDTH="144"
                          VPOS="2147"
                          HPOS="1441"
                          CONTENT="genere"/>
                  <SP HEIGHT="53" WIDTH="14" VPOS="2147" HPOS="1585"/>
                  <String HEIGHT="53" WIDTH="87" VPOS="2147" HPOS="1542" CONTENT="in"/>
                  <SP HEIGHT="53" WIDTH="14" VPOS="2147" HPOS="1628"/>
                  <String HEIGHT="53"
                          WIDTH="101"
                          VPOS="2147"
                          HPOS="1585"
                          CONTENT="quo"/>
                  <SP HEIGHT="53" WIDTH="14" VPOS="2147" HPOS="1686"/>
                  <String HEIGHT="53"
                          WIDTH="116"
                          VPOS="2147"
                          HPOS="1643"
                          CONTENT="ipsa"/>
                  <SP HEIGHT="53" WIDTH="14" VPOS="2147" HPOS="1758"/>
                  <String HEIGHT="53"
                          WIDTH="101"
                          VPOS="2147"
                          HPOS="1715"
                          CONTENT="non"/>
                  <SP HEIGHT="53" WIDTH="14" VPOS="2147" HPOS="1816"/>
                  <String HEIGHT="53"
                          WIDTH="144"
                          VPOS="2147"
                          HPOS="1773"
                          CONTENT="esset:"/>
                  <SP HEIGHT="53" WIDTH="14" VPOS="2147" HPOS="1917"/>
                  <String HEIGHT="53"
                          WIDTH="116"
                          VPOS="2147"
                          HPOS="1874"
                          CONTENT="quod"/>
                  <SP HEIGHT="53" WIDTH="14" VPOS="2147" HPOS="1990"/>
                  <String HEIGHT="53"
                          WIDTH="173"
                          VPOS="2147"
                          HPOS="1946"
                          CONTENT="implicat"/>
                  <SP HEIGHT="53" WIDTH="14" VPOS="2147" HPOS="2120"/>
                  <String HEIGHT="53"
                          WIDTH="202"
                          VPOS="2147"
                          HPOS="2062"
                          CONTENT="contradictio"/>
               </TextLine>
               <TextLine ID="r4l92"
                         BASELINE="2244"
                         HEIGHT="57"
                         WIDTH="921"
                         VPOS="2187"
                         HPOS="1355">
                  <String HEIGHT="57"
                          WIDTH="110"
                          VPOS="2187"
                          HPOS="1341"
                          CONTENT="nem."/>
                  <SP HEIGHT="57" WIDTH="14" VPOS="2187" HPOS="1451"/>
                  <String HEIGHT="57"
                          WIDTH="110"
                          VPOS="2187"
                          HPOS="1410"
                          CONTENT="Tunc"/>
                  <SP HEIGHT="57" WIDTH="14" VPOS="2187" HPOS="1520"/>
                  <String HEIGHT="57" WIDTH="82" VPOS="2187" HPOS="1479" CONTENT="ad"/>
                  <SP HEIGHT="57" WIDTH="14" VPOS="2187" HPOS="1561"/>
                  <String HEIGHT="57"
                          WIDTH="165"
                          VPOS="2187"
                          HPOS="1520"
                          CONTENT="rationem"/>
                  <SP HEIGHT="57" WIDTH="14" VPOS="2187" HPOS="1685"/>
                  <String HEIGHT="57"
                          WIDTH="96"
                          VPOS="2187"
                          HPOS="1644"
                          CONTENT="cum"/>
                  <SP HEIGHT="57" WIDTH="14" VPOS="2187" HPOS="1740"/>
                  <String HEIGHT="57"
                          WIDTH="151"
                          VPOS="2187"
                          HPOS="1699"
                          CONTENT="dicitur"/>
                  <SP HEIGHT="57" WIDTH="14" VPOS="2187" HPOS="1850"/>
                  <String HEIGHT="57"
                          WIDTH="110"
                          VPOS="2187"
                          HPOS="1809"
                          CONTENT="quod"/>
                  <SP HEIGHT="57" WIDTH="14" VPOS="2187" HPOS="1919"/>
                  <String HEIGHT="57"
                          WIDTH="137"
                          VPOS="2187"
                          HPOS="1877"
                          CONTENT="alique"/>
                  <SP HEIGHT="57" WIDTH="14" VPOS="2187" HPOS="2015"/>
                  <String HEIGHT="57"
                          WIDTH="192"
                          VPOS="2187"
                          HPOS="1974"
                          CONTENT="relationes"/>
                  <SP HEIGHT="57" WIDTH="14" VPOS="2187" HPOS="2166"/>
                  <String HEIGHT="57"
                          WIDTH="151"
                          VPOS="2187"
                          HPOS="2125"
                          CONTENT="fundate"/>
                  <SP HEIGHT="57" WIDTH="14" VPOS="2187" HPOS="2276"/>
                  <String HEIGHT="57" WIDTH="55" VPOS="2187" HPOS="2221" CONTENT="su"/>
               </TextLine>
               <TextLine ID="r4l94"
                         BASELINE="2288"
                         HEIGHT="61"
                         WIDTH="917"
                         VPOS="2227"
                         HPOS="1365">
                  <String HEIGHT="61"
                          WIDTH="107"
                          VPOS="2227"
                          HPOS="1350"
                          CONTENT="per"/>
                  <SP HEIGHT="61" WIDTH="15" VPOS="2227" HPOS="1457"/>
                  <String HEIGHT="61"
                          WIDTH="138"
                          VPOS="2227"
                          HPOS="1411"
                          CONTENT="rebus"/>
                  <SP HEIGHT="61" WIDTH="15" VPOS="2227" HPOS="1548"/>
                  <String HEIGHT="61"
                          WIDTH="214"
                          VPOS="2227"
                          HPOS="1503"
                          CONTENT="diuersorum"/>
                  <SP HEIGHT="61" WIDTH="15" VPOS="2227" HPOS="1717"/>
                  <String HEIGHT="61"
                          WIDTH="168"
                          VPOS="2227"
                          HPOS="1671"
                          CONTENT="generum"/>
                  <SP HEIGHT="61" WIDTH="15" VPOS="2227" HPOS="1839"/>
                  <String HEIGHT="61"
                          WIDTH="138"
                          VPOS="2227"
                          HPOS="1793"
                          CONTENT="magis"/>
                  <SP HEIGHT="61" WIDTH="15" VPOS="2227" HPOS="1930"/>
                  <String HEIGHT="61"
                          WIDTH="214"
                          VPOS="2227"
                          HPOS="1885"
                          CONTENT="conueniunt"/>
                  <SP HEIGHT="61" WIDTH="15" VPOS="2227" HPOS="2099"/>
                  <String HEIGHT="61"
                          WIDTH="199"
                          VPOS="2227"
                          HPOS="2053"
                          CONTENT="quibusdam"/>
                  <SP HEIGHT="61" WIDTH="15" VPOS="2227" HPOS="2251"/>
                  <String HEIGHT="61"
                          WIDTH="92"
                          VPOS="2227"
                          HPOS="2190"
                          CONTENT="fun"
                          SUBS_TYPE="HypPart1"
                          SUBS_CONTENT="fundatis"/>
                  <HYP CONTENT="-"/>
               </TextLine>
               <TextLine ID="r4l96"
                         BASELINE="2333"
                         HEIGHT="61"
                         WIDTH="924"
                         VPOS="2272"
                         HPOS="1361">
                  <String HEIGHT="61"
                          WIDTH="136"
                          VPOS="2272"
                          HPOS="1346"
                          CONTENT="datis"
                          SUBS_TYPE="HypPart2"
                          SUBS_CONTENT="fundatis"/>
                  <SP HEIGHT="61" WIDTH="15" VPOS="2272" HPOS="1482"/>
                  <String HEIGHT="61"
                          WIDTH="136"
                          VPOS="2272"
                          HPOS="1437"
                          CONTENT="super"/>
                  <SP HEIGHT="61" WIDTH="15" VPOS="2272" HPOS="1573"/>
                  <String HEIGHT="61"
                          WIDTH="136"
                          VPOS="2272"
                          HPOS="1528"
                          CONTENT="rebus"/>
                  <SP HEIGHT="61" WIDTH="15" VPOS="2272" HPOS="1664"/>
                  <String HEIGHT="61"
                          WIDTH="167"
                          VPOS="2272"
                          HPOS="1619"
                          CONTENT="eiusdem"/>
                  <SP HEIGHT="61" WIDTH="15" VPOS="2272" HPOS="1785"/>
                  <String HEIGHT="61"
                          WIDTH="167"
                          VPOS="2272"
                          HPOS="1740"
                          CONTENT="speciei"/>
                  <SP HEIGHT="61" WIDTH="15" VPOS="2272" HPOS="1906"/>
                  <String HEIGHT="61"
                          WIDTH="273"
                          VPOS="2272"
                          HPOS="1861"
                          CONTENT="specialissime:"/>
                  <SP HEIGHT="61" WIDTH="15" VPOS="2272" HPOS="2134"/>
                  <String HEIGHT="61"
                          WIDTH="106"
                          VPOS="2272"
                          HPOS="2088"
                          CONTENT="non"/>
                  <SP HEIGHT="61" WIDTH="15" VPOS="2272" HPOS="2194"/>
                  <String HEIGHT="61"
                          WIDTH="151"
                          VPOS="2272"
                          HPOS="2134"
                          CONTENT="faciendo"/>
               </TextLine>
               <TextLine ID="r4l98"
                         BASELINE="2372"
                         HEIGHT="53"
                         WIDTH="922"
                         VPOS="2319"
                         HPOS="1370">
                  <String HEIGHT="53"
                          WIDTH="104"
                          VPOS="2319"
                          HPOS="1355"
                          CONTENT="pro"/>
                  <SP HEIGHT="53" WIDTH="15" VPOS="2319" HPOS="1459"/>
                  <String HEIGHT="53"
                          WIDTH="119"
                          VPOS="2319"
                          HPOS="1415"
                          CONTENT="nunc"/>
                  <SP HEIGHT="53" WIDTH="15" VPOS="2319" HPOS="1534"/>
                  <String HEIGHT="53"
                          WIDTH="104"
                          VPOS="2319"
                          HPOS="1489"
                          CONTENT="vim"/>
                  <SP HEIGHT="53" WIDTH="15" VPOS="2319" HPOS="1593"/>
                  <String HEIGHT="53" WIDTH="89" VPOS="2319" HPOS="1548" CONTENT="in"/>
                  <SP HEIGHT="53" WIDTH="15" VPOS="2319" HPOS="1638"/>
                  <String HEIGHT="53" WIDTH="89" VPOS="2319" HPOS="1593" CONTENT="eo"/>
                  <SP HEIGHT="53" WIDTH="15" VPOS="2319" HPOS="1682"/>
                  <String HEIGHT="53"
                          WIDTH="119"
                          VPOS="2319"
                          HPOS="1638"
                          CONTENT="quod"/>
                  <SP HEIGHT="53" WIDTH="15" VPOS="2319" HPOS="1757"/>
                  <String HEIGHT="53"
                          WIDTH="164"
                          VPOS="2319"
                          HPOS="1712"
                          CONTENT="dicitur"/>
                  <SP HEIGHT="53" WIDTH="15" VPOS="2319" HPOS="1876"/>
                  <String HEIGHT="53"
                          WIDTH="208"
                          VPOS="2319"
                          HPOS="1831"
                          CONTENT="relationem"/>
                  <SP HEIGHT="53" WIDTH="15" VPOS="2319" HPOS="2039"/>
                  <String HEIGHT="53"
                          WIDTH="164"
                          VPOS="2319"
                          HPOS="1995"
                          CONTENT="fundari"/>
                  <SP HEIGHT="53" WIDTH="15" VPOS="2319" HPOS="2158"/>
                  <String HEIGHT="53" WIDTH="89" VPOS="2319" HPOS="2114" CONTENT="in"/>
                  <SP HEIGHT="53" WIDTH="15" VPOS="2319" HPOS="2203"/>
                  <String HEIGHT="53"
                          WIDTH="119"
                          VPOS="2319"
                          HPOS="2158"
                          CONTENT="tali"/>
                  <SP HEIGHT="53" WIDTH="15" VPOS="2319" HPOS="2277"/>
                  <String HEIGHT="53"
                          WIDTH="74"
                          VPOS="2319"
                          HPOS="2218"
                          CONTENT="vel"/>
               </TextLine>
               <TextLine ID="r4l100"
                         BASELINE="2416"
                         HEIGHT="58"
                         WIDTH="917"
                         VPOS="2358"
                         HPOS="1365">
                  <String HEIGHT="58"
                          WIDTH="118"
                          VPOS="2358"
                          HPOS="1350"
                          CONTENT="tali"/>
                  <SP HEIGHT="58" WIDTH="15" VPOS="2358" HPOS="1469"/>
                  <String HEIGHT="58"
                          WIDTH="192"
                          VPOS="2358"
                          HPOS="1424"
                          CONTENT="absoluto:"/>
                  <SP HEIGHT="58" WIDTH="15" VPOS="2358" HPOS="1616"/>
                  <String HEIGHT="58" WIDTH="89" VPOS="2358" HPOS="1572" CONTENT="de"/>
                  <SP HEIGHT="58" WIDTH="15" VPOS="2358" HPOS="1661"/>
                  <String HEIGHT="58"
                          WIDTH="104"
                          VPOS="2358"
                          HPOS="1616"
                          CONTENT="quo"/>
                  <SP HEIGHT="58" WIDTH="15" VPOS="2358" HPOS="1720"/>
                  <String HEIGHT="58"
                          WIDTH="163"
                          VPOS="2358"
                          HPOS="1676"
                          CONTENT="habetur"/>
                  <SP HEIGHT="58" WIDTH="15" VPOS="2358" HPOS="1838"/>
                  <String HEIGHT="58"
                          WIDTH="207"
                          VPOS="2358"
                          HPOS="1794"
                          CONTENT="argumentum"/>
                  <SP HEIGHT="58" WIDTH="15" VPOS="2358" HPOS="2001"/>
                  <String HEIGHT="58"
                          WIDTH="177"
                          VPOS="2358"
                          HPOS="1957"
                          CONTENT="sequens."/>
                  <SP HEIGHT="58" WIDTH="15" VPOS="2358" HPOS="2134"/>
                  <String HEIGHT="58"
                          WIDTH="118"
                          VPOS="2358"
                          HPOS="2090"
                          CONTENT="dico"/>
                  <SP HEIGHT="58" WIDTH="15" VPOS="2358" HPOS="2208"/>
                  <String HEIGHT="58"
                          WIDTH="118"
                          VPOS="2358"
                          HPOS="2164"
                          CONTENT="quod"/>
                  <SP HEIGHT="58" WIDTH="15" VPOS="2358" HPOS="2282"/>
                  <String HEIGHT="58" WIDTH="59" VPOS="2358" HPOS="2223" CONTENT="si"/>
               </TextLine>
               <TextLine ID="r4l102"
                         BASELINE="2459"
                         HEIGHT="51"
                         WIDTH="929"
                         VPOS="2408"
                         HPOS="1362">
                  <String HEIGHT="51"
                          WIDTH="90"
                          VPOS="2408"
                          HPOS="1349"
                          CONTENT="res"/>
                  <SP HEIGHT="51" WIDTH="13" VPOS="2408" HPOS="1439"/>
                  <String HEIGHT="51"
                          WIDTH="103"
                          VPOS="2408"
                          HPOS="1401"
                          CONTENT="ille"/>
                  <SP HEIGHT="51" WIDTH="13" VPOS="2408" HPOS="1504"/>
                  <String HEIGHT="51"
                          WIDTH="155"
                          VPOS="2408"
                          HPOS="1465"
                          CONTENT="dicantur"/>
                  <SP HEIGHT="51" WIDTH="13" VPOS="2408" HPOS="1620"/>
                  <String HEIGHT="51"
                          WIDTH="181"
                          VPOS="2408"
                          HPOS="1581"
                          CONTENT="diuersorum"/>
                  <SP HEIGHT="51" WIDTH="13" VPOS="2408" HPOS="1762"/>
                  <String HEIGHT="51"
                          WIDTH="142"
                          VPOS="2408"
                          HPOS="1723"
                          CONTENT="generum"/>
                  <SP HEIGHT="51" WIDTH="13" VPOS="2408" HPOS="1865"/>
                  <String HEIGHT="51" WIDTH="77" VPOS="2408" HPOS="1826" CONTENT="id"/>
                  <SP HEIGHT="51" WIDTH="13" VPOS="2408" HPOS="1904"/>
                  <String HEIGHT="51"
                          WIDTH="90"
                          VPOS="2408"
                          HPOS="1865"
                          CONTENT="est"/>
                  <SP HEIGHT="51" WIDTH="13" VPOS="2408" HPOS="1956"/>
                  <String HEIGHT="51"
                          WIDTH="129"
                          VPOS="2408"
                          HPOS="1917"
                          CONTENT="genere"/>
                  <SP HEIGHT="51" WIDTH="13" VPOS="2408" HPOS="2046"/>
                  <String HEIGHT="51"
                          WIDTH="181"
                          VPOS="2408"
                          HPOS="2007"
                          CONTENT="drasentes:"/>
                  <SP HEIGHT="51" WIDTH="13" VPOS="2408" HPOS="2188"/>
                  <String HEIGHT="51"
                          WIDTH="116"
                          VPOS="2408"
                          HPOS="2149"
                          CONTENT="sicut"/>
                  <SP HEIGHT="51" WIDTH="13" VPOS="2408" HPOS="2265"/>
                  <String HEIGHT="51"
                          WIDTH="77"
                          VPOS="2408"
                          HPOS="2214"
                          CONTENT="pro"
                          SUBS_TYPE="HypPart1"
                          SUBS_CONTENT="probatio"/>
                  <HYP CONTENT="-"/>
               </TextLine>
               <TextLine ID="r4l104"
                         BASELINE="2503"
                         HEIGHT="51"
                         WIDTH="925"
                         VPOS="2452"
                         HPOS="1364">
                  <String HEIGHT="51"
                          WIDTH="111"
                          VPOS="2452"
                          HPOS="1352"
                          CONTENT="batio"
                          SUBS_TYPE="HypPart2"
                          SUBS_CONTENT="probatio"/>
                  <SP HEIGHT="51" WIDTH="12" VPOS="2452" HPOS="1463"/>
                  <String HEIGHT="51"
                          WIDTH="197"
                          VPOS="2452"
                          HPOS="1426"
                          CONTENT="consequentie"/>
                  <SP HEIGHT="51" WIDTH="12" VPOS="2452" HPOS="1623"/>
                  <String HEIGHT="51"
                          WIDTH="136"
                          VPOS="2452"
                          HPOS="1586"
                          CONTENT="videtur"/>
                  <SP HEIGHT="51" WIDTH="12" VPOS="2452" HPOS="1722"/>
                  <String HEIGHT="51"
                          WIDTH="160"
                          VPOS="2452"
                          HPOS="1685"
                          CONTENT="accipere:"/>
                  <SP HEIGHT="51" WIDTH="12" VPOS="2452" HPOS="1845"/>
                  <String HEIGHT="51"
                          WIDTH="173"
                          VPOS="2452"
                          HPOS="1808"
                          CONTENT="Antecedens"/>
                  <SP HEIGHT="51" WIDTH="12" VPOS="2452" HPOS="1981"/>
                  <String HEIGHT="51"
                          WIDTH="111"
                          VPOS="2452"
                          HPOS="1944"
                          CONTENT="illud"/>
                  <SP HEIGHT="51" WIDTH="12" VPOS="2452" HPOS="2055"/>
                  <String HEIGHT="51"
                          WIDTH="86"
                          VPOS="2452"
                          HPOS="2018"
                          CONTENT="est"/>
                  <SP HEIGHT="51" WIDTH="12" VPOS="2452" HPOS="2104"/>
                  <String HEIGHT="51"
                          WIDTH="136"
                          VPOS="2452"
                          HPOS="2067"
                          CONTENT="falsum."/>
                  <SP HEIGHT="51" WIDTH="12" VPOS="2452" HPOS="2203"/>
                  <String HEIGHT="51" WIDTH="62" VPOS="2452" HPOS="2166" CONTENT="⁋"/>
                  <SP HEIGHT="51" WIDTH="12" VPOS="2452" HPOS="2227"/>
                  <String HEIGHT="51" WIDTH="74" VPOS="2452" HPOS="2190" CONTENT="Ad"/>
                  <SP HEIGHT="51" WIDTH="12" VPOS="2452" HPOS="2264"/>
                  <String HEIGHT="51"
                          WIDTH="74"
                          VPOS="2452"
                          HPOS="2215"
                          CONTENT="pro"
                          SUBS_TYPE="HypPart1"
                          SUBS_CONTENT="probationem"/>
                  <HYP CONTENT="-"/>
               </TextLine>
               <TextLine ID="r4l106"
                         BASELINE="2548"
                         HEIGHT="58"
                         WIDTH="917"
                         VPOS="2490"
                         HPOS="1362">
                  <String HEIGHT="58"
                          WIDTH="164"
                          VPOS="2490"
                          HPOS="1348"
                          CONTENT="bationem"
                          SUBS_TYPE="HypPart2"
                          SUBS_CONTENT="probationem"/>
                  <SP HEIGHT="58" WIDTH="14" VPOS="2490" HPOS="1513"/>
                  <String HEIGHT="58"
                          WIDTH="109"
                          VPOS="2490"
                          HPOS="1471"
                          CONTENT="dico"/>
                  <SP HEIGHT="58" WIDTH="14" VPOS="2490" HPOS="1581"/>
                  <String HEIGHT="58"
                          WIDTH="178"
                          VPOS="2490"
                          HPOS="1540"
                          CONTENT="supposito"/>
                  <SP HEIGHT="58" WIDTH="14" VPOS="2490" HPOS="1718"/>
                  <String HEIGHT="58"
                          WIDTH="109"
                          VPOS="2490"
                          HPOS="1677"
                          CONTENT="quod"/>
                  <SP HEIGHT="58" WIDTH="14" VPOS="2490" HPOS="1786"/>
                  <String HEIGHT="58"
                          WIDTH="123"
                          VPOS="2490"
                          HPOS="1745"
                          CONTENT="nulla"/>
                  <SP HEIGHT="58" WIDTH="14" VPOS="2490" HPOS="1868"/>
                  <String HEIGHT="58"
                          WIDTH="178"
                          VPOS="2490"
                          HPOS="1827"
                          CONTENT="quantitas"/>
                  <SP HEIGHT="58" WIDTH="14" VPOS="2490" HPOS="2005"/>
                  <String HEIGHT="58"
                          WIDTH="96"
                          VPOS="2490"
                          HPOS="1964"
                          CONTENT="sit"/>
                  <SP HEIGHT="58" WIDTH="14" VPOS="2490" HPOS="2060"/>
                  <String HEIGHT="58"
                          WIDTH="178"
                          VPOS="2490"
                          HPOS="2019"
                          CONTENT="qualitas:"/>
                  <SP HEIGHT="58" WIDTH="14" VPOS="2490" HPOS="2197"/>
                  <String HEIGHT="58"
                          WIDTH="137"
                          VPOS="2490"
                          HPOS="2142"
                          CONTENT="quelibet"/>
               </TextLine>
               <TextLine ID="r4l108"
                         BASELINE="2591"
                         HEIGHT="48"
                         WIDTH="925"
                         VPOS="2543"
                         HPOS="1363">
                  <String HEIGHT="48"
                          WIDTH="167"
                          VPOS="2543"
                          HPOS="1350"
                          CONTENT="equalitas"/>
                  <SP HEIGHT="48" WIDTH="13" VPOS="2543" HPOS="1517"/>
                  <String HEIGHT="48"
                          WIDTH="193"
                          VPOS="2543"
                          HPOS="1479"
                          CONTENT="quantitatis"/>
                  <SP HEIGHT="48" WIDTH="13" VPOS="2543" HPOS="1671"/>
                  <String HEIGHT="48"
                          WIDTH="116"
                          VPOS="2543"
                          HPOS="1633"
                          CONTENT="magis"/>
                  <SP HEIGHT="48" WIDTH="13" VPOS="2543" HPOS="1748"/>
                  <String HEIGHT="48"
                          WIDTH="141"
                          VPOS="2543"
                          HPOS="1710"
                          CONTENT="differt"/>
                  <SP HEIGHT="48" WIDTH="13" VPOS="2543" HPOS="1851"/>
                  <String HEIGHT="48" WIDTH="64" VPOS="2543" HPOS="1813" CONTENT="a"/>
                  <SP HEIGHT="48" WIDTH="13" VPOS="2543" HPOS="1877"/>
                  <String HEIGHT="48"
                          WIDTH="154"
                          VPOS="2543"
                          HPOS="1838"
                          CONTENT="qualibet"/>
                  <SP HEIGHT="48" WIDTH="13" VPOS="2543" HPOS="1993"/>
                  <String HEIGHT="48"
                          WIDTH="218"
                          VPOS="2543"
                          HPOS="1954"
                          CONTENT="similitudinie"/>
                  <SP HEIGHT="48" WIDTH="13" VPOS="2543" HPOS="2172"/>
                  <String HEIGHT="48"
                          WIDTH="167"
                          VPOS="2543"
                          HPOS="2121"
                          CONTENT="qualitatis:"/>
               </TextLine>
               <TextLine ID="r4l110"
                         BASELINE="2641"
                         HEIGHT="59"
                         WIDTH="914"
                         VPOS="2582"
                         HPOS="1367">
                  <String HEIGHT="59"
                          WIDTH="118"
                          VPOS="2582"
                          HPOS="1352"
                          CONTENT="quam"/>
                  <SP HEIGHT="59" WIDTH="15" VPOS="2582" HPOS="1470"/>
                  <String HEIGHT="59"
                          WIDTH="206"
                          VPOS="2582"
                          HPOS="1426"
                          CONTENT="similitudo"/>
                  <SP HEIGHT="59" WIDTH="15" VPOS="2582" HPOS="1632"/>
                  <String HEIGHT="59"
                          WIDTH="162"
                          VPOS="2582"
                          HPOS="1588"
                          CONTENT="caloris"/>
                  <SP HEIGHT="59" WIDTH="15" VPOS="2582" HPOS="1750"/>
                  <String HEIGHT="59"
                          WIDTH="206"
                          VPOS="2582"
                          HPOS="1706"
                          CONTENT="productiui"/>
                  <SP HEIGHT="59" WIDTH="15" VPOS="2582" HPOS="1912"/>
                  <String HEIGHT="59" WIDTH="88" VPOS="2582" HPOS="1868" CONTENT="ab"/>
                  <SP HEIGHT="59" WIDTH="15" VPOS="2582" HPOS="1957"/>
                  <String HEIGHT="59"
                          WIDTH="206"
                          VPOS="2582"
                          HPOS="1912"
                          CONTENT="actiuitate"/>
                  <SP HEIGHT="59" WIDTH="15" VPOS="2582" HPOS="2119"/>
                  <String HEIGHT="59"
                          WIDTH="103"
                          VPOS="2582"
                          HPOS="2075"
                          CONTENT="vel"/>
                  <SP HEIGHT="59" WIDTH="15" VPOS="2582" HPOS="2178"/>
                  <String HEIGHT="59"
                          WIDTH="162"
                          VPOS="2582"
                          HPOS="2119"
                          CONTENT="potentia."/>
               </TextLine>
               <TextLine ID="r4l112"
                         BASELINE="2682"
                         HEIGHT="61"
                         WIDTH="915"
                         VPOS="2621"
                         HPOS="1364">
                  <String HEIGHT="61"
                          WIDTH="159"
                          VPOS="2621"
                          HPOS="1351"
                          CONTENT="eiusdem."/>
                  <SP HEIGHT="61" WIDTH="13" VPOS="2621" HPOS="1510"/>
                  <String HEIGHT="61"
                          WIDTH="146"
                          VPOS="2621"
                          HPOS="1470"
                          CONTENT="vocetur"/>
                  <SP HEIGHT="61" WIDTH="13" VPOS="2621" HPOS="1616"/>
                  <String HEIGHT="61"
                          WIDTH="119"
                          VPOS="2621"
                          HPOS="1576"
                          CONTENT="autem"/>
                  <SP HEIGHT="61" WIDTH="13" VPOS="2621" HPOS="1696"/>
                  <String HEIGHT="61"
                          WIDTH="172"
                          VPOS="2621"
                          HPOS="1656"
                          CONTENT="actiuitas"/>
                  <SP HEIGHT="61" WIDTH="13" VPOS="2621" HPOS="1828"/>
                  <String HEIGHT="61"
                          WIDTH="93"
                          VPOS="2621"
                          HPOS="1788"
                          CONTENT="vel"/>
                  <SP HEIGHT="61" WIDTH="13" VPOS="2621" HPOS="1881"/>
                  <String HEIGHT="61"
                          WIDTH="159"
                          VPOS="2621"
                          HPOS="1841"
                          CONTENT="potentia"/>
                  <SP HEIGHT="61" WIDTH="13" VPOS="2621" HPOS="2001"/>
                  <String HEIGHT="61"
                          WIDTH="146"
                          VPOS="2621"
                          HPOS="1961"
                          CONTENT="relatio"/>
                  <SP HEIGHT="61" WIDTH="13" VPOS="2621" HPOS="2107"/>
                  <String HEIGHT="61"
                          WIDTH="106"
                          VPOS="2621"
                          HPOS="2067"
                          CONTENT="illa"/>
                  <SP HEIGHT="61" WIDTH="13" VPOS="2621" HPOS="2173"/>
                  <String HEIGHT="61"
                          WIDTH="106"
                          VPOS="2621"
                          HPOS="2133"
                          CONTENT="quae"/>
                  <SP HEIGHT="61" WIDTH="13" VPOS="2621" HPOS="2239"/>
                  <String HEIGHT="61"
                          WIDTH="93"
                          VPOS="2621"
                          HPOS="2186"
                          CONTENT="dici"
                          SUBS_TYPE="HypPart1"
                          SUBS_CONTENT="dicitur"/>
                  <HYP CONTENT="-"/>
               </TextLine>
               <TextLine ID="r4l114"
                         BASELINE="2719"
                         HEIGHT="53"
                         WIDTH="912"
                         VPOS="2666"
                         HPOS="1367">
                  <String HEIGHT="53"
                          WIDTH="93"
                          VPOS="2666"
                          HPOS="1354"
                          CONTENT="tur"
                          SUBS_TYPE="HypPart2"
                          SUBS_CONTENT="dicitur"/>
                  <SP HEIGHT="53" WIDTH="13" VPOS="2666" HPOS="1446"/>
                  <String HEIGHT="53"
                          WIDTH="145"
                          VPOS="2666"
                          HPOS="1407"
                          CONTENT="relatio"/>
                  <SP HEIGHT="53" WIDTH="13" VPOS="2666" HPOS="1552"/>
                  <String HEIGHT="53"
                          WIDTH="172"
                          VPOS="2666"
                          HPOS="1512"
                          CONTENT="potentie:"/>
                  <SP HEIGHT="53" WIDTH="13" VPOS="2666" HPOS="1684"/>
                  <String HEIGHT="53"
                          WIDTH="106"
                          VPOS="2666"
                          HPOS="1645"
                          CONTENT="quin"/>
                  <SP HEIGHT="53" WIDTH="13" VPOS="2666" HPOS="1750"/>
                  <String HEIGHT="53"
                          WIDTH="106"
                          VPOS="2666"
                          HPOS="1711"
                          CONTENT="immo"/>
                  <SP HEIGHT="53" WIDTH="13" VPOS="2666" HPOS="1816"/>
                  <String HEIGHT="53"
                          WIDTH="106"
                          VPOS="2666"
                          HPOS="1777"
                          CONTENT="ista"/>
                  <SP HEIGHT="53" WIDTH="13" VPOS="2666" HPOS="1882"/>
                  <String HEIGHT="53"
                          WIDTH="185"
                          VPOS="2666"
                          HPOS="1843"
                          CONTENT="similitudo"/>
                  <SP HEIGHT="53" WIDTH="13" VPOS="2666" HPOS="2028"/>
                  <String HEIGHT="53" WIDTH="79" VPOS="2666" HPOS="1988" CONTENT="et"/>
                  <SP HEIGHT="53" WIDTH="13" VPOS="2666" HPOS="2068"/>
                  <String HEIGHT="53"
                          WIDTH="106"
                          VPOS="2666"
                          HPOS="2028"
                          CONTENT="ista"/>
                  <SP HEIGHT="53" WIDTH="13" VPOS="2666" HPOS="2134"/>
                  <String HEIGHT="53"
                          WIDTH="159"
                          VPOS="2666"
                          HPOS="2094"
                          CONTENT="potentia"/>
                  <SP HEIGHT="53" WIDTH="13" VPOS="2666" HPOS="2253"/>
                  <String HEIGHT="53"
                          WIDTH="79"
                          VPOS="2666"
                          HPOS="2200"
                          CONTENT="nul"
                          SUBS_TYPE="HypPart1"
                          SUBS_CONTENT="nullo"/>
                  <HYP CONTENT="-"/>
               </TextLine>
               <TextLine ID="r4l116"
                         BASELINE="2763"
                         HEIGHT="52"
                         WIDTH="912"
                         VPOS="2711"
                         HPOS="1368">
                  <String HEIGHT="52"
                          WIDTH="88"
                          VPOS="2711"
                          HPOS="1353"
                          CONTENT="lo"
                          SUBS_TYPE="HypPart2"
                          SUBS_CONTENT="nullo"/>
                  <SP HEIGHT="52" WIDTH="15" VPOS="2711" HPOS="1442"/>
                  <String HEIGHT="52"
                          WIDTH="118"
                          VPOS="2711"
                          HPOS="1397"
                          CONTENT="modo"/>
                  <SP HEIGHT="52" WIDTH="15" VPOS="2711" HPOS="1515"/>
                  <String HEIGHT="52"
                          WIDTH="132"
                          VPOS="2711"
                          HPOS="1471"
                          CONTENT="dunt:"/>
                  <SP HEIGHT="52" WIDTH="15" VPOS="2711" HPOS="1603"/>
                  <String HEIGHT="52"
                          WIDTH="103"
                          VPOS="2711"
                          HPOS="1559"
                          CONTENT="sed"/>
                  <SP HEIGHT="52" WIDTH="15" VPOS="2711" HPOS="1662"/>
                  <String HEIGHT="52"
                          WIDTH="118"
                          VPOS="2711"
                          HPOS="1618"
                          CONTENT="sunt"/>
                  <SP HEIGHT="52" WIDTH="15" VPOS="2711" HPOS="1736"/>
                  <String HEIGHT="52"
                          WIDTH="118"
                          VPOS="2711"
                          HPOS="1692"
                          CONTENT="idem"/>
                  <SP HEIGHT="52" WIDTH="15" VPOS="2711" HPOS="1809"/>
                  <String HEIGHT="52"
                          WIDTH="162"
                          VPOS="2711"
                          HPOS="1765"
                          CONTENT="numero:"/>
                  <SP HEIGHT="52" WIDTH="15" VPOS="2711" HPOS="1927"/>
                  <String HEIGHT="52" WIDTH="88" VPOS="2711" HPOS="1883" CONTENT="et"/>
                  <SP HEIGHT="52" WIDTH="15" VPOS="2711" HPOS="1971"/>
                  <String HEIGHT="52" WIDTH="88" VPOS="2711" HPOS="1927" CONTENT="in"/>
                  <SP HEIGHT="52" WIDTH="15" VPOS="2711" HPOS="2015"/>
                  <String HEIGHT="52"
                          WIDTH="191"
                          VPOS="2711"
                          HPOS="1971"
                          CONTENT="quocumque"/>
                  <SP HEIGHT="52" WIDTH="15" VPOS="2711" HPOS="2162"/>
                  <String HEIGHT="52"
                          WIDTH="147"
                          VPOS="2711"
                          HPOS="2118"
                          CONTENT="genere"/>
                  <SP HEIGHT="52" WIDTH="15" VPOS="2711" HPOS="2265"/>
                  <String HEIGHT="52"
                          WIDTH="74"
                          VPOS="2711"
                          HPOS="2206"
                          CONTENT="vel"/>
               </TextLine>
               <TextLine ID="r4l118"
                         BASELINE="2816"
                         HEIGHT="58"
                         WIDTH="912"
                         VPOS="2758"
                         HPOS="1375">
                  <String HEIGHT="58"
                          WIDTH="123"
                          VPOS="2758"
                          HPOS="1363"
                          CONTENT="specie"/>
                  <SP HEIGHT="58" WIDTH="12" VPOS="2758" HPOS="1486"/>
                  <String HEIGHT="58"
                          WIDTH="86"
                          VPOS="2758"
                          HPOS="1449"
                          CONTENT="est"/>
                  <SP HEIGHT="58" WIDTH="12" VPOS="2758" HPOS="1535"/>
                  <String HEIGHT="58"
                          WIDTH="86"
                          VPOS="2758"
                          HPOS="1498"
                          CONTENT="hec"/>
                  <SP HEIGHT="58" WIDTH="12" VPOS="2758" HPOS="1585"/>
                  <String HEIGHT="58"
                          WIDTH="173"
                          VPOS="2758"
                          HPOS="1548"
                          CONTENT="similitudo"/>
                  <SP HEIGHT="58" WIDTH="12" VPOS="2758" HPOS="1720"/>
                  <String HEIGHT="58"
                          WIDTH="86"
                          VPOS="2758"
                          HPOS="1683"
                          CONTENT="est"/>
                  <SP HEIGHT="58" WIDTH="12" VPOS="2758" HPOS="1769"/>
                  <String HEIGHT="58"
                          WIDTH="99"
                          VPOS="2758"
                          HPOS="1732"
                          CONTENT="ista"/>
                  <SP HEIGHT="58" WIDTH="12" VPOS="2758" HPOS="1831"/>
                  <String HEIGHT="58"
                          WIDTH="160"
                          VPOS="2758"
                          HPOS="1794"
                          CONTENT="potentia:"/>
                  <SP HEIGHT="58" WIDTH="12" VPOS="2758" HPOS="1954"/>
                  <String HEIGHT="58" WIDTH="74" VPOS="2758" HPOS="1917" CONTENT="et"/>
                  <SP HEIGHT="58" WIDTH="12" VPOS="2758" HPOS="1991"/>
                  <String HEIGHT="58"
                          WIDTH="160"
                          VPOS="2758"
                          HPOS="1954"
                          CONTENT="econverso"/>
                  <SP HEIGHT="58" WIDTH="12" VPOS="2758" HPOS="2114"/>
                  <String HEIGHT="58" WIDTH="74" VPOS="2758" HPOS="2077" CONTENT="et"/>
                  <SP HEIGHT="58" WIDTH="12" VPOS="2758" HPOS="2151"/>
                  <String HEIGHT="58"
                          WIDTH="99"
                          VPOS="2758"
                          HPOS="2114"
                          CONTENT="vtor"/>
                  <SP HEIGHT="58" WIDTH="12" VPOS="2758" HPOS="2213"/>
                  <String HEIGHT="58"
                          WIDTH="86"
                          VPOS="2758"
                          HPOS="2176"
                          CONTENT="hic"/>
                  <SP HEIGHT="58" WIDTH="12" VPOS="2758" HPOS="2262"/>
                  <String HEIGHT="58"
                          WIDTH="74"
                          VPOS="2758"
                          HPOS="2213"
                          CONTENT="ter"
                          SUBS_TYPE="HypPart1"
                          SUBS_CONTENT="terminis"/>
                  <HYP CONTENT="-"/>
               </TextLine>
               <TextLine ID="r4l120"
                         BASELINE="2858"
                         HEIGHT="56"
                         WIDTH="915"
                         VPOS="2802"
                         HPOS="1359">
                  <String HEIGHT="56"
                          WIDTH="118"
                          VPOS="2802"
                          HPOS="1346"
                          CONTENT="minis"
                          SUBS_TYPE="HypPart2"
                          SUBS_CONTENT="terminis"/>
                  <SP HEIGHT="56" WIDTH="13" VPOS="2802" HPOS="1464"/>
                  <String HEIGHT="56"
                          WIDTH="235"
                          VPOS="2802"
                          HPOS="1424"
                          CONTENT="significatiue."/>
                  <SP HEIGHT="56" WIDTH="13" VPOS="2802" HPOS="1660"/>
                  <String HEIGHT="56" WIDTH="78" VPOS="2802" HPOS="1620" CONTENT="Si"/>
                  <SP HEIGHT="56" WIDTH="13" VPOS="2802" HPOS="1699"/>
                  <String HEIGHT="56"
                          WIDTH="118"
                          VPOS="2802"
                          HPOS="1660"
                          CONTENT="autem"/>
                  <SP HEIGHT="56" WIDTH="13" VPOS="2802" HPOS="1777"/>
                  <String HEIGHT="56"
                          WIDTH="170"
                          VPOS="2802"
                          HPOS="1738"
                          CONTENT="quaelitas"/>
                  <SP HEIGHT="56" WIDTH="13" VPOS="2802" HPOS="1908"/>
                  <String HEIGHT="56"
                          WIDTH="118"
                          VPOS="2802"
                          HPOS="1869"
                          CONTENT="esset"/>
                  <SP HEIGHT="56" WIDTH="13" VPOS="2802" HPOS="1986"/>
                  <String HEIGHT="56"
                          WIDTH="170"
                          VPOS="2802"
                          HPOS="1947"
                          CONTENT="quantitas"/>
                  <SP HEIGHT="56" WIDTH="13" VPOS="2802" HPOS="2117"/>
                  <String HEIGHT="56"
                          WIDTH="92"
                          VPOS="2802"
                          HPOS="2078"
                          CONTENT="non"/>
                  <SP HEIGHT="56" WIDTH="13" VPOS="2802" HPOS="2169"/>
                  <String HEIGHT="56"
                          WIDTH="118"
                          VPOS="2802"
                          HPOS="2130"
                          CONTENT="esset"/>
                  <SP HEIGHT="56" WIDTH="13" VPOS="2802" HPOS="2248"/>
                  <String HEIGHT="56"
                          WIDTH="78"
                          VPOS="2802"
                          HPOS="2196"
                          CONTENT="pro"
                          SUBS_TYPE="HypPart1"
                          SUBS_CONTENT="propatio"/>
                  <HYP CONTENT="-"/>
               </TextLine>
               <TextLine ID="r4l122"
                         BASELINE="2900"
                         HEIGHT="58"
                         WIDTH="910"
                         VPOS="2842"
                         HPOS="1373">
                  <String HEIGHT="58"
                          WIDTH="120"
                          VPOS="2842"
                          HPOS="1360"
                          CONTENT="patio"
                          SUBS_TYPE="HypPart2"
                          SUBS_CONTENT="propatio"/>
                  <SP HEIGHT="58" WIDTH="13" VPOS="2842" HPOS="1480"/>
                  <String HEIGHT="58" WIDTH="80" VPOS="2842" HPOS="1440" CONTENT="ad"/>
                  <SP HEIGHT="58" WIDTH="13" VPOS="2842" HPOS="1520"/>
                  <String HEIGHT="58"
                          WIDTH="201"
                          VPOS="2842"
                          HPOS="1480"
                          CONTENT="propositum."/>
                  <SP HEIGHT="58" WIDTH="13" VPOS="2842" HPOS="1681"/>
                  <String HEIGHT="58" WIDTH="80" VPOS="2842" HPOS="1641" CONTENT="Si"/>
                  <SP HEIGHT="58" WIDTH="13" VPOS="2842" HPOS="1721"/>
                  <String HEIGHT="58"
                          WIDTH="107"
                          VPOS="2842"
                          HPOS="1681"
                          CONTENT="vero"/>
                  <SP HEIGHT="58" WIDTH="13" VPOS="2842" HPOS="1788"/>
                  <String HEIGHT="58" WIDTH="80" VPOS="2842" HPOS="1748" CONTENT="in"/>
                  <SP HEIGHT="58" WIDTH="13" VPOS="2842" HPOS="1828"/>
                  <String HEIGHT="58"
                          WIDTH="201"
                          VPOS="2842"
                          HPOS="1788"
                          CONTENT="antecedente"/>
                  <SP HEIGHT="58" WIDTH="13" VPOS="2842" HPOS="1989"/>
                  <String HEIGHT="58"
                          WIDTH="161"
                          VPOS="2842"
                          HPOS="1948"
                          CONTENT="dicantur"/>
                  <SP HEIGHT="58" WIDTH="13" VPOS="2842" HPOS="2109"/>
                  <String HEIGHT="58"
                          WIDTH="94"
                          VPOS="2842"
                          HPOS="2069"
                          CONTENT="res"/>
                  <SP HEIGHT="58" WIDTH="13" VPOS="2842" HPOS="2163"/>
                  <String HEIGHT="58"
                          WIDTH="174"
                          VPOS="2842"
                          HPOS="2109"
                          CONTENT="diuersorum"
                          SUBS_TYPE="HypPart1"
                          SUBS_CONTENT="diuersorumtenerum"/>
                  <HYP CONTENT="-"/>
               </TextLine>
               <TextLine ID="r4l124"
                         BASELINE="2941"
                         HEIGHT="57"
                         WIDTH="896"
                         VPOS="2884"
                         HPOS="1377">
                  <String HEIGHT="57"
                          WIDTH="119"
                          VPOS="2884"
                          HPOS="1366"
                          CONTENT="tenerum"
                          SUBS_TYPE="HypPart2"
                          SUBS_CONTENT="diuersorumtenerum"/>
                  <SP HEIGHT="57" WIDTH="11" VPOS="2884" HPOS="1485"/>
                  <String HEIGHT="57" WIDTH="65" VPOS="2884" HPOS="1453" CONTENT="id"/>
                  <SP HEIGHT="57" WIDTH="11" VPOS="2884" HPOS="1517"/>
                  <String HEIGHT="57"
                          WIDTH="76"
                          VPOS="2884"
                          HPOS="1485"
                          CONTENT="est"/>
                  <SP HEIGHT="57" WIDTH="11" VPOS="2884" HPOS="1561"/>
                  <String HEIGHT="57"
                          WIDTH="151"
                          VPOS="2884"
                          HPOS="1528"
                          CONTENT="existentes"/>
                  <SP HEIGHT="57" WIDTH="11" VPOS="2884" HPOS="1679"/>
                  <String HEIGHT="57" WIDTH="65" VPOS="2884" HPOS="1647" CONTENT="in"/>
                  <SP HEIGHT="57" WIDTH="11" VPOS="2884" HPOS="1712"/>
                  <String HEIGHT="57"
                          WIDTH="130"
                          VPOS="2884"
                          HPOS="1679"
                          CONTENT="pluribus"/>
                  <SP HEIGHT="57" WIDTH="11" VPOS="2884" HPOS="1809"/>
                  <String HEIGHT="57"
                          WIDTH="151"
                          VPOS="2884"
                          HPOS="1776"
                          CONTENT="generibus:"/>
                  <SP HEIGHT="57" WIDTH="11" VPOS="2884" HPOS="1928"/>
                  <String HEIGHT="57"
                          WIDTH="86"
                          VPOS="2884"
                          HPOS="1895"
                          CONTENT="quia"/>
                  <SP HEIGHT="57" WIDTH="11" VPOS="2884" HPOS="1982"/>
                  <String HEIGHT="57"
                          WIDTH="151"
                          VPOS="2884"
                          HPOS="1949"
                          CONTENT="antecedens"/>
                  <SP HEIGHT="57" WIDTH="11" VPOS="2884" HPOS="2100"/>
                  <String HEIGHT="57"
                          WIDTH="76"
                          VPOS="2884"
                          HPOS="2068"
                          CONTENT="est"/>
                  <SP HEIGHT="57" WIDTH="11" VPOS="2884" HPOS="2143"/>
                  <String HEIGHT="57"
                          WIDTH="151"
                          VPOS="2884"
                          HPOS="2111"
                          CONTENT="propositio"/>
                  <SP HEIGHT="57" WIDTH="11" VPOS="2884" HPOS="2262"/>
                  <String HEIGHT="57"
                          WIDTH="54"
                          VPOS="2884"
                          HPOS="2219"
                          CONTENT="in"
                          SUBS_TYPE="HypPart1"
                          SUBS_CONTENT="indefinita"/>
                  <HYP CONTENT="-"/>
               </TextLine>
               <TextLine ID="r4l126"
                         BASELINE="2982"
                         HEIGHT="52"
                         WIDTH="906"
                         VPOS="2930"
                         HPOS="1365">
                  <String HEIGHT="52"
                          WIDTH="145"
                          VPOS="2930"
                          HPOS="1353"
                          CONTENT="definita"
                          SUBS_TYPE="HypPart2"
                          SUBS_CONTENT="indefinita"/>
                  <SP HEIGHT="52" WIDTH="12" VPOS="2930" HPOS="1498"/>
                  <String HEIGHT="52"
                          WIDTH="121"
                          VPOS="2930"
                          HPOS="1462"
                          CONTENT="potest"/>
                  <SP HEIGHT="52" WIDTH="12" VPOS="2930" HPOS="1582"/>
                  <String HEIGHT="52"
                          WIDTH="145"
                          VPOS="2930"
                          HPOS="1546"
                          CONTENT="concedi."/>
                  <SP HEIGHT="52" WIDTH="12" VPOS="2930" HPOS="1691"/>
                  <String HEIGHT="52"
                          WIDTH="85"
                          VPOS="2930"
                          HPOS="1655"
                          CONTENT="Sed"/>
                  <SP HEIGHT="52" WIDTH="12" VPOS="2930" HPOS="1739"/>
                  <String HEIGHT="52"
                          WIDTH="193"
                          VPOS="2930"
                          HPOS="1703"
                          CONTENT="consequentia"/>
                  <SP HEIGHT="52" WIDTH="12" VPOS="2930" HPOS="1897"/>
                  <String HEIGHT="52"
                          WIDTH="97"
                          VPOS="2930"
                          HPOS="1860"
                          CONTENT="tunc"/>
                  <SP HEIGHT="52" WIDTH="12" VPOS="2930" HPOS="1957"/>
                  <String HEIGHT="52"
                          WIDTH="85"
                          VPOS="2930"
                          HPOS="1921"
                          CONTENT="non"/>
                  <SP HEIGHT="52" WIDTH="12" VPOS="2930" HPOS="2005"/>
                  <String HEIGHT="52"
                          WIDTH="121"
                          VPOS="2930"
                          HPOS="1969"
                          CONTENT="valet:"/>
                  <SP HEIGHT="52" WIDTH="12" VPOS="2930" HPOS="2090"/>
                  <String HEIGHT="52"
                          WIDTH="85"
                          VPOS="2930"
                          HPOS="2054"
                          CONTENT="nec"/>
                  <SP HEIGHT="52" WIDTH="12" VPOS="2930" HPOS="2138"/>
                  <String HEIGHT="52"
                          WIDTH="145"
                          VPOS="2930"
                          HPOS="2102"
                          CONTENT="probatio"/>
                  <SP HEIGHT="52" WIDTH="12" VPOS="2930" HPOS="2247"/>
                  <String HEIGHT="52"
                          WIDTH="72"
                          VPOS="2930"
                          HPOS="2199"
                          CONTENT="ten"
                          SUBS_TYPE="HypPart1"
                          SUBS_CONTENT="tendit"/>
                  <HYP CONTENT="-"/>
               </TextLine>
               <TextLine ID="line_1597362677996_2173"
                         BASELINE="3029"
                         HEIGHT="56"
                         WIDTH="939"
                         VPOS="2973"
                         HPOS="1368">
                  <String HEIGHT="56"
                          WIDTH="97"
                          VPOS="2973"
                          HPOS="1354"
                          CONTENT="dit"
                          SUBS_TYPE="HypPart2"
                          SUBS_CONTENT="tendit"/>
                  <SP HEIGHT="56" WIDTH="14" VPOS="2973" HPOS="1451"/>
                  <String HEIGHT="56" WIDTH="83" VPOS="2973" HPOS="1409" CONTENT="ad"/>
                  <SP HEIGHT="56" WIDTH="14" VPOS="2973" HPOS="1492"/>
                  <String HEIGHT="56"
                          WIDTH="110"
                          VPOS="2973"
                          HPOS="1451"
                          CONTENT="hunc"/>
                  <SP HEIGHT="56" WIDTH="14" VPOS="2973" HPOS="1561"/>
                  <String HEIGHT="56"
                          WIDTH="152"
                          VPOS="2973"
                          HPOS="1520"
                          CONTENT="sensum."/>
                  <SP HEIGHT="56" WIDTH="14" VPOS="2973" HPOS="1672"/>
                  <String HEIGHT="56" WIDTH="69" VPOS="2973" HPOS="1630" CONTENT="⁋"/>
                  <SP HEIGHT="56" WIDTH="14" VPOS="2973" HPOS="1699"/>
                  <String HEIGHT="56" WIDTH="83" VPOS="2973" HPOS="1658" CONTENT="Ad"/>
                  <SP HEIGHT="56" WIDTH="14" VPOS="2973" HPOS="1741"/>
                  <String HEIGHT="56" WIDTH="83" VPOS="2973" HPOS="1699" CONTENT="7m"/>
                  <SP HEIGHT="56" WIDTH="14" VPOS="2973" HPOS="1782"/>
                  <String HEIGHT="56"
                          WIDTH="97"
                          VPOS="2973"
                          HPOS="1741"
                          CONTENT="cum"/>
                  <SP HEIGHT="56" WIDTH="14" VPOS="2973" HPOS="1838"/>
                  <String HEIGHT="56"
                          WIDTH="152"
                          VPOS="2973"
                          HPOS="1796"
                          CONTENT="dicitur"/>
                  <SP HEIGHT="56" WIDTH="14" VPOS="2973" HPOS="1948"/>
                  <String HEIGHT="56"
                          WIDTH="110"
                          VPOS="2973"
                          HPOS="1907"
                          CONTENT="quod"/>
                  <SP HEIGHT="56" WIDTH="14" VPOS="2973" HPOS="2017"/>
                  <String HEIGHT="56"
                          WIDTH="124"
                          VPOS="2973"
                          HPOS="1976"
                          CONTENT="inter"/>
                  <SP HEIGHT="56" WIDTH="14" VPOS="2973" HPOS="2100"/>
                  <String HEIGHT="56"
                          WIDTH="124"
                          VPOS="2973"
                          HPOS="2058"
                          CONTENT="eadem"/>
                  <SP HEIGHT="56" WIDTH="14" VPOS="2973" HPOS="2183"/>
                  <String HEIGHT="56"
                          WIDTH="152"
                          VPOS="2973"
                          HPOS="2141"
                          CONTENT="extrema"/>
                  <SP HEIGHT="56" WIDTH="14" VPOS="2973" HPOS="2293"/>
                  <String HEIGHT="56"
                          WIDTH="69"
                          VPOS="2973"
                          HPOS="2238"
                          CONTENT="ert"/>
               </TextLine>
               <TextLine ID="r4l130"
                         BASELINE="3073"
                         HEIGHT="57"
                         WIDTH="913"
                         VPOS="3016"
                         HPOS="1367">
                  <String HEIGHT="57"
                          WIDTH="83"
                          VPOS="3016"
                          HPOS="1355"
                          CONTENT="non"/>
                  <SP HEIGHT="57" WIDTH="12" VPOS="3016" HPOS="1438"/>
                  <String HEIGHT="57"
                          WIDTH="130"
                          VPOS="3016"
                          HPOS="1403"
                          CONTENT="possunt"/>
                  <SP HEIGHT="57" WIDTH="12" VPOS="3016" HPOS="1533"/>
                  <String HEIGHT="57"
                          WIDTH="95"
                          VPOS="3016"
                          HPOS="1497"
                          CONTENT="esse"/>
                  <SP HEIGHT="57" WIDTH="12" VPOS="3016" HPOS="1592"/>
                  <String HEIGHT="57"
                          WIDTH="166"
                          VPOS="3016"
                          HPOS="1557"
                          CONTENT="relationes"/>
                  <SP HEIGHT="57" WIDTH="12" VPOS="3016" HPOS="1723"/>
                  <String HEIGHT="57"
                          WIDTH="130"
                          VPOS="3016"
                          HPOS="1687"
                          CONTENT="diuerse"/>
                  <SP HEIGHT="57" WIDTH="12" VPOS="3016" HPOS="1818"/>
                  <String HEIGHT="57"
                          WIDTH="142"
                          VPOS="3016"
                          HPOS="1782"
                          CONTENT="secundum"/>
                  <SP HEIGHT="57" WIDTH="12" VPOS="3016" HPOS="1924"/>
                  <String HEIGHT="57"
                          WIDTH="130"
                          VPOS="3016"
                          HPOS="1889"
                          CONTENT="speciem"/>
                  <SP HEIGHT="57" WIDTH="12" VPOS="3016" HPOS="2019"/>
                  <String HEIGHT="57" WIDTH="71" VPOS="3016" HPOS="1984" CONTENT="si"/>
                  <SP HEIGHT="57" WIDTH="12" VPOS="3016" HPOS="2055"/>
                  <String HEIGHT="57"
                          WIDTH="190"
                          VPOS="3016"
                          HPOS="2019"
                          CONTENT="intelligitur"/>
                  <SP HEIGHT="57" WIDTH="12" VPOS="3016" HPOS="2209"/>
                  <String HEIGHT="57"
                          WIDTH="130"
                          VPOS="3016"
                          HPOS="2173"
                          CONTENT="proprie"/>
                  <SP HEIGHT="57" WIDTH="12" VPOS="3016" HPOS="2304"/>
                  <String HEIGHT="57" WIDTH="24" VPOS="3016" HPOS="2256" CONTENT=""/>
               </TextLine>
               <TextLine ID="r4l132"
                         BASELINE="3132"
                         HEIGHT="71"
                         WIDTH="909"
                         VPOS="3061"
                         HPOS="1367">
                  <String HEIGHT="71"
                          WIDTH="141"
                          VPOS="3061"
                          HPOS="1354"
                          CONTENT="concedo"/>
                  <SP HEIGHT="71" WIDTH="13" VPOS="3061" HPOS="1495"/>
                  <String HEIGHT="71"
                          WIDTH="115"
                          VPOS="3061"
                          HPOS="1457"
                          CONTENT="illud"/>
                  <SP HEIGHT="71" WIDTH="13" VPOS="3061" HPOS="1572"/>
                  <String HEIGHT="71"
                          WIDTH="192"
                          VPOS="3061"
                          HPOS="1533"
                          CONTENT="consequens."/>
                  <SP HEIGHT="71" WIDTH="13" VPOS="3061" HPOS="1725"/>
                  <String HEIGHT="71" WIDTH="64" VPOS="3061" HPOS="1687" CONTENT="⁋"/>
                  <SP HEIGHT="71" WIDTH="13" VPOS="3061" HPOS="1751"/>
                  <String HEIGHT="71" WIDTH="77" VPOS="3061" HPOS="1713" CONTENT="Ad"/>
                  <SP HEIGHT="71" WIDTH="13" VPOS="3061" HPOS="1789"/>
                  <String HEIGHT="71"
                          WIDTH="192"
                          VPOS="3061"
                          HPOS="1751"
                          CONTENT="probationem"/>
                  <SP HEIGHT="71" WIDTH="13" VPOS="3061" HPOS="1943"/>
                  <String HEIGHT="71"
                          WIDTH="179"
                          VPOS="3061"
                          HPOS="1905"
                          CONTENT="falsitatis"/>
                  <SP HEIGHT="71" WIDTH="13" VPOS="3061" HPOS="2084"/>
                  <String HEIGHT="71"
                          WIDTH="115"
                          VPOS="3061"
                          HPOS="2046"
                          CONTENT="dico:"/>
                  <SP HEIGHT="71" WIDTH="13" VPOS="3061" HPOS="2161"/>
                  <String HEIGHT="71"
                          WIDTH="102"
                          VPOS="3061"
                          HPOS="2122"
                          CONTENT="quod"/>
                  <SP HEIGHT="71" WIDTH="13" VPOS="3061" HPOS="2225"/>
                  <String HEIGHT="71"
                          WIDTH="102"
                          VPOS="3061"
                          HPOS="2174"
                          CONTENT="relato"/>
               </TextLine>
            </TextBlock>
         </PrintSpace>
      </Page>
   </Layout>
</alto>
