2420 3546
323 287 187 76 rationem:
467 287 101 76 que
524 287 115 76 sunt
596 287 130 76 talia
683 287 101 76 per
741 287 216 76 operationem
914 287 144 76 anime.
1014 287 72 76 ⁋
1043 287 101 76 hoc
1086 287 159 76 praemisso

329 352 122 58 probo
411 352 136 58 primam
506 352 231 58 conclusionem.
697 352 122 58 Primo
778 352 109 58 sic.
846 352 177 58 possibile
982 352 95 58 est
1036 352 150 58 aliquid
1145 352 95 58 dum
1186 352 68 58 non

337 386 194 68 apphenditur
492 386 78 68 ab
531 386 116 68 anima
609 386 104 68 esse
674 386 116 68 veram
751 386 155 68 imaginem
868 386 155 68 alicuius
984 386 91 68 non
1036 386 194 68 existentis.
1178 386 78 68 ergo

336 442 132 49 aliquid
432 442 120 49 potest
517 442 144 49 realiter
625 442 132 49 referri
721 442 72 49 ad
757 442 84 49 non
806 442 157 49 existens.
926 442 169 49 Antecedens
1058 442 120 49 patet.
1143 442 84 49 Nam
1179 442 72 49 ima-

331 474 93 69 go
378 474 186 69 herculis
518 474 109 69 vel
580 474 124 69 rose
657 474 186 69 existens
797 474 93 69 in
843 474 171 69 pariete
967 474 109 69 vel
1029 474 93 69 vi
1060 474 202 69 memoratiua:

331 519 94 55 ita
384 519 108 55 vere
452 519 94 55 est
506 519 121 55 imago
587 519 121 55 eius.
667 519 94 55 dum
721 519 121 55 illud
802 519 94 55 non
856 519 94 55 est
910 519 121 55 sicut
991 519 94 55 dum
1045 519 108 55 est:
1112 519 108 55 siue
1166 519 81 55 tali

336 562 110 58 imago
409 562 184 58 apphendatur
556 562 98 58 siue
617 562 98 58 non.
679 562 196 58 consequentia
838 562 159 58 probatur.
960 562 135 58 quoniam
1058 562 110 58 imago
1119 562 135 58 inquantum

327 604 148 63 imago:
431 604 103 63 est
490 604 133 63 imago
578 604 89 63 ad
622 604 177 63 aliquid:
755 604 133 63 iuxta
844 604 133 63 illud
932 604 118 63 Aug.
1006 604 89 63 7o
1050 604 89 63 de
1095 604 118 63 tri.
1168 604 118 63 Quid

338 648 115 59 autem
415 648 166 59 absurdius
543 648 102 59 quam
607 648 153 59 imaginem
722 648 77 59 ad
760 648 77 59 se
799 648 115 59 dici.
875 648 64 59 ⁋
901 648 166 59 Praeterea
1029 648 141 59 aliquid
1131 648 90 59 est
1169 648 90 59 reali

338 697 93 50 ter
391 697 147 50 memoria
498 697 93 50 non
551 697 200 50 existentis.
711 697 107 50 ergo
778 697 147 50 aliquid
885 697 147 50 refertr
991 697 160 50 realiter
1112 697 80 50 ad
1152 697 93 50 non
1192 697 53 50 ex

341 743 118 50 stens.
424 743 189 50 consequentia
577 743 118 50 patet.
660 743 83 50 Nam
707 743 130 50 constat
802 743 94 50 quod
861 743 130 50 memoria
955 743 130 50 dicitur
1049 743 130 50 memoria
1132 743 118 50 relatiue

339 781 71 51 et
375 781 95 51 idem
434 781 106 51 ponit
505 781 142 51 expresse
611 781 95 51 Aug.
670 781 71 51 10
705 781 71 51 de
741 781 95 51 tri.
800 781 165 51 Antecedens
930 781 106 51 etiam
1001 781 106 51 satis
1072 781 83 51 est
1119 781 118 51 notum.
1190 781 59 51 Nam

338 824 130 57 memoria
432 824 82 57 est
480 824 153 57 respectum
597 824 200 57 praeteritorum
762 824 141 57 secundum
868 824 177 57 philosophum
1010 824 71 57 in
1045 824 71 57 de
1080 824 141 57 memoriua
1186 824 71 57 et
1210 824 47 57 re

341 866 193 64 miniscentia:
498 866 72 64 et
534 866 145 64 secundum
643 866 97 64 Aug.
703 866 85 64 ix.
752 866 72 64 de
788 866 97 64 tri.
848 866 72 64 et
885 866 145 64 secundum
993 866 133 64 Tullium
1090 866 72 64 vt
1126 866 97 64 Aug.
1174 866 85 64 alle-

340 911 90 62 gat
391 911 141 62 ibidem:
494 911 141 62 quamuis
596 911 90 62 est
648 911 77 62 et
686 911 192 62 praesentium
840 911 77 62 vt
878 911 90 62 ibi
930 911 103 62 vult
994 911 103 62 Aug.
1058 911 128 62 posset
1147 911 103 62 esse
1199 911 51 62 me

340 960 142 51 moria.
439 960 85 51 et
481 960 142 51 costat
581 960 113 51 quod
651 960 170 51 memoriua
779 960 99 51 non
835 960 99 51 est
892 960 156 51 memoria
1005 960 127 51 solum
1090 960 99 51 dum
1133 960 127 51 apphen-

340 1002 143 48 ditur:
440 1002 114 48 immo
511 1002 143 48 homine
611 1002 100 48 non
669 1002 200 48 actualiter
826 1002 186 48 cogitante
969 1002 86 48 de
1012 1002 100 48 sua
1069 1002 172 48 memoria:
1183 1002 72 48 nec

344 1040 141 55 etiam
438 1040 94 55 de
485 1040 234 55 memorabili:
672 1040 141 55 adhuc
766 1040 109 55 est
829 1040 156 55 memor:
938 1040 94 55 et
985 1040 187 55 memoriam
1125 1040 141 55 habet
1204 1040 62 55 de

343 1087 95 57 illo:
407 1087 95 57 sicut
470 1087 95 57 patet
533 1087 74 57 per
575 1087 84 57 Aug.
628 1087 74 57 15.
670 1087 63 57 de
702 1087 84 57 tri.
755 1087 53 57 ⁋
776 1087 137 57 Praeterea
881 1087 126 57 secundum
976 1087 158 57 philosophum
1102 1087 63 57 5o
1134 1087 95 57 meta.
1187 1087 63 57 caps

336 1136 73 48 de
372 1136 73 48 ad
409 1136 145 48 aliquid.
518 1136 121 48 quedam
603 1136 145 48 dicuntur
712 1136 73 48 ad
748 1136 133 48 aliquid
845 1136 145 48 secundum
954 1136 158 48 potentiam
1075 1136 133 48 actiuam
1172 1136 73 48 et
1196 1136 61 48 pas

346 1172 125 60 siuam:
434 1172 75 60 vt
472 1172 200 60 calefactiuum
634 1172 75 60 et
672 1172 225 60 calefactibile:
860 1172 100 60 quia
922 1172 138 60 potest:
1022 1172 75 60 et
1060 1172 100 60 post
1122 1172 113 60 dicit
1185 1172 75 60 quod

335 1220 130 55 talium
426 1220 156 55 dicuntur
543 1220 156 55 secundum
659 1220 156 55 tempora.
776 1220 78 55 vt
815 1220 104 55 quod
880 1220 117 55 fecit
958 1220 78 55 ad
997 1220 143 55 factum:
1100 1220 78 55 et
1126 1220 130 55 facturum

343 1257 80 64 ad
383 1257 186 64 faciendum.
529 1257 80 64 Ex
568 1257 93 64 his
622 1257 106 64 sic.
688 1257 146 64 aliquid
794 1257 93 64 est
847 1257 159 64 realiter
967 1257 199 64 productiuum
1126 1257 93 64 seu
1166 1257 93 64 perfe

339 1301 129 53 ctiuum
429 1301 77 53 et
468 1301 154 53 realiter
583 1301 167 53 facturum.
712 1301 103 53 ergo
776 1301 141 53 aliquid
879 1301 154 53 realiter
995 1301 154 53 refertur
1111 1301 77 53 ad
1149 1301 90 53 non
1188 1301 77 53 ens.

354 1344 172 55 Antecedens
489 1344 86 55 est
538 1344 135 55 certum.
637 1344 86 55 Nam
686 1344 99 55 quod
748 1344 86 55 sol
797 1344 86 55 vel
846 1344 111 55 ignis
920 1344 86 55 sit
969 1344 185 55 productiuus
1117 1344 135 55 caloris
1203 1344 62 55 aut

344 1396 174 49 alterius
475 1396 145 49 ignis:
577 1396 102 49 aut
635 1396 102 49 sit
693 1396 218 49 producturus
867 1396 102 49 vel
925 1396 189 49 facturus:
1070 1396 102 49 non
1128 1396 116 49 plus
1186 1396 73 49 de-

346 1435 101 60 pendet
417 1435 61 60 ab
447 1435 101 60 anima:
518 1435 81 60 quam
568 1435 81 60 quod
619 1435 71 60 sit
659 1435 71 60 sol
699 1435 71 60 vel
740 1435 101 60 ignis.
811 1435 162 60 consequentia
942 1435 101 60 patet.
1013 1435 81 60 quia
1063 1435 152 60 productiuum
1174 1435 81 60 diciur

352 1476 78 51 ad
391 1476 209 51 producibile:
561 1476 78 51 et
600 1476 157 51 facturum
718 1476 78 51 ad
757 1476 183 51 faciendum.
900 1476 78 51 et
940 1476 144 51 constat
1044 1476 104 51 quod
1109 1476 91 51 nec
1148 1476 118 51 produci

349 1523 106 54 bile
415 1523 93 54 nec
468 1523 173 54 faciendum
601 1523 93 54 est
654 1523 106 54 ens.
721 1523 120 54 Eodem
801 1523 106 54 modo
867 1523 106 54 modo
934 1523 133 54 potest
1027 1523 120 54 argui
1106 1523 80 54 de
1133 1523 133 54 potentia

345 1565 138 55 materie
446 1565 151 55 respectu
559 1565 113 55 forme
635 1565 88 55 non
685 1565 189 55 existentis:
836 1565 88 55 que
886 1565 126 55 vtique
974 1565 151 55 realiter
1087 1565 75 55 et
1112 1565 151 55 actualiter

344 1610 93 49 est
397 1610 159 49 potentia
516 1610 79 49 ad
555 1610 132 49 formam
648 1610 198 49 possibilem:
806 1610 106 49 esto
872 1610 106 49 quod
939 1610 119 49 ipsam
1018 1610 119 49 nulla
1097 1610 119 49 anima
1163 1610 106 49 consi-

346 1653 124 51 deret.
432 1653 62 51 ⁋
457 1653 86 51 2am
506 1653 198 51 conclusionem
667 1653 111 51 probo
741 1653 111 51 primo
815 1653 99 51 sic.
877 1653 111 51 omnia
951 1653 148 51 relatiua
1062 1653 148 51 dicuntur
1174 1653 74 51 ad
1198 1653 62 51 con

346 1699 172 50 uertentiam.
483 1699 92 50 ergo
540 1699 80 50 non
586 1699 80 50 ens
632 1699 137 50 realiter
735 1699 137 50 refertur
838 1699 69 50 ad
872 1699 92 50 ens.
929 1699 160 50 Antecedens
1055 1699 103 50 patet
1124 1699 80 50 per
1169 1699 92 50 Aug.
1215 1699 46 50 7o

343 1739 78 53 de
382 1739 105 53 tri.
448 1739 92 53 qui
500 1739 118 53 dicit
578 1739 105 53 quod
644 1739 118 53 omnia
722 1739 92 53 que
774 1739 157 53 relatiue
892 1739 157 53 dicuntur
1010 1739 170 53 adinuicem
1127 1739 144 53 dicuntur:

354 1786 74 55 et
391 1786 86 55 per
440 1786 86 55 hoc
489 1786 123 55 probat
575 1786 98 55 quod
636 1786 111 55 pater
710 1786 86 55 non
759 1786 135 55 dicitur
858 1786 147 55 relatiue
968 1786 74 55 ad
1005 1786 172 55 essentiam.
1140 1786 86 55 cum
1177 1786 86 55 essen

351 1830 87 52 tia
400 1830 87 52 non
450 1830 137 52 dicatur
549 1830 149 52 relatiue
661 1830 74 52 ad
698 1830 137 52 patrem.
797 1830 112 52 Patet
872 1830 99 52 etit
934 1830 87 52 per
984 1830 186 52 philosophum
1132 1830 74 52 in
1157 1830 112 52 praedi-

347 1870 165 51 camentis
471 1870 97 51 qui
526 1870 83 51 ad
568 1870 165 51 litteram
692 1870 110 51 idem
761 1870 124 51 ponit
844 1870 83 51 et
885 1870 152 51 diffuse
995 1870 179 51 declarat:
1133 1870 83 51 et
1161 1870 110 51 nullum

351 1913 109 56 posse
424 1913 121 56 excipi
508 1913 121 56 dicit.
593 1913 73 56 si
629 1913 194 56 conuenienter
787 1913 182 56 assignetur.
932 1913 194 56 consequentia
1089 1913 97 56 vero
1138 1913 133 56 probatur.

355 1954 69 52 N
383 1954 83 52 am
425 1954 208 52 productiuum
591 1954 153 52 dicitur
702 1954 83 52 ad
744 1954 222 52 producibile.
924 1954 83 52 et
966 1954 167 52 facturum
1091 1954 83 52 ad
1118 1954 153 52 faciendum

344 1999 90 55 et
389 1999 135 55 imago
479 1999 90 55 ad
524 1999 225 55 imaginatum:
703 1999 90 55 et
748 1999 165 55 memoria
868 1999 90 55 ad
913 1999 210 55 memoratum.
1077 1999 120 55 ergo
1137 1999 135 55 econver

354 2051 208 56 producibile
520 2051 166 56 refertur
645 2051 83 56 ad
686 2051 222 56 productiuum.
866 2051 83 56 et
908 2051 180 56 faciendum
1046 2051 83 56 ad
1088 2051 180 56 facturum:
1213 2051 55 56 et

349 2087 228 50 imaginatum
528 2087 98 50 ad
576 2087 211 50 imaginem:
739 2087 98 50 et
788 2087 211 50 memoratum
951 2087 98 50 ad
999 2087 211 50 memoriam:
1146 2087 130 50 nullum

349 2129 119 53 autem
428 2129 198 53 producibile
586 2129 92 53 vel
639 2129 171 53 faciendum
770 2129 92 53 est
823 2129 105 53 ens:
889 2129 158 53 constat:
1008 2129 145 53 quamuis
1113 2129 132 53 possit
1192 2129 79 53 esse

347 2179 102 47 ens
406 2179 160 47 aliquod
522 2179 131 47 etiam
609 2179 218 47 imaginatum:
783 2179 87 47 et
826 2179 160 47 aliquid
942 2179 189 47 memoratum
1087 2179 102 47 non
1145 2179 102 47 est
1189 2179 87 47 ens.

356 2223 81 45 Nec
403 2223 104 45 valet
472 2223 116 45 dicere
553 2223 93 45 quod
611 2223 116 45 talia.
693 2223 70 45 et
727 2223 70 45 si
762 2223 162 45 referantur
890 2223 81 45 non
936 2223 104 45 tamen
1005 2223 151 45 realiter:
1121 2223 81 45 sed
1156 2223 116 45 secundum

357 2261 147 53 rationem
467 2261 135 53 tantum.
565 2261 86 53 Nam
614 2261 98 53 siue
676 2261 110 53 talia
749 2261 209 53 considerentur
921 2261 74 53 ab
958 2261 110 53 anima
1032 2261 98 53 siue
1093 2261 98 53 non:
1154 2261 110 53 nihil
1216 2261 61 53 mi-

346 2304 93 54 nus
399 2304 198 54 producibile
557 2304 93 54 est
610 2304 198 54 producibile
769 2304 66 54 a
796 2304 198 54 productiuo:
954 2304 79 54 et
994 2304 172 54 faciendum
1126 2304 93 54 est
1166 2304 106 54 faciem

348 2355 102 51 dum
407 2355 73 51 a
436 2355 174 51 factiuo:
566 2355 87 51 et
610 2355 203 51 imaginatum
770 2355 102 51 est
828 2355 203 51 imaginatum
988 2355 189 51 imaginis:
1133 2355 87 51 et
1176 2355 131 51 memo¬

351 2392 110 58 ratum
424 2392 86 58 est
473 2392 159 58 memoratum
595 2392 86 58 per
644 2392 159 58 memoriam:
767 2392 73 58 et
803 2392 86 58 per
852 2392 171 58 consequens
987 2392 122 58 absque
1072 2392 98 58 vlla
1121 2392 147 58 oporitione

355 2438 126 49 anime.
444 2438 164 49 quodlibet
570 2438 101 49 tale
633 2438 76 49 ad
671 2438 101 49 suum
735 2438 202 49 correlatiuum
899 2438 152 49 refertur
1013 2438 76 49 ac
1051 2438 88 49 per
1101 2438 88 49 hoc
1139 2438 139 49 realiter.

354 2478 60 62 ⁋
378 2478 72 62 2o
414 2478 108 62 omnis
486 2478 108 62 causa
558 2478 144 62 refertur
667 2478 72 62 ad
703 2478 156 62 causatum:
823 2478 72 62 et
859 2478 132 62 aliquid
955 2478 84 62 non
1003 2478 144 62 existens
1112 2478 84 62 est
1148 2478 120 62 realiter

365 2530 104 45 causa
435 2530 139 45 alicuius
539 2530 173 45 existentis.
677 2530 92 45 ergo
735 2530 127 45 aliquid
828 2530 81 45 non
874 2530 139 45 existens
978 2530 139 45 refertur
1082 2530 139 45 realiter
1186 2530 69 45 ad
1209 2530 69 45 exi-

355 2561 114 57 stens.
435 2561 183 57 consequentia
583 2561 69 57 et
617 2561 103 57 prima
686 2561 91 57 pars
743 2561 183 57 antecedentis
892 2561 91 57 sunt
949 2561 149 57 patentes.
1063 2561 69 57 2a
1098 2561 91 57 pars
1143 2561 126 57 probatur.

356 2610 104 53 Nam
416 2610 163 53 aliquid
534 2610 104 53 non
594 2610 178 53 existens
727 2610 104 53 est
787 2610 134 53 finis
876 2610 104 53 seu
935 2610 134 53 causa
1025 2610 163 53 finalis
1128 2610 149 53 alicuius

352 2652 162 53 effectus
473 2652 94 53 iam
527 2652 121 53 facti
607 2652 148 53 propter
715 2652 121 53 illum
796 2652 121 53 finem
877 2652 162 53 fiendum:
998 2652 121 53 sicut
1079 2652 148 53 fructus
1173 2652 108 53 nondum

362 2697 142 58 existens
468 2697 83 58 est
516 2697 106 58 finis
586 2697 142 58 foliorum
693 2697 71 58 et
728 2697 118 58 florum
811 2697 201 58 praecedentium
976 2697 153 58 fructuum.
1094 2697 106 58 cuius
1153 2697 118 58 probatio

360 2740 89 55 est.
415 2740 89 55 quia
471 2740 122 55 propter
560 2740 122 55 fructum
649 2740 78 55 non
694 2740 156 55 existentem
816 2740 111 55 natura
894 2740 100 55 omnia
961 2740 89 55 illa
1016 2740 100 55 agit:
1083 2740 78 55 dum
1127 2740 100 55 autem
1183 2740 89 55 natura

363 2784 92 48 agit
420 2784 126 48 propter
512 2784 138 48 aliquid:
615 2784 92 48 tunc
673 2784 103 48 illud
741 2784 80 48 est
787 2784 115 48 gratia
868 2784 103 48 cuius
937 2784 103 48 agit:
1005 2784 69 48 et
1040 2784 80 48 per
1086 2784 161 48 consequens
1201 2784 80 48 causa

353 2830 153 51 finalis.
468 2830 77 51 Et
507 2830 77 51 ex
545 2830 90 51 hoc
596 2830 141 51 exemplo
699 2830 77 51 ea
737 2830 179 51 intentione
878 2830 179 51 philosophi
1018 2830 217 51 determinantis
1184 2830 90 51 contr

366 2876 182 50 antiquos
503 2876 91 50 2o
548 2876 152 50 physi.
655 2876 122 50 quod
731 2876 152 50 natura
837 2876 91 50 et
883 2876 182 50 carentia
1020 2876 213 50 cognitione
1172 2876 106 50 agunt

367 2912 147 62 propter
474 2912 134 62 finem.
568 2912 80 62 et
608 2912 80 62 in
648 2912 188 62 actionibus
795 2912 121 62 eorum
876 2912 94 62 est
930 2912 121 62 causa
1010 2912 161 62 finalis:
1117 2912 161 62 excluditur

364 2965 179 46 responsio
502 2965 97 46 qua
557 2965 138 46 posset
654 2965 110 46 dici
723 2965 110 46 quod
792 2965 124 46 talis
875 2965 124 46 finis
958 2965 97 46 non
1013 2965 97 46 est
1068 2965 124 46 finis
1151 2965 110 46 nisi
1206 2965 69 46 in-

366 3010 148 48 quantum
473 3010 81 48 ab
514 3010 121 48 anima
594 3010 215 48 apprehensus.
769 3010 67 48 ⁋
796 3010 94 48 3am
850 3010 215 48 conclusionem
1025 3010 121 48 probo
1106 3010 108 48 sic.
1173 3010 108 48 deus
1227 3010 54 48 ab

372 3055 151 40 eterno
478 3055 121 40 fuit
553 3055 181 40 realiter
689 3055 211 40 causatiuus
855 3055 91 40 et
900 3055 196 40 prescius.
1051 3055 121 40 ergo
1127 3055 91 40 ab
1157 3055 121 40 eterno

362 3096 159 54 realiter
481 3096 199 54 referebatur
641 3096 80 54 ad
680 3096 173 54 causabile
813 3096 80 54 et
853 3096 80 54 ad
893 3096 173 54 prescita.
1026 3096 212 54 consequentia
1185 3096 93 54 patet

1296 282 96 65 qui
1351 282 193 65 causatiuus
1503 282 83 65 et
1544 282 165 65 prescius
1668 282 96 65 hec
1723 282 110 65 ipsa
1792 282 96 65 que
1847 282 110 65 sunt
1916 282 83 65 ad
1957 282 152 65 aliquid
2054 282 165 65 antecedens

1304 333 128 58 certum:
1398 333 128 58 quoniam
1491 333 140 58 secundum
1596 333 105 58 fidem
1666 333 128 58 constat
1759 333 93 58 quod
1817 333 93 58 fuit
1876 333 163 58 causatiuus
2004 333 70 58 et
2039 333 152 58 prescius:
2144 333 70 58 quod

1301 378 134 53 autem
1390 378 178 53 realiter
1524 378 134 53 etiam
1613 378 104 53 non
1672 378 104 53 est
1732 378 163 53 dubium:
1851 378 104 53 cum
1910 378 134 53 nulla
1999 378 134 53 anima
2088 378 89 53 ab
2118 378 104 53 eter-

1303 416 112 63 non
1367 416 159 63 fuerit
1478 416 112 63 que
1542 416 223 63 cognouerit
1717 416 143 63 deum.
1813 416 112 63 Nec
1877 416 143 63 valet
1972 416 159 63 dicere
2084 416 127 63 quod
2147 416 64 63 ab

1298 463 147 56 eterno
1401 463 117 56 deus
1474 463 176 56 cognouit
1606 463 88 56 se
1650 463 205 56 causatiuum
1811 463 88 56 et
1855 463 191 56 prescium.
2002 463 117 56 quia
2075 463 132 56 istud
2149 463 73 56 non

1307 506 134 60 tollit
1400 506 107 60 quod
1467 506 107 60 fuit
1534 506 160 60 realiter
1654 506 187 60 causatiuus
1801 506 80 60 et
1841 506 174 60 prescius.
1974 506 80 60 et
2014 506 93 60 non
2068 506 80 60 ad
2108 506 93 60 se:
2161 506 93 60 sed

1294 551 90 53 ad
1339 551 195 53 creaturam
1489 551 210 53 causabilem
1654 551 90 53 et
1699 551 210 53 prescitam.
1865 551 180 53 alioquin
2000 551 120 53 eque
2060 551 165 53 faciliter

1293 594 196 57 diceretur
1443 594 120 57 quod
1519 594 120 57 deus
1594 594 135 57 pater
1684 594 105 57 non
1744 594 226 57 referebatur
1925 594 181 57 realiter
2060 594 90 57 ad
2091 594 135 57 filium.

1319 639 94 53 Nam
1372 639 81 53 et
1413 639 135 53 semper
1507 639 121 53 nouit
1588 639 81 53 se
1629 639 148 53 patrem.
1737 639 81 53 Et
1777 639 81 53 si
1817 639 148 53 dicatur
1925 639 108 53 quod
1993 639 121 53 licet
2074 639 148 53 nouerit
2168 639 54 53 se

1305 687 146 57 patrem.
1411 687 93 57 non
1464 687 119 57 tamen
1543 687 93 57 per
1596 687 146 57 huiusmo
1702 687 159 57 notitiam
1821 687 119 57 fecit
1901 687 79 57 se
1941 687 146 57 patrem.
2047 687 93 57 nec
2100 687 106 57 ideo
2153 687 79 57 fuit

1305 726 125 62 pater:
1393 726 100 62 quia
1456 726 113 62 nouit
1531 726 75 62 se
1568 726 138 62 patrem:
1668 726 75 62 et
1706 726 100 62 ideo
1769 726 88 62 non
1819 726 150 62 secundum
1931 726 163 62 rationem:
2056 726 88 62 sed
2094 726 125 62 realiter

1306 771 205 56 referebatur
1470 771 82 56 ad
1511 771 150 56 filium.
1620 771 95 56 Sic
1675 771 82 56 in
1715 771 177 56 proposito
1852 771 150 56 dicetur
1961 771 109 56 quod
2029 771 95 56 nec
2084 771 95 56 per
2125 771 95 56 illam

1295 813 179 53 notitiam
1429 813 104 53 qua
1489 813 134 53 nouit
1578 813 89 53 se
1623 813 208 53 causatiuum
1786 813 134 53 fecit
1876 813 89 53 se
1920 813 223 53 causatiuum:
2099 813 104 53 nec
2144 813 89 53 ideo

1311 858 115 51 fuit
1383 858 202 51 causatiuus
1541 858 101 51 vel
1599 858 187 51 prescius:
1743 858 115 51 quia
1815 858 130 51 nouit
1902 858 87 51 se
1945 858 202 51 causatiuum
2104 858 87 51 et
2132 858 87 51 pre-

1306 899 126 57 scium.
1395 899 177 57 quapropter
1534 899 190 57 simpliciter
1686 899 152 57 sequitur
1799 899 101 57 quod
1862 899 152 57 realiter
1976 899 190 57 referebatur
2128 899 76 57 ad
2153 899 76 57 cau-

1310 944 134 57 sabile
1403 944 80 57 et
1444 944 80 57 ad
1484 944 187 57 prescitum.
1631 944 67 57 ⁋
1658 944 94 57 4am
1711 944 214 57 conclusionem
1885 944 134 57 probo.
1979 944 94 57 Nam
2033 944 147 57 constat
2140 944 107 57 quod
2193 944 54 57 ex

1301 996 153 49 tempore
1413 996 98 49 seu
1468 996 84 49 de
1510 996 112 49 nouo
1580 996 112 49 deus
1650 996 98 49 est
1705 996 139 49 creans
1803 996 84 49 et
1845 996 153 49 dominus
1956 996 223 49 creaturarum:
2137 996 84 49 et
2165 996 56 49 vt

1300 1031 101 57 sic
1357 1031 172 57 refertur
1486 1031 86 57 ad
1530 1031 187 57 creaturam
1673 1031 86 57 ex
1716 1031 172 57 tempore.
1846 1031 86 57 vt
1889 1031 129 57 dicit
1975 1031 115 57 Aug.
2047 1031 86 57 5o
2090 1031 86 57 de
2133 1031 144 57 trini.

1309 1075 87 52 et
1352 1075 101 52 hoc
1410 1075 101 52 non
1468 1075 101 52 est
1525 1075 101 52 per
1583 1075 217 52 operationem
1757 1075 145 52 anime:
1858 1075 116 52 quia
1930 1075 116 52 siue
2002 1075 130 52 anima
2089 1075 116 52 deum
2147 1075 72 52 in-

1308 1127 165 52 telligat
1432 1127 110 52 siue
1500 1127 110 52 non:
1569 1127 96 52 non
1624 1127 124 52 minus
1706 1127 110 52 ipse
1775 1127 96 52 est
1830 1127 137 52 creans
1926 1127 82 52 et
1967 1127 165 52 dominus.
2091 1127 110 52 ergo
2146 1127 82 52 rea-

1305 1171 131 49 liter
1393 1171 175 49 refertur
1524 1171 87 49 ad
1567 1171 189 49 creaturam
1713 1171 87 49 ex
1756 1171 175 49 tempore.
1887 1171 73 49 ⁋
1916 1171 87 49 Et
1960 1171 233 49 confirmatur.
2135 1171 87 49 quia

1311 1211 72 48 si
1347 1211 108 48 solum
1419 1211 144 48 secundum
1527 1211 144 48 rationem
1636 1211 156 48 refertur:
1756 1211 84 48 aut
1804 1211 96 48 ideo
1864 1211 84 48 hoc
1912 1211 96 48 est:
1972 1211 96 48 quia
2033 1211 96 48 ipse
2093 1211 84 48 non
2141 1211 84 48 est
2177 1211 60 48 do-

1303 1257 144 52 minus
1399 1257 112 52 vel
1463 1257 176 52 creator
1592 1257 128 52 nisi
1672 1257 112 52 per
1736 1257 241 52 operationem
1928 1257 160 52 anime:
2041 1257 128 52 quod
2105 1257 128 52 nullus

1311 1294 198 54 catholicus
1466 1294 170 54 diceret:
1593 1294 127 54 autem
1678 1294 113 54 quia
1749 1294 85 54 et
1791 1294 85 54 si
1834 1294 141 54 absque
1932 1294 198 54 operatione
2088 1294 127 54 anime
2158 1294 71 54 sit

1306 1344 151 48 dominus
1416 1344 82 48 et
1457 1344 165 48 creator:
1581 1344 96 48 non
1635 1344 123 48 tamen
1718 1344 137 48 absque
1814 1344 192 48 operatione
1964 1344 123 48 anime
2047 1344 96 48 est
2088 1344 137 48 relatiue

1305 1381 155 51 dominus
1418 1381 84 51 et
1460 1381 169 51 creator:
1586 1381 84 51 et
1629 1381 127 51 illud
1713 1381 169 51 implicat
1840 1381 197 51 manifestam
1981 1381 253 51 contradictionem.

1316 1429 132 52 quoniam
1412 1429 192 52 contradictio
1568 1429 84 52 est
1616 1429 120 52 dicere
1700 1429 96 52 quod
1760 1429 132 52 aliquis
1855 1429 84 52 sit
1903 1429 132 52 dominus
1999 1429 72 52 et
2035 1429 84 52 non
2083 1429 84 52 sit
2119 1429 108 52 dominus

1307 1469 160 53 alterius.
1430 1469 74 53 et
1467 1469 86 53 per
1516 1469 173 53 consequens
1652 1469 99 53 quod
1714 1469 86 53 non
1763 1469 86 53 sit
1813 1469 148 53 relatiue
1924 1469 148 53 dominus:
2035 1469 74 53 si
2072 1469 86 53 non
2121 1469 99 53 sine
2170 1469 62 53 ope

1313 1519 163 50 ratione
1432 1519 133 50 anime
1520 1519 104 50 est
1580 1519 163 50 dominus
1698 1519 192 50 relatiue:
1846 1519 104 50 non
1905 1519 118 50 sine
1979 1519 207 50 operatione
2127 1519 104 50 anime

1321 1568 89 42 est
1372 1568 153 42 dominus:
1487 1568 76 42 et
1525 1568 89 42 sic
1576 1568 102 42 sine
1640 1568 178 42 operatione
1780 1568 115 42 anime
1856 1568 89 42 est
1907 1568 153 42 dominus:
2022 1568 76 42 et
2060 1568 89 42 non
2111 1568 102 42 sine
2162 1568 64 42 ope

1310 1602 144 57 ratione
1414 1602 118 57 anime
1493 1602 91 57 est
1545 1602 157 57 dominus:
1662 1602 91 57 que
1715 1602 170 57 manifeste
1845 1602 222 57 contradicunt.
2028 1602 118 57 Eodem
2106 1602 104 57 modo
2159 1602 78 57 modo

1309 1651 132 52 potest
1401 1651 145 52 probari
1506 1651 105 52 quod
1572 1651 79 52 ab
1612 1651 132 52 eterno
1704 1651 158 52 realiter
1823 1651 198 52 referebatur
1981 1651 171 52 supposito
2099 1651 132 52 secundum

1308 1694 125 45 fidem
1391 1694 111 45 quod
1461 1694 208 45 eternaliter
1627 1694 139 45 fuerit
1724 1694 180 45 prescius:
1863 1694 111 45 quia
1932 1694 111 45 sine
2001 1694 194 45 operatione
2140 1694 97 45 anime

1313 1735 101 53 fuit
1377 1735 164 53 prescius:
1503 1735 76 53 et
1541 1735 89 53 non
1592 1735 127 53 potuit
1680 1735 101 53 esse
1744 1735 164 53 praescius
1870 1735 101 53 nisi
1933 1735 164 53 relatiue.
2060 1735 152 53 Scientia
2161 1735 76 53 enim

1311 1776 225 61 praescientia
1494 1776 197 61 dispositio
1649 1776 84 61 et
1691 1776 211 61 prouidentia
1860 1776 84 61 ac
1902 1776 253 61 praedestinatio
2113 1776 113 61 sunt
2184 1776 84 61 ad

1323 1819 150 52 aliquid.
1435 1819 112 52 sicut
1509 1819 112 52 dicit
1584 1819 100 52 Aug.
1646 1819 75 52 de
1684 1819 174 52 sacramenis
1821 1819 112 52 libro
1896 1819 125 52 primo.
1983 1819 112 52 parte
2058 1819 87 52 2a.
2107 1819 75 52 et
2145 1819 87 52 vbi
2195 1819 87 52 non

1323 1866 158 51 diceret
1438 1866 129 51 adhuc
1524 1866 86 51 de
1567 1866 86 51 se
1610 1866 144 51 patet.
1711 1866 72 51 ⁋
1740 1866 187 51 Praeterea
1883 1866 173 51 arguitur
2013 1866 115 51 sic.
2085 1866 129 51 iuxta
2156 1866 101 51 modum

1317 1912 172 56 communem
1445 1912 186 56 loquendi.
1588 1912 186 56 quecumque
1731 1912 157 56 relatio
1846 1912 214 56 consequitur
2017 1912 157 56 extrema
2132 1912 86 56 ex
2160 1912 86 56 natu

1312 1952 86 56 ra
1355 1952 100 56 rei
1412 1952 114 56 sine
1483 1952 257 56 consideratione
1698 1952 214 56 intellectus
1869 1952 100 56 est
1926 1952 157 56 realis.
2041 1952 100 56 hoc
2098 1952 129 56 patet
2170 1952 71 56 per

1327 1995 116 60 alios
1405 1995 194 60 communiter.
1560 1995 91 60 Nam
1612 1995 91 60 eam
1664 1995 78 60 in
1702 1995 142 60 propria
1806 1995 116 60 forma
1884 1995 116 60 ponit
1961 1995 129 60 Scotus
2052 1995 78 60 in
2091 1995 91 60 3o.
2143 1995 129 60 dicens
2220 1995 39 60 s

1319 2036 119 56 omnes
1398 2036 119 56 etiam
1478 2036 185 56 communiter
1623 2036 159 56 ponentes
1743 2036 185 56 relationes
1888 2036 172 56 rationis:
2021 2036 132 56 dicunt
2113 2036 93 56 eas
2153 2036 106 56 conse-

1325 2084 92 55 qui
1377 2084 118 55 actum
1456 2084 209 55 intellectus:
1626 2084 78 55 et
1665 2084 131 55 aliter
1756 2084 92 55 non
1809 2084 131 55 habere
1900 2084 118 55 esse:
1979 2084 78 55 et
2018 2084 131 55 quando
2109 2084 92 55 non
2148 2084 92 55 dice-

1324 2128 110 55 ret:
1393 2128 193 55 propositio
1545 2128 124 55 patet
1627 2128 83 55 de
1669 2128 96 55 se.
1724 2128 124 55 alias
1807 2128 165 55 quelibet
1931 2128 152 55 relatio
2041 2128 138 55 realis
2124 2128 110 55 posset

1326 2169 115 52 dici
1398 2169 187 52 rationis:
1541 2169 101 52 sed
1599 2169 144 52 aliqua
1700 2169 158 52 relatio
1815 2169 101 52 dei
1872 2169 86 52 ad
1915 2169 187 52 creaturam
2045 2169 201 52 consequitur.

1329 2213 96 51 sua
1384 2213 151 51 extrema
1494 2213 164 51 scilicet
1617 2213 109 51 deum
1685 2213 82 51 et
1726 2213 178 51 creaturam
1863 2213 82 51 ex
1904 2213 137 51 natura
2000 2213 96 51 rei
2054 2213 109 51 sine
2109 2213 137 51 conside-

1324 2261 155 47 ratione
1437 2261 226 47 intellectus.
1620 2261 113 47 ergo
1691 2261 113 47 etc.
1761 2261 127 47 Minor
1846 2261 212 47 declaratur.
2015 2261 99 47 nam
2072 2261 155 47 positis
2170 2261 71 47 deo

1336 2303 73 53 et
1372 2303 147 53 lapidum:
1482 2303 73 53 et
1519 2303 110 53 nulla
1592 2303 220 53 consideratione
1776 2303 183 53 intellectus
1922 2303 171 53 existente:
2057 2303 98 53 deus
2118 2303 86 53 est
2154 2303 98 53 distin

1321 2347 109 46 ctus
1389 2347 68 46 a
1417 2347 150 46 lapide:
1526 2347 82 46 et
1566 2347 123 46 causa
1648 2347 82 46 et
1689 2347 150 46 dominus
1798 2347 123 46 eius.
1879 2347 82 46 ac
1920 2347 95 46 per
1975 2347 95 46 hoc
2029 2347 123 46 iuxta
2111 2347 123 46 illum
2179 2347 68 46 mo-

1327 2390 101 50 dum
1384 2390 173 50 loquendi
1514 2390 216 50 consequitur
1687 2390 202 50 distinctio
1846 2390 101 50 dei
1904 2390 72 50 a
1933 2390 159 50 lapide:
2048 2390 87 50 et
2077 2390 173 50 causalitas

1332 2433 84 47 et
1374 2433 181 47 dominium.
1513 2433 84 47 et
1555 2433 126 47 certe
1639 2433 98 47 non
1695 2433 126 47 minus
1779 2433 112 47 quam
1848 2433 209 47 consequatur
2016 2433 195 47 distinctio
2155 2433 98 47 lapi-

1330 2483 88 45 dis
1381 2483 63 45 a
1406 2483 88 45 deo
1456 2483 75 45 et
1494 2483 163 45 seruitus:
1619 2483 75 45 et
1657 2483 75 45 si
1695 2483 163 45 diceretur
1820 2483 100 45 quod
1883 2483 100 45 deus
1946 2483 113 45 esset
2021 2483 176 45 distinctus
2159 2483 75 45 et
2184 2483 63 45 do-

1316 2520 139 49 minus
1408 2520 154 49 absque
1516 2520 231 49 distictione
1701 2520 92 49 et
1747 2520 185 49 dominio:
1885 2520 139 49 eadem
1978 2520 216 49 facilitate
2132 2520 123 49 posset

1330 2566 107 54 dici
1396 2566 107 54 quod
1463 2566 120 54 lapis
1543 2566 120 54 esset
1623 2566 187 54 distinctus
1770 2566 80 54 et
1810 2566 160 54 causatus
1930 2566 80 54 et
1970 2566 133 54 seruus
2063 2566 93 54 vel
2103 2566 147 54 possessio

1327 2608 104 58 sine
1392 2608 207 58 distinctione
1560 2608 78 58 et
1599 2608 117 58 aliis
1677 2608 220 58 relationibus.
1858 2608 65 58 ⁋
1884 2608 168 58 Praeterea
2014 2608 143 58 exclusa
2117 2608 104 58 omni
2169 2608 78 58 con-

1328 2652 231 53 sideratione
1512 2652 139 53 anime
1605 2652 154 53 natura
1713 2652 154 53 humana
1821 2652 108 53 est
1882 2652 139 53 vnita
1975 2652 139 53 verbo
2067 2652 92 53 in
2098 2652 154 53 christo.

1321 2698 130 55 ergo
1402 2698 179 55 exclusa
1532 2698 130 55 omni
1614 2698 293 55 consideratione
1858 2698 147 55 anime
1956 2698 163 55 verbum
2070 2698 114 55 est
2119 2698 130 55 vnitum

1316 2739 146 56 nature
1418 2739 160 56 humane.
1535 2739 87 56 Et
1579 2739 131 56 patet
1666 2739 248 56 consequentia:
1870 2739 117 56 quia
1943 2739 218 56 impossibile
2117 2739 102 56 est
2161 2739 73 56 ali

1331 2783 118 57 quid
1405 2783 118 57 esse
1479 2783 148 57 vnitum
1582 2783 103 57 non
1641 2783 148 57 vnito:
1744 2783 148 57 vnitum
1848 2783 118 57 enim
1921 2783 133 57 vnito
2010 2783 148 57 vnitum
2113 2783 118 57 est.
2172 2783 74 57 cum

1320 2833 120 49 ergo
1395 2833 120 49 omne
1470 2833 150 49 vnitum
1574 2833 195 49 referatur
1724 2833 90 49 ad
1769 2833 150 49 vnitum
1874 2833 180 49 sequitur
2009 2833 120 49 quod
2083 2833 150 49 verbum
2173 2833 75 49 ex-

1323 2878 139 42 clusa
1415 2878 124 42 omni
1492 2878 278 42 consideratione
1724 2878 154 42 anime:
1832 2878 93 42 et
1878 2878 108 42 per
1940 2878 216 42 consequens
2095 2878 154 42 realiter

1325 2918 159 48 refertur
1444 2918 80 48 ad
1484 2918 133 48 vnitam
1577 2918 106 48 sibi
1644 2918 159 48 naturam.
1763 2918 66 48 ⁋
1790 2918 173 48 Praeterea
1923 2918 146 48 spiunus
2029 2918 106 48 scus
2082 2918 186 48 temporaliter

1326 2958 106 54 est
1387 2958 137 54 datus
1478 2958 91 54 et
1523 2958 167 54 donatus
1644 2958 182 54 creature
1781 2958 106 54 nec
1842 2958 91 54 in
1887 2958 106 54 hoc
1948 2958 106 54 est
2008 2958 212 54 necessaria
2160 2958 76 54 con

1327 3001 201 56 sideratio
1481 3001 139 56 anime
1574 3001 170 56 nostre:
1698 3001 108 56 cum
1760 3001 139 56 etiam
1852 3001 155 56 pueris
1961 3001 139 56 detur
2053 3001 93 56 in
2084 3001 155 56 baptismo

1325 3044 89 49 et
1370 3044 133 49 datum
1458 3044 89 49 et
1502 3044 162 49 donatum
1620 3044 177 49 relatiue
1753 3044 162 49 dicunt:
1871 3044 133 49 sicut
1960 3044 133 49 patet
2049 3044 103 49 per
2108 3044 118 49 Aug.
2181 3044 89 49 5o
2211 3044 59 49 de

1327 3096 127 69 trini.
1416 3096 64 69 ⁋
1442 3096 165 69 Praeterea
1569 3096 89 69 hoc
1620 3096 140 69 deberet
1722 3096 140 69 negari:
1824 3096 89 69 aut
1874 3096 89 69 hoc
1925 3096 115 69 esset
2002 3096 140 69 propter
2091 3096 178 69 auctoritatem
