2442 3522
163 286 125 55 petit
246 286 194 55 diffinitio
398 286 152 55 secunda
509 286 221 55 relatiuorum.
689 286 111 55 illo
758 286 111 55 modo
827 286 125 55 autem
910 286 166 55 scientia
1021 286 69 55 non

158 336 104 50 est
218 336 193 50 relatiuum
366 336 89 50 ad
411 336 178 50 scientem
544 336 104 50 nec
604 336 208 50 econuerso.
767 336 119 50 Quod
841 336 149 50 patet.
945 336 119 50 quia
1005 336 74 50 non

165 381 128 40 omnis
250 381 170 40 scientia
378 381 99 40 est
434 381 170 40 alicuius
562 381 170 40 scientis
690 381 85 40 vt
732 381 184 40 subiecti:
874 381 128 40 sicut
959 381 114 40 nunc
1016 381 71 40 lo-

163 423 142 53 quimur:
267 423 91 53 nec
318 423 104 53 omne
383 423 129 53 sciens
474 423 91 53 est
525 423 129 53 sciens
616 423 155 53 scientia
733 423 104 53 illo
797 423 116 53 modo.
875 423 116 53 patet
953 423 78 53 de
978 423 104 53 scien-

159 466 95 53 tia
214 466 95 53 dei
268 466 95 53 que
322 466 149 53 nullius
430 466 162 53 scientis
552 466 81 53 vt
592 466 162 53 subiecti
714 466 95 53 est
768 466 176 53 scientia.
903 466 81 53 Ex
944 466 95 53 quo
984 466 95 53 sequi

161 505 87 57 tur
210 505 99 57 quod
272 505 162 57 nequaquam
397 505 149 57 scientia
508 505 162 57 inquantum
633 505 149 57 scientia
745 505 87 57 est
794 505 149 57 scientia
906 505 149 57 scientis
1005 505 75 57 isto

157 549 126 63 modo.
241 549 84 63 ac
283 549 98 63 per
339 549 98 63 hoc
395 549 98 63 non
450 549 98 63 per
506 549 84 63 se
548 549 154 63 dicitur
660 549 84 63 ad
702 549 182 63 scientem:
842 549 84 63 et
883 549 84 63 io
925 549 112 63 modo
981 549 98 63 negat

171 588 183 58 philosophus
317 588 73 58 5o
354 588 134 58 metaph.
451 588 85 58 non
500 588 110 58 autem
573 588 110 58 primo
646 588 110 58 modo.
719 588 98 58 immo
780 588 98 58 illo
841 588 98 58 modo
902 588 134 58 videtur
987 588 98 58 conce-

160 642 114 46 dere
231 642 85 46 in
274 642 142 46 simili
373 642 100 46 cum
430 642 128 46 dicit
516 642 114 46 quod
587 642 157 46 visurus
701 642 100 46 non
758 642 114 46 est:
829 642 128 46 cuius
914 642 100 46 est
957 642 128 46 visurus

166 683 123 57 scilicet
258 683 144 57 subiectiue
371 683 62 57 id
402 683 72 57 est
443 683 134 57 videntis:
546 683 113 57 quamuis
629 683 93 57 verum
690 683 72 57 sit
732 683 72 57 hoc
773 683 103 57 dicere
845 683 123 57 scilicet
937 683 82 57 quod
989 683 72 57 est
1020 683 51 57 vi-

161 723 134 60 dentis
254 723 161 60 visurus:
375 723 94 60 ita
428 723 107 60 quod
495 723 120 60 primo
575 723 107 60 vult
642 723 107 60 quod
709 723 94 60 non
763 723 147 60 propter
870 723 80 60 se
910 723 161 60 refertur
1030 723 80 60 ad

160 767 185 56 videntem.
302 767 143 56 Deinde
402 767 143 56 aliquo
502 767 114 56 modo
573 767 157 56 videtur
688 767 185 56 concedere
830 767 171 56 scilicet
959 767 128 56 large
1030 767 57 56 et

154 810 176 56 communiter
293 810 151 56 loquendo
406 810 75 56 et
444 810 101 56 illo
507 810 101 56 modo
569 810 151 56 tollitur
683 810 151 56 secundum
796 810 163 56 veritatem
909 810 176 56 contradictio

162 852 95 50 Aug.
222 852 71 50 et
257 852 179 50 philosophi.
400 852 71 50 et
436 852 83 50 per
484 852 83 50 hoc
531 852 107 50 etiam
603 852 119 50 posset
686 852 119 50 solui:
769 852 131 50 quoniam
865 852 119 50 sciens
948 852 83 50 non
996 852 83 50 per
1031 852 48 50 se

157 896 154 49 dicitur
269 896 154 49 sciens:
381 896 112 49 quia
450 896 112 49 eius
520 896 98 49 est
576 896 168 49 scientia
702 896 84 49 vt
744 896 168 49 subiecti
869 896 126 49 sicut
939 896 140 49 arguendo

162 935 172 65 sumebatur.
297 935 74 65 Ex
334 935 123 65 dictis
419 935 110 65 patet
493 935 98 65 quod
554 935 184 65 philosophus
702 935 86 65 non
751 935 147 65 intendit
861 935 86 65 ibi
910 935 98 65 quod
972 935 110 65 inter
1033 935 49 65 re

159 980 137 55 latiua
255 980 137 55 tertii
352 980 110 55 modi
420 980 96 55 non
475 980 96 55 sit
530 980 82 55 ex
572 980 151 55 vtraque
681 980 124 55 parte
764 980 165 55 relatio:
888 980 82 55 et
929 980 110 55 quod
984 980 96 55 alte-

165 1024 105 52 rum
225 1024 150 52 tantum
330 1024 194 52 referatur
479 1024 90 52 ad
524 1024 150 52 aliud:
629 1024 90 52 vt
673 1024 150 52 sensus
778 1024 90 52 ad
823 1024 194 52 sensatum:
972 1024 90 52 et
1002 1024 75 52 non

160 1075 192 53 econuerso.
311 1075 82 53 vt
352 1075 137 53 quidam
448 1075 178 53 dixerunt:
585 1075 96 53 tum
640 1075 110 53 quia
709 1075 206 53 philosophus
873 1075 165 53 expresse
983 1075 96 53 dixit

167 1111 108 57 ibi.
234 1111 108 57 quod
301 1111 202 57 mensurabile
463 1111 81 57 et
504 1111 148 57 scibile
612 1111 81 57 et
652 1111 229 57 intellectuale
841 1111 81 57 eo
881 1111 108 57 quod
949 1111 121 57 aliud
1016 1111 54 57 ad

156 1158 130 56 ipsum
242 1158 159 56 dicitur
357 1158 86 56 ad
401 1158 159 56 aliquid
516 1158 187 56 dicuntur.
660 1158 115 56 Ecce
732 1158 115 56 quod
804 1158 173 56 affirmat
934 1158 130 56 eadem
1020 1158 86 56 ad

163 1205 166 45 aliquid.
288 1205 111 45 Unde
357 1205 97 45 non
412 1205 97 45 est
467 1205 83 45 in
509 1205 97 45 hoc
564 1205 207 45 differentia
730 1205 124 45 inter
813 1205 111 45 ista
882 1205 83 45 et
924 1205 111 45 alia
979 1205 97 45 rela-

152 1246 116 48 tiua
225 1246 174 48 primorum
356 1246 174 48 modorum:
487 1246 87 48 et
530 1246 116 48 quod
603 1246 116 48 alia
675 1246 131 48 mutuo
762 1246 87 48 et
806 1246 189 48 conuersim
937 1246 145 48 referan-

154 1288 109 57 tur.
222 1288 109 57 ista
290 1288 122 57 autem
372 1288 109 57 non.
440 1288 95 57 Sed
494 1288 82 57 in
535 1288 95 57 hoc
590 1288 109 57 quod
657 1288 136 57 nullum
753 1288 150 57 aliorum
861 1288 150 57 dicitur
970 1288 82 57 ad
997 1288 82 57 ali-

155 1334 114 43 quid:
231 1334 101 43 quia
294 1334 114 43 aliud
370 1334 139 43 dicitur
471 1334 76 43 ad
509 1334 126 43 ipsum.
597 1334 76 43 in
635 1334 114 43 istis
710 1334 114 43 autem
786 1334 101 43 sic.
849 1334 88 43 tum
899 1334 101 43 quia
950 1334 126 43 secundum

155 1372 104 50 hoc
215 1372 119 50 ipse
289 1372 193 50 manifeste
438 1372 253 50 contradiceret
646 1372 134 50 sibi:
735 1372 104 50 cum
794 1372 89 50 ex
839 1372 208 50 intentione
988 1372 89 50 dif-

159 1416 111 48 fuse
228 1416 138 48 probet
325 1416 83 48 in
367 1416 249 48 praedicamentis
575 1416 111 48 quod
644 1416 125 48 omnia
727 1416 166 48 relatiua
851 1416 111 48 sine
907 1416 166 48 exceptione

153 1464 142 48 aliqua
252 1464 199 48 possibili:
408 1464 85 48 si
451 1464 227 48 conuenienter
636 1464 213 48 assignentur
806 1464 170 48 dicuntur
934 1464 85 48 ad
962 1464 114 48 conuer

159 1503 162 55 tentiam:
281 1503 81 55 et
322 1503 108 55 quod
390 1503 135 55 tollit
484 1503 122 55 omnem
566 1503 122 55 fugam
647 1503 81 55 et
687 1503 190 55 proteruiam
836 1503 81 55 in
877 1503 176 55 proposito
999 1503 81 55 ille

151 1548 189 51 specialiter
303 1548 202 51 exemplificat
467 1548 126 51 ibidem
556 1548 76 51 de
593 1548 114 51 istis
669 1548 139 51 dominus
770 1548 76 51 et
808 1548 139 51 seruus:
909 1548 76 51 et
947 1548 126 51 sensus
1023 1548 63 51 sen

150 1593 115 53 sati
221 1593 158 53 sensus:
336 1593 86 53 et
379 1593 172 53 sensatum
508 1593 129 53 sensu
594 1593 186 53 sensatum.
738 1593 115 53 Item
809 1593 100 53 nec
867 1593 129 53 sicut
953 1593 115 53 alii
1010 1593 72 53 di-

155 1640 102 48 cunt
219 1640 153 48 intendit
334 1640 191 48 philosophus
486 1640 102 48 quod
550 1640 102 48 vnum
614 1640 166 48 referatur
741 1640 166 48 realiter.
868 1640 153 48 reliquum
983 1640 89 48 aut
1021 1640 51 48 so

155 1676 89 56 lum
206 1676 153 56 secundum
321 1676 166 56 rationem:
449 1676 102 56 quin
512 1676 102 56 immo
576 1676 140 56 videtur
678 1676 115 56 sequi
755 1676 166 56 oppositum
882 1676 77 56 ex
920 1676 128 56 dictis
997 1676 89 56 suis.

157 1721 98 45 Nam
213 1721 84 45 si
255 1721 98 45 hoc
312 1721 98 45 est
368 1721 113 45 esse
438 1721 169 45 sensatum
565 1721 113 45 quod
635 1721 113 45 eius
705 1721 113 45 esse
776 1721 225 45 sensationem:
959 1721 84 45 si
987 1721 84 45 sen-

145 1762 122 62 satio
227 1762 95 62 est
281 1762 109 62 eius
349 1762 163 62 realiter
471 1762 122 62 ipsum
553 1762 95 62 est
607 1762 163 62 sensatum
729 1762 176 62 realiter:
865 1762 81 62 et
906 1762 109 62 quia
960 1762 122 62 inquan-

156 1812 97 43 tum
211 1812 166 43 sensatum
336 1812 166 43 refertur
460 1812 83 43 ad
502 1812 221 43 sensationem:
681 1812 166 43 sequitur
806 1812 111 43 quod
875 1812 166 43 realiter
985 1812 97 43 refe-

146 1852 146 54 ratur
243 1852 97 54 ad
292 1852 162 54 ipsam.
438 1852 97 54 Ad
486 1852 114 54 2am
551 1852 114 54 cum
616 1852 178 54 dicitur
746 1852 130 54 omne
827 1852 195 54 realiter
957 1852 114 54 rela-

152 1898 106 47 tum
212 1898 91 47 ad
258 1898 166 47 aliquid
378 1898 106 47 est
439 1898 181 47 realiter
575 1898 196 47 ordinatum
726 1898 91 47 ad
771 1898 136 47 illud
862 1898 211 47 accipiendo
1013 1898 60 47 or

146 1933 170 54 dinatum
269 1933 93 54 in
316 1933 93 54 eo
362 1933 139 54 sensu
455 1933 93 54 in
501 1933 108 54 quo
563 1933 185 54 sequitur
702 1933 185 54 vlterior
841 1933 185 54 deductio
965 1933 108 54 argu-

154 1981 211 59 mentationis:
326 1981 106 59 nego
392 1981 132 59 illam.
484 1981 79 59 Et
524 1981 79 59 ad
564 1981 198 59 probationem
722 1981 106 59 dico
788 1981 119 59 primo
868 1981 106 59 quod
934 1981 93 59 est
973 1981 106 59 parti-

157 2028 195 58 ticularis:
310 2028 97 58 nec
366 2028 125 58 etiam
449 2028 83 58 si
491 2028 125 58 esset
574 2028 111 58 vera
643 2028 222 58 sufficienter
824 2028 167 58 probaret
949 2028 111 58 hanc
1005 2028 83 58 vni-

153 2069 180 52 uersalem.
292 2069 83 52 2o
333 2069 111 52 dico
403 2069 111 52 quod
472 2069 97 52 est
527 2069 139 52 falsa.
625 2069 83 52 Et
666 2069 83 52 ad
708 2069 208 52 probationem
874 2069 125 52 dico:
957 2069 111 52 quod
1013 2069 69 52 vna

147 2124 150 42 albedo
252 2124 150 42 nullam
357 2124 241 42 perfectionem
553 2124 180 42 acquirit
688 2124 90 42 ex
733 2124 120 42 alia
808 2124 105 42 cui
869 2124 195 42 refertur.
1004 2124 75 42 nec

149 2163 149 52 aliqua
254 2163 149 52 natura
358 2163 104 52 est
418 2163 90 52 ex
462 2163 104 52 hoc
522 2163 90 52 in
567 2163 119 52 ipsa
641 2163 224 52 perfectior:
820 2163 104 52 nec
880 2163 119 52 ipsa
940 2163 134 52 singula

161 2203 103 50 ris:
226 2203 90 50 nec
277 2203 129 50 aliqua
368 2203 168 50 communis:
496 2203 90 50 cum
548 2203 116 50 nulla
626 2203 90 50 sit
677 2203 116 50 talis
755 2203 77 50 in
793 2203 116 50 ipsa:
871 2203 142 50 quamuis
974 2203 90 50 due
1013 2203 65 50 al-

160 2243 171 46 bedines
285 2243 124 46 sint
362 2243 155 46 plures
471 2243 248 46 perfectiones
673 2243 124 46 quam
750 2243 155 46 altera
859 2243 140 46 earum
936 2243 140 46 tantum.

182 2285 82 51 Ad
223 2285 95 51 3am
277 2285 109 51 nego
345 2285 246 51 consequentiam.
550 2285 82 51 Et
591 2285 82 51 ad
632 2285 205 51 probationem
796 2285 123 51 dico:
877 2285 109 51 quod
946 2285 95 51 non
987 2285 95 51 omnis

154 2334 157 49 relatio
268 2334 143 49 exigit
368 2334 200 49 necessario
524 2334 86 49 ad
567 2334 114 49 suum
638 2334 114 49 esse
710 2334 114 49 quod
781 2334 114 49 eius
852 2334 171 49 terminus
980 2334 100 49 sit
1023 2334 57 49 in

146 2373 140 50 rerum
240 2373 172 50 natura:
365 2373 140 50 sicut
459 2373 140 50 supra
552 2373 156 50 patet.
693 2373 94 50 Ad
740 2373 250 50 auctoritatem
927 2373 156 50 magistri

145 2418 169 51 dicendum:
275 2418 104 51 quod
340 2418 91 51 non
393 2418 91 51 est
445 2418 143 51 contra.
549 2418 91 51 cum
601 2418 104 51 ipse
666 2418 91 51 non
718 2418 117 51 dicat
796 2418 104 51 quod
862 2418 104 51 deus
927 2418 91 51 non
966 2418 104 51 refer-

145 2464 96 54 tur
200 2464 82 54 ad
241 2464 191 54 creaturam:
391 2464 96 54 sed
446 2464 123 54 dicat
527 2464 191 54 oppositum:
678 2464 164 54 intendit
800 2464 123 54 tamen
882 2464 109 54 quod
951 2464 96 54 cum
1005 2464 82 54 de
1032 2464 55 54 no

143 2509 90 52 uo
188 2509 164 52 dicitur
307 2509 90 52 ad
352 2509 209 52 creaturam:
516 2509 134 52 nulla
606 2509 164 52 nouitas
725 2509 104 52 vel
785 2509 164 52 mutatio
904 2509 104 52 est
964 2509 90 52 in
993 2509 90 52 deo:

156 2546 105 64 sed
216 2546 151 64 tantum
322 2546 90 64 in
367 2546 196 64 creatura:
517 2546 120 64 quam
592 2546 211 64 mutationem
758 2546 90 64 in
803 2546 196 64 creatura:
939 2546 135 64 propter

155 2588 117 57 quam
228 2588 88 57 et
272 2588 117 57 ipsa
345 2588 88 57 ad
389 2588 117 57 deum
462 2588 88 57 et
506 2588 117 57 deus
579 2588 88 57 ad
623 2588 132 57 ipsam
711 2588 161 57 nouiter
828 2588 205 57 referuntur
974 2588 102 57 vocat

158 2636 232 50 relationem.
343 2636 139 50 iuxta
436 2636 139 50 modum
529 2636 124 50 suum
606 2636 108 50 quo
668 2636 139 50 talia
761 2636 186 50 complexe
884 2636 186 50 significa-

168 2681 131 46 bilia
256 2681 145 46 quibus
357 2681 160 46 dicitur
474 2681 160 46 aliquid
590 2681 160 46 referri
706 2681 145 46 vocare
808 2681 189 46 consueuit
939 2681 131 46 relatio

154 2720 109 61 nes:
222 2720 82 61 vt
263 2720 82 61 in
304 2720 245 61 praeallegatis.
509 2720 82 61 q.
549 2720 109 61 fuit
618 2720 150 61 dictum.
726 2720 82 61 et
767 2720 123 61 dist.
849 2720 95 61 26.
931 2720 82 61 Ad
958 2720 109 61 vltim-

155 2764 103 51 mum
214 2764 161 51 concedo
331 2764 117 51 quod
405 2764 191 51 identitas
551 2764 161 51 eiusdem
668 2764 88 51 ad
712 2764 88 51 se
756 2764 103 51 est
815 2764 161 51 realis:
932 2764 88 51 si
976 2764 132 51 illud

157 2812 101 49 quod
221 2812 139 49 dicitur
322 2812 101 49 idem
385 2812 88 49 sit
435 2812 101 49 res.
498 2812 88 49 nec
549 2812 190 49 philosophus
701 2812 114 49 dicit
776 2812 177 49 oppositum.
915 2812 88 49 nec
953 2812 114 49 aliquis

157 2851 150 60 alius
257 2851 183 60 deberet
390 2851 117 60 hoc
457 2851 183 60 negare.
590 2851 117 60 cum
657 2851 166 60 nullus
773 2851 133 60 sane
857 2851 166 60 mentis
956 2851 117 60 nega-

154 2896 89 48 ret
205 2896 101 48 quod
268 2896 127 48 sortes
357 2896 89 48 est
408 2896 101 48 sibi
471 2896 101 48 ipsi
534 2896 101 48 idem
598 2896 165 48 realiter:
724 2896 76 48 et
762 2896 114 48 multo
838 2896 114 48 plus:
914 2896 101 48 quam
978 2896 89 48 sit
1016 2896 63 48 pla

159 2940 103 54 toni:
227 2940 80 54 cui
273 2940 103 54 tamen
342 2940 161 54 conceditur
468 2940 92 54 esse
526 2940 138 54 realiter
629 2940 92 54 idem
686 2940 138 54 secundum
789 2940 138 54 speciem.
915 2940 149 54 Praeterea
1019 2940 57 54 con

151 2980 125 57 stat
229 2980 125 57 quod
307 2980 156 57 aliqua
416 2980 109 57 res
478 2980 109 57 vna
541 2980 156 57 numero
650 2980 109 57 est
712 2980 109 57 vna
774 2980 202 57 realiter.
930 2980 109 57 cum
977 2980 93 57 ergo

161 3026 206 49 identitas
320 3026 206 49 numeralis
479 3026 111 49 non
542 3026 111 49 sit
606 3026 143 49 aliud
701 3026 127 49 quam
780 3026 175 49 entitas
891 3026 191 49 numeralis:

152 3070 87 64 vt
196 3070 131 64 patet
284 3070 87 64 ex
327 3070 219 64 auctoritate
502 3070 189 64 allegata:
648 3070 175 64 sequitur
779 3070 117 64 quod
852 3070 189 64 identitas
983 3070 102 64 nume

1113 292 132 68 ralis
1202 292 103 68 est
1260 292 191 68 identitas
1407 292 162 68 realis.
1525 292 118 68 Dico
1599 292 118 68 ergo
1672 292 118 68 quod
1746 292 132 68 talis
1834 292 191 68 identitas
1966 292 74 68 est

1130 351 136 53 realis.
1229 351 74 53 et
1266 351 74 53 si
1303 351 99 53 ipsa
1365 351 87 53 sit
1414 351 136 53 relatio
1513 351 87 53 est
1563 351 136 53 relatio
1662 351 136 53 realis.
1761 351 87 53 nec
1810 351 186 53 philosophus
1946 351 87 53 oppo-

1120 385 129 61 situm
1206 385 158 61 sentit.
1321 385 101 61 sed
1378 385 129 61 solum
1465 385 115 61 vult
1537 385 115 61 quod
1609 385 144 61 quibus
1709 385 129 61 modis
1796 385 158 61 dicitur
1911 385 115 61 vnum
1968 385 72 61 di-

1133 429 120 56 citur
1212 429 120 56 idem:
1292 429 80 56 et
1332 429 106 56 quod
1398 429 120 56 sicut
1478 429 133 56 vnitas
1571 429 93 56 sic
1624 429 80 56 et
1664 429 173 56 identitas
1797 429 93 56 est
1850 429 146 56 duplex:
1943 429 93 56 quae-

1133 468 101 60 dam
1190 468 130 60 eorum
1277 468 101 60 que
1335 468 116 60 sunt
1408 468 145 60 plura:
1509 468 130 60 sicut
1596 468 188 60 identitas
1740 468 159 60 generis
1856 468 87 60 et
1885 468 145 60 specifi-

1130 519 102 52 ca:
1188 519 145 52 quedam
1289 519 145 52 vnius:
1391 519 131 52 sicut
1478 519 189 52 identitas
1623 519 203 52 numeralis:
1782 519 102 52 que
1840 519 102 52 est
1898 519 116 52 illa
1956 519 87 52 quam

1128 556 243 53 significamus
1325 556 106 53 cum
1386 556 137 53 eodem
1477 556 152 53 vtimur
1583 556 91 53 vt
1629 556 152 53 duobus
1735 556 91 53 id
1781 556 106 53 est
1842 556 137 53 sicut
1918 556 121 53 vtimur

1117 600 169 53 duobus.
1240 600 108 53 hoc
1301 600 138 53 autem
1393 600 108 53 est
1455 600 154 53 quando
1562 600 169 53 dicimus
1685 600 138 53 ipsum
1778 600 123 53 ipsi
1855 600 138 53 idem.
1931 600 108 53 verbi

1121 644 141 62 gratia.
1224 644 129 62 petrus
1314 644 90 62 est
1365 644 103 62 idem
1430 644 129 62 petro:
1520 644 90 62 sic
1571 644 103 62 enim
1635 644 129 62 vtimur
1725 644 103 62 tunc
1790 644 129 62 petrus
1880 644 90 62 pro
1931 644 77 62 eo
1957 644 77 62 quod

1128 695 174 44 refertur
1259 695 87 44 et
1303 695 87 44 eo
1346 695 102 44 cui
1404 695 189 44 refertur:
1549 695 131 44 sicut
1637 695 87 44 in
1680 695 232 44 significando
1854 695 189 44 identitatem

1122 741 132 51 aliam
1210 741 102 51 que
1269 741 102 51 est
1327 741 161 51 plurium
1444 741 146 51 vtimur
1547 741 161 51 duobus.
1664 741 132 51 verbi
1752 741 146 51 gratia
1854 741 102 51 cum
1898 741 132 51 dicimus

1135 775 130 61 petrus
1226 775 91 61 est
1278 775 104 61 idem
1343 775 130 61 paulo:
1435 775 91 61 nec
1487 775 117 61 aliud
1565 775 156 61 intendit
1682 775 208 61 philosophus.
1878 775 78 61 Et
1917 775 78 61 si
1943 775 91 61 dica-

1124 823 105 56 tur
1184 823 120 56 quod
1259 823 180 56 quelibet
1394 823 165 56 relatio
1514 823 150 56 realis
1619 823 180 56 requirit
1754 823 105 56 duo
1814 823 165 56 extrema
1919 823 120 56 reali-

1125 867 94 47 ter
1178 867 188 47 distincta.
1326 867 162 47 dicendum
1448 867 94 47 hoc
1501 867 108 47 esse
1569 867 148 47 falsum:
1677 867 108 47 quod
1744 867 135 47 patet:
1838 867 108 47 quia
1905 867 121 47 inter
1973 867 67 47 mo-

1131 909 122 46 uens
1207 909 92 46 et
1253 909 137 46 motum
1344 909 107 46 vel
1405 909 137 46 agens
1497 909 92 46 et
1543 909 168 46 patiens
1665 909 107 46 est
1726 909 168 46 relatio
1848 909 153 46 realis
1939 909 107 46 etiam

1131 948 159 50 secundum
1250 948 159 50 communem
1369 948 185 50 doctrinam:
1514 948 79 50 et
1554 948 119 50 tamen
1633 948 159 50 voluntas
1752 948 106 50 agit
1818 948 79 50 in
1858 948 93 50 se:
1898 948 132 50 causando

1132 990 111 56 suum
1201 990 138 56 actum:
1298 990 97 56 ita
1353 990 111 56 quod
1423 990 111 56 ipsa
1492 990 97 56 est
1547 990 124 56 agens
1630 990 83 56 et
1672 990 152 56 patiens
1782 990 83 56 et
1824 990 138 56 mouens
1921 990 83 56 et
1948 990 97 56 mota.

1129 1034 112 63 Unde
1199 1034 98 63 non
1255 1034 112 63 plus
1325 1034 196 63 requiritur
1479 1034 84 63 ad
1521 1034 196 63 relationem
1675 1034 154 63 realem:
1787 1034 112 63 nisi
1857 1034 112 63 quod
1913 1034 126 63 praeter

1122 1079 204 58 operationem
1286 1079 136 58 anime:
1381 1079 123 58 ipsum
1463 1079 109 58 quod
1531 1079 164 58 refertur
1654 1079 95 58 sit
1708 1079 109 58 tale
1776 1079 123 58 quale
1858 1079 177 58 denotatur
1981 1079 68 58 per

1132 1120 229 51 praedicationem
1323 1120 166 51 relatiuam
1451 1120 76 51 de
1489 1120 115 51 ipso.
1566 1120 76 51 et
1604 1120 102 51 ideo
1667 1120 76 51 si
1706 1120 166 51 identitas
1833 1120 166 51 inquantum
1948 1120 89 51 iden-

1120 1172 115 55 titas
1197 1172 90 55 sit
1248 1172 153 55 relatio:
1363 1172 90 55 non
1414 1172 179 55 requiritur
1555 1172 77 55 ad
1593 1172 90 55 hoc
1645 1172 102 55 quod
1708 1172 90 55 sit
1760 1172 153 55 relatio:
1875 1172 102 55 nisi
1939 1172 102 55 quod
1990 1172 51 55 il

1127 1208 92 63 lud
1179 1208 105 63 quod
1245 1208 144 63 dicitur
1349 1208 118 63 idem:
1428 1208 92 63 sit
1480 1208 105 63 idem
1546 1208 144 63 praeter
1650 1208 118 63 anime
1729 1208 209 63 operationem.
1899 1208 105 63 Quia
1951 1208 92 63 autem

1126 1250 118 52 sint
1200 1250 177 52 disticta
1332 1250 162 52 extrema
1450 1250 221 52 identitatis
1627 1250 103 52 non
1686 1250 147 52 semper
1789 1250 221 52 requiritur:
1951 1250 88 52 immo

1117 1296 173 48 aliquando
1250 1296 186 48 requiritur
1396 1296 173 48 oppositum
1529 1296 160 48 scilicet
1648 1296 80 48 in
1688 1296 186 48 identitate
1835 1296 173 48 numerali.
1954 1296 80 48 Unde

1122 1337 132 59 sicut
1211 1337 88 59 ad
1255 1337 221 59 identitatem
1431 1337 206 59 specificam
1593 1337 88 59 vt
1637 1337 103 59 sit
1696 1337 162 59 realis.
1813 1337 103 59 non
1858 1337 176 59 requiritur

1127 1388 116 45 quod
1200 1388 116 45 illa
1273 1388 102 45 que
1331 1388 102 45 sic
1389 1388 116 45 sunt
1462 1388 131 45 idem:
1550 1388 116 45 sint
1622 1388 189 45 distincta
1768 1388 146 45 specie
1870 1388 102 45 aut
1914 1388 116 45 maiori

1129 1433 239 48 distinctione:
1325 1433 168 48 quinimmo
1452 1433 84 48 si
1494 1433 98 48 sic
1550 1433 126 48 esset
1634 1433 98 48 non
1690 1433 140 48 essent
1788 1433 126 48 eadem
1873 1433 154 48 specie.
1971 1433 70 48 Sic

1114 1476 94 41 ad
1161 1476 236 41 identitatem
1350 1476 205 41 numeralem
1508 1476 110 41 non
1571 1476 220 41 requiritur
1744 1476 220 41 distinctio
1901 1476 142 41 numera-

1130 1514 99 51 lis
1186 1514 99 51 aut
1243 1514 141 51 aliqua
1341 1514 141 51 maior:
1440 1514 113 51 immo
1510 1514 84 51 si
1552 1514 99 51 sic
1609 1514 141 51 esset:
1707 1514 99 51 non
1763 1514 127 51 esset
1848 1514 183 51 identitas
1975 1514 56 51 nu

1128 1558 177 45 meralis:
1261 1558 89 45 et
1305 1558 118 45 ideo
1379 1558 133 45 inane
1468 1558 148 45 dictum
1571 1558 162 45 illorum
1689 1558 177 45 videtur:
1822 1558 103 45 qui
1866 1558 177 45 exponentes

1131 1601 179 47 philosophum
1275 1601 72 47 in
1310 1601 108 47 parte
1382 1601 191 47 praeallegata
1538 1601 120 47 dicunt
1621 1601 96 47 quod
1681 1601 72 47 ad
1717 1601 155 47 huiusmodi
1837 1601 167 47 relationem
1956 1601 96 47 identi

1121 1643 141 52 tatis:
1220 1643 155 52 oportet
1333 1643 113 52 quod
1403 1643 212 52 intellectus
1572 1643 113 52 vnum
1643 1643 155 52 statuat
1756 1643 155 52 tanquam
1869 1643 113 52 duo:
1939 1643 85 52 et
1967 1643 85 52 illa

1126 1690 162 54 comparet
1247 1690 175 54 adinuicem
1381 1690 162 54 secundum
1503 1690 216 54 identitatem.
1678 1690 94 54 est
1732 1690 108 54 enim
1799 1690 135 54 simile
1893 1690 81 54 ac
1934 1690 81 54 si
1961 1690 67 54 di-

1123 1734 144 46 ceretur
1227 1734 104 46 quod
1293 1734 78 46 ad
1332 1734 91 46 hoc
1384 1734 104 46 quod
1449 1734 91 46 sit
1501 1734 104 46 idem
1567 1734 144 46 oportet
1671 1734 104 46 quod
1736 1734 91 46 sit
1775 1734 157 46 distincta.

1144 1770 94 56 Ad
1191 1770 157 56 primum
1300 1770 219 56 argumentum
1473 1770 219 56 questionis
1645 1770 110 56 cum
1708 1770 188 56 dicitur:
1849 1770 110 56 aut
1896 1770 157 56 refertur

1119 1817 202 50 relatione
1275 1817 155 50 eterna
1384 1817 109 50 aut
1446 1817 218 50 temporali.
1617 1817 124 50 Dico
1695 1817 124 50 quod
1772 1817 124 50 deum
1850 1817 171 50 referri
1959 1817 93 50 rela

1127 1859 133 55 tione
1216 1859 148 55 eterna
1320 1859 148 55 potest
1423 1859 207 55 dupliciter
1586 1859 207 55 intelligi.
1749 1859 104 55 Uno
1808 1859 118 55 modo
1882 1859 118 55 quod
1941 1859 89 55 ipsa

1120 1902 96 50 res
1175 1902 96 50 que
1230 1902 96 50 est
1285 1902 151 50 relatio
1395 1902 96 50 sit
1450 1902 151 50 eterna.
1560 1902 82 50 et
1601 1902 96 50 sic
1656 1902 110 50 dico
1724 1902 110 50 quod
1793 1902 82 50 ad
1834 1902 192 50 quodcunque
1971 1902 69 50 re-

1119 1943 163 55 feratur
1238 1943 134 55 deus:
1327 1943 119 55 siue
1401 1943 89 55 ab
1446 1943 149 55 eterno
1550 1943 119 55 siue
1624 1943 104 55 non
1684 1943 89 55 ab
1728 1943 163 55 eterno.
1847 1943 178 55 refertur
1966 1943 74 55 re-

1120 1987 158 53 latione
1235 1987 101 53 que
1292 1987 101 53 est
1350 1987 101 53 res
1407 1987 158 53 eterna:
1522 1987 115 53 quia
1594 1987 101 53 sua
1652 1987 158 53 relatio
1767 1987 101 53 non
1824 1987 101 53 est
1882 1987 115 53 nisi
1939 1987 101 53 ipse.

1120 2033 105 45 Alio
1186 2033 105 45 modo
1252 2033 171 45 intelligi
1383 2033 132 45 potest
1476 2033 105 45 quod
1541 2033 171 45 referatur
1673 2033 171 45 relatione
1805 2033 145 45 eterna.
1910 2033 79 45 id
1950 2033 92 45 est
1989 2033 53 45 re

1119 2077 156 44 feratur
1232 2077 227 44 eternaliter:
1416 2077 85 44 et
1459 2077 184 44 referatur
1601 2077 184 44 relatione
1742 2077 198 44 temporali.
1898 2077 85 44 id
1941 2077 99 44 est
1983 2077 57 44 re

1114 2113 144 57 feratur
1219 2113 79 57 ex
1258 2113 144 57 tempore
1363 2113 92 57 seu
1415 2113 157 57 postquam
1533 2113 92 57 non
1586 2113 210 57 referebatur:
1756 2113 79 57 et
1795 2113 92 57 sic
1848 2113 105 57 dico
1913 2113 105 57 quod
1979 2113 79 57 ad

1113 2165 152 50 aliqua
1219 2165 228 50 referebatur
1402 2165 243 50 eternaliter:
1599 2165 106 50 que
1660 2165 106 50 non
1721 2165 137 50 erant
1812 2165 198 50 inquantum
1949 2165 91 50 erat

1120 2210 126 49 eorum
1204 2210 183 49 creatiuus
1345 2210 84 49 et
1387 2210 183 49 prescius:
1527 2210 84 49 et
1569 2210 84 49 ad
1612 2210 140 49 aliqua
1710 2210 225 49 temporaliter
1878 2210 155 49 inquantum

1121 2249 135 44 creator
1219 2249 74 44 et
1256 2249 147 44 dominus:
1366 2249 86 44 ita
1415 2249 98 44 quod
1476 2249 135 44 quamuis
1574 2249 74 44 id
1611 2249 98 44 quod
1672 2249 86 44 est
1721 2249 147 44 dominium
1832 2249 86 44 dei
1881 2249 123 44 semper
1954 2249 74 44 fue-

1123 2293 99 44 rit:
1184 2293 111 44 illud
1259 2293 111 44 tamen
1333 2293 86 44 non
1382 2293 99 44 fuit
1444 2293 124 44 semper
1530 2293 161 44 dominium:
1654 2293 111 44 sicut
1728 2293 111 44 libet
1802 2293 74 44 is
1839 2293 86 44 qui
1889 2293 86 44 est
1926 2293 111 44 dominus

1113 2337 151 53 semper
1218 2337 166 53 fuerit:
1339 2337 105 53 non
1399 2337 135 53 tamen
1489 2337 120 53 ipse
1564 2337 151 53 semper
1670 2337 120 53 fuit
1745 2337 181 53 dominus.
1881 2337 105 53 cum
1926 2337 105 53 autem

1113 2380 166 50 dominium
1238 2380 97 50 dei
1293 2380 152 50 dicitur
1404 2380 166 50 secundum
1529 2380 235 50 intransitivam
1722 2380 138 50 loquor
1806 2380 235 50 constructionem:

1120 2419 78 56 vt
1159 2419 91 56 sit
1211 2419 144 56 sensus:
1316 2419 157 56 dominium
1433 2419 91 56 qui
1486 2419 91 56 est
1538 2419 118 56 deus:
1616 2419 91 56 cum
1668 2419 118 56 autem
1747 2419 157 56 probatur
1864 2419 104 56 quod
1930 2419 91 56 non
1969 2419 65 56 re-

1118 2467 164 47 latione
1237 2467 164 47 eterna:
1356 2467 134 47 patet
1446 2467 89 47 ex
1490 2467 149 47 dictis
1594 2467 134 47 supra
1684 2467 104 47 in.
1743 2467 89 47 q.
1818 2467 89 47 Ad
1862 2467 89 47 id
1907 2467 119 47 vero
1967 2467 74 47 quo

1122 2512 177 47 probatur:
1259 2512 109 47 quod
1327 2512 96 47 non
1382 2512 232 47 temporaliter:
1573 2512 109 47 quia
1641 2512 109 47 tunc
1709 2512 109 47 illa
1778 2512 150 47 relatio
1887 2512 123 47 esset
1955 2512 82 47 noua

1126 2559 83 49 in
1168 2559 111 49 deo.
1237 2559 124 49 patet
1320 2559 111 49 quod
1389 2559 97 49 non
1444 2559 166 49 sequitur
1569 2559 111 49 nisi
1638 2559 83 49 in
1679 2559 97 49 hoc
1735 2559 138 49 sensu.
1832 2559 83 49 id
1873 2559 97 49 est
1928 2559 111 49 tunc
1984 2559 55 49 de

1111 2598 132 51 nouo
1194 2598 132 51 deus
1277 2598 198 51 refertur
1425 2598 132 51 quod
1508 2598 198 51 concedo.
1657 2598 116 51 Cum
1723 2598 132 51 vero
1806 2598 99 51 ex
1855 2598 149 51 dicto
1938 2598 99 51 Com-

1115 2643 151 53 menta.
1221 2643 181 53 vlterius
1356 2643 181 53 infertur
1492 2643 121 53 quod
1568 2643 196 53 mutaretur
1719 2643 151 53 saltem
1825 2643 106 53 per
1870 2643 166 53 accidens:

1126 2685 111 48 nego
1196 2685 236 48 consequentiam
1390 2685 153 48 proprie
1501 2685 180 48 loquendo.
1667 2685 83 48 Ad
1709 2685 222 48 auctoritatem
1875 2685 153 48 Commenta.

1123 2728 126 46 dico
1202 2728 126 46 quod
1280 2728 173 46 aliquid
1406 2728 236 46 transmutari
1594 2728 283 46 transmutatione
1830 2728 188 46 relatiua
1955 2728 79 46 seu

1113 2773 185 51 relatiue:
1255 2773 142 51 potest
1355 2773 199 51 dupliciter
1511 2773 156 51 accipi.
1625 2773 100 51 Uno
1682 2773 114 51 modo
1753 2773 156 51 stricte
1866 2773 85 51 et
1895 2773 142 51 proprie:

1117 2816 97 42 et
1165 2816 113 42 sic
1230 2816 146 42 illud
1327 2816 178 42 dicitur
1457 2816 243 42 transmutari
1651 2816 291 42 transmutatione
1877 2816 162 42 relatiua

1121 2857 119 45 quod
1196 2857 238 45 transmutatur
1389 2857 179 45 secundum
1523 2857 104 45 rem
1583 2857 134 45 illam
1672 2857 104 45 per
1732 2857 119 45 quam
1807 2857 104 45 est
1851 2857 179 45 relatiuum:

1115 2899 122 48 isto
1191 2899 122 48 modo
1267 2899 91 48 si
1313 2899 152 48 petrus
1420 2899 137 48 niger
1511 2899 122 48 fiat
1587 2899 152 48 albus.
1694 2899 91 48 et
1739 2899 107 48 per
1800 2899 213 48 consequens
1953 2899 76 48 si-

1118 2943 151 51 milis
1219 2943 151 51 paulo
1320 2943 135 51 albo
1404 2943 269 51 transmutatur
1623 2943 303 51 transmutatione
1858 2943 185 51 relatiua:

1116 2988 135 48 quia
1200 2988 270 48 transmutatur
1419 2988 118 48 per
1487 2988 219 48 albedinem
1655 2988 118 48 qua
1723 2988 118 48 est
1790 2988 185 48 similis
1908 2988 135 48 paulo.

1125 3031 122 47 Alio
1201 3031 122 47 modo
1277 3031 137 47 large
1368 3031 91 47 et
1414 3031 213 47 improprie:
1581 3031 91 47 et
1627 3031 106 47 sic
1687 3031 122 47 omne
1763 3031 122 47 quod
1839 3031 182 47 refertur
1976 3031 91 47 ad

1124 3075 166 59 aliquid
1245 3075 91 59 ad
1290 3075 121 59 quod
1366 3075 136 59 prius
1456 3075 106 59 non
1517 3075 106 59 sic
1577 3075 227 59 referebatur
1758 3075 151 59 potest
1864 3075 121 59 dici
1924 3075 121 59 trans
