2449 3528
130 283 138 79 aliquid
231 283 75 79 ad
269 283 75 79 se
306 283 100 79 etc.
369 283 100 79 ergo
432 283 151 79 essentia
545 283 113 79 esset
620 283 138 79 aliquid
721 283 75 79 ad
759 283 113 79 aliud
834 283 75 79 et
872 283 138 79 aliquid
972 283 75 79 ad
997 283 63 79 se:

142 347 170 51 alioquin
269 347 99 51 non
326 347 127 51 omnis
411 347 99 51 res
467 347 99 51 que
524 347 156 51 dicitur
637 347 170 51 relatiue
765 347 127 51 esset
850 347 156 51 aliquid
963 347 85 51 ad
991 347 71 51 se:

140 389 80 51 vt
180 389 120 51 dicit
259 389 200 51 auctoritas.
419 389 106 51 Dico
486 389 106 51 ergo
552 389 106 51 quod
619 389 186 51 auctoritas
765 389 93 51 est
818 389 160 51 expresse
938 389 80 51 ad
965 389 93 51 oppo-

145 426 102 63 situm
212 426 90 63 eius
269 426 68 63 ad
303 426 90 63 quod
359 426 158 63 inducitur:
484 426 68 63 et
518 426 79 63 est
563 426 79 63 pro
608 426 170 63 conclusione
744 426 90 63 quam
800 426 113 63 teneo.
879 426 79 63 Nam
924 426 68 63 ex
958 426 68 63 ea
981 426 79 63 patet

137 470 79 51 et
176 470 118 51 supra
255 470 105 51 dici
321 470 92 51 3o.
373 470 92 51 est
426 470 171 51 diffusius
557 470 197 51 declaratum.
715 470 105 51 quod
780 470 118 51 omnis
859 470 144 51 entitas
964 470 79 51 de
990 470 66 51 mun

143 513 78 58 do
182 513 91 58 qui
234 513 91 58 est
287 513 157 58 relatiua
404 513 91 58 vel
456 513 144 58 aliquid
561 513 78 58 ad
600 513 118 58 aliud
678 513 91 58 est
731 513 118 58 etiat
809 513 170 58 absoluta:
939 513 91 58 seu
979 513 78 58 ali-

134 554 102 61 quid
198 554 77 61 ad
237 554 90 61 se:
288 554 115 61 nulla
365 554 115 61 tamen
441 554 90 61 est
493 554 115 61 illud
569 554 77 61 ad
608 554 128 61 aliud:
698 554 102 61 quod
762 554 102 61 ipsa
826 554 90 61 est
877 554 77 61 ad
915 554 90 61 se:
966 554 90 61 sic
1005 554 51 61 in

129 607 157 51 proposito
250 607 97 51 dico
310 607 97 51 quod
370 607 109 51 pater
443 607 85 51 est
491 607 121 51 paiter
576 607 72 51 ad
612 607 133 51 aliquid
709 607 85 51 seu
757 607 157 51 relatiue:
878 607 85 51 sed
926 607 85 51 cum
974 607 85 51 hoc
1011 607 60 51 est

137 651 171 51 diuinitas
269 651 79 51 et
308 651 158 51 essentia
427 651 92 51 non
479 651 79 51 ad
519 651 145 51 aliquid
624 651 92 51 sed
677 651 79 51 ad
716 651 92 51 se.
769 651 171 51 Similiter
901 651 158 51 essentia
1006 651 66 51 est

137 693 143 44 essentia
244 693 72 44 ad
280 693 72 44 se
316 693 72 44 et
352 693 84 44 non
400 693 72 44 ad
435 693 143 44 aliquid:
543 693 72 44 et
579 693 84 44 est
626 693 107 44 patur
698 693 72 44 ad
734 693 143 44 aliquid:
841 693 72 44 et
877 693 84 44 non
925 693 72 44 ad
961 693 84 44 se.
996 693 60 44 Nec

135 738 137 50 propter
234 738 100 50 ista
296 738 137 50 oportet
396 738 125 50 ponere
483 738 137 50 aliquam
583 738 212 50 distinctionem
757 738 75 50 in
795 738 125 50 patre:
882 738 137 50 quoniam
981 738 75 50 et
1006 738 50 50 si

123 780 133 44 aliqua
216 780 147 44 entitas
323 780 160 44 relatiua
443 780 173 44 poneretur
576 780 80 44 in
616 780 120 44 illo:
696 780 147 44 praeter
803 780 173 44 essentiam
923 780 133 44 communem

137 823 118 50 adhuc
216 823 105 50 illa
281 823 118 50 esset
360 823 144 50 entitas
465 823 131 50 quedam
557 823 79 50 et
596 823 171 50 essentia.
728 823 79 50 Et
767 823 158 50 constat:
885 823 105 50 quod
951 823 92 50 non
990 823 66 50 di-

128 867 141 42 ceretur
231 867 141 42 entitas
333 867 90 42 vel
384 867 154 42 essentia
499 867 166 42 relatiue:
627 867 77 42 vt
665 867 102 42 ibi.
729 867 115 42 supra
806 867 154 42 ostensum
921 867 90 42 est
972 867 77 42 ex
998 867 64 42 in-

132 910 177 52 tentione
265 910 118 52 Aug.
339 910 162 52 ibidem.
457 910 74 52 â‹
486 910 89 52 Et
531 910 177 52 notandum
664 910 118 52 quod
737 910 103 52 vbi
796 910 148 52 sancti
900 910 148 52 dicunt
988 910 74 52 ali

125 948 100 61 quid
188 948 100 61 esse
251 948 88 61 vel
301 948 100 61 dici
364 948 75 61 ad
401 948 88 61 se.
451 948 138 61 aliquid
552 948 100 61 vero
614 948 75 61 ad
652 948 150 61 aliquid.
765 948 113 61 illud
840 948 125 61 potest
915 948 138 61 intelligi

136 998 77 55 de
175 998 115 55 illis
251 998 141 55 termins
353 998 153 55 absoluto
468 998 77 55 et
507 998 166 55 relatiuo:
634 998 77 55 et
673 998 89 55 est
724 998 141 55 sensus:
826 998 102 55 quod
890 998 102 55 ille
941 998 115 55 praedi-

134 1038 119 55 catur
213 1038 79 55 de
252 1038 132 55 aliquo
345 1038 79 55 ad
384 1038 158 55 aliquid.
503 1038 105 55 ille
569 1038 119 55 autem
648 1038 92 55 non
700 1038 79 55 ad
740 1038 158 55 aliquid:
858 1038 92 55 sed
911 1038 79 55 ad
951 1038 79 55 se
977 1038 79 55 abso

120 1073 107 65 lute.
191 1073 83 65 cum
239 1073 83 65 hoc
286 1073 107 65 autem
357 1073 95 65 stat
416 1073 95 65 quod
476 1073 190 65 praedicentur
630 1073 71 65 de
665 1073 118 65 eodem.
748 1073 118 65 potest
831 1073 107 65 etiam
902 1073 154 65 intelligi
1009 1073 47 65 de

129 1129 136 52 rebus
220 1129 106 52 pro
280 1129 152 52 quibus
387 1129 167 52 termini
508 1129 136 52 tales
599 1129 197 52 supponunt
751 1129 106 52 aut
811 1129 258 52 verificantur:
1008 1129 61 52 et

128 1170 97 55 tunc
188 1170 85 55 cum
237 1170 133 55 dicitur
333 1170 73 55 de
370 1170 121 55 aliquo
454 1170 97 55 quod
515 1170 85 55 est
563 1170 73 55 ad
599 1170 133 55 aliquod
696 1170 109 55 debet
769 1170 157 55 intelligi
890 1170 97 55 quod
950 1170 85 55 est
986 1170 85 55 ipsum

133 1213 64 54 ad
165 1213 128 54 aliquid.
261 1213 75 54 vbi
304 1213 107 54 gratia
378 1213 75 54 cum
421 1213 117 54 dicitur
506 1213 85 54 quod
559 1213 96 54 pater
623 1213 75 54 est
666 1213 64 54 ad
698 1213 128 54 aliquid:
794 1213 96 54 debet
858 1213 138 54 intelligi
964 1213 85 54 quod
1007 1213 53 54 est

121 1255 104 55 priter
194 1255 63 55 ad
225 1255 125 55 aliquid:
319 1255 63 55 et
350 1255 73 55 cum
392 1255 115 55 dicitur
476 1255 84 55 quod
528 1255 115 55 aliquid
612 1255 73 55 est
653 1255 63 55 ad
685 1255 73 55 se:
727 1255 94 55 debet
789 1255 146 55 intelligi:
904 1255 84 55 quod
957 1255 73 55 est
988 1255 73 55 ipsum

118 1303 77 52 ad
157 1303 90 52 se.
208 1303 90 52 vbi
259 1303 141 52 gratia.
362 1303 77 52 si
401 1303 141 52 dicatur
504 1303 103 52 quod
568 1303 103 52 homo
632 1303 90 52 est
683 1303 77 52 ad
722 1303 90 52 se:
773 1303 206 52 intelligedum
940 1303 90 52 est
979 1303 77 52 quod

118 1337 112 52 homo
188 1337 98 52 est
244 1337 140 52 homeno
342 1337 84 52 ad
384 1337 98 52 se.
440 1337 98 52 Sed
496 1337 126 52 patet
580 1337 112 52 quod
650 1337 126 52 simul
734 1337 70 52 c
762 1337 98 52 hoc
818 1337 112 52 quod
888 1337 112 52 homo
958 1337 98 52 est
1000 1337 56 52 ho

126 1388 75 57 mo
163 1388 75 57 ad
200 1388 87 57 se:
250 1388 112 57 etiam
325 1388 87 57 est
374 1388 112 57 pater
449 1388 75 57 ad
486 1388 149 57 aliquid:
599 1388 75 57 et
636 1388 87 57 cum
686 1388 87 57 hoc
735 1388 100 57 quod
798 1388 100 57 deus
860 1388 87 57 est
910 1388 137 57 creator
1009 1388 75 57 ad

132 1427 138 49 aliquid:
235 1427 80 49 est
281 1427 103 49 etiam
350 1427 92 49 deus
407 1427 69 49 et
442 1427 138 49 spiritus
545 1427 69 49 ad
580 1427 80 49 se:
625 1427 80 49 nec
671 1427 138 49 sequitur
775 1427 103 49 sicut
844 1427 103 49 patet
913 1427 69 49 ad
947 1427 103 49 bonum
1005 1427 57 49 in-

131 1472 180 61 tellectum.
273 1472 90 61 non
324 1472 90 61 est
375 1472 103 61 deus
440 1472 77 61 ad
478 1472 154 61 aliquid.
594 1472 103 61 ergo
658 1472 90 61 non
710 1472 90 61 est
761 1472 77 61 ad
800 1472 154 61 aliquid.
916 1472 64 61 â‹
941 1472 77 61 Ad
967 1472 90 61 aliam

128 1515 204 61 auctoritatem
294 1515 140 61 eiusdem
395 1515 115 61 dico:
472 1515 102 61 quod
535 1515 76 61 ly
574 1515 76 61 eo
612 1515 76 61 et
650 1515 102 61 quo.
714 1515 140 61 possunt
815 1515 178 61 dupliciter
943 1515 115 61 accipi.

133 1556 87 62 Uno
182 1556 100 62 modo
245 1556 150 62 secundum
357 1556 100 62 quod
420 1556 100 62 sunt
482 1556 162 62 pronomnia
607 1556 87 62 que
657 1556 137 62 possunt
756 1556 87 62 pro
806 1556 162 62 aliquibus
919 1556 137 62 entitati-

130 1597 94 63 bus
183 1597 121 63 extra
264 1597 134 63 animam
358 1597 188 63 supponere:
505 1597 94 63 quo
559 1597 107 63 modo
626 1597 94 63 non
679 1597 148 63 accipit
787 1597 201 63 argumentum:
948 1597 80 63 et
975 1597 80 63 tunc

119 1648 102 45 dico
183 1648 102 45 quod
247 1648 90 45 non
298 1648 90 45 sic
350 1648 141 45 accipit
452 1648 102 45 Aug.
516 1648 90 45 cum
567 1648 90 45 ait
619 1648 102 45 quod
683 1648 128 45 filius
772 1648 90 45 non
824 1648 90 45 est
875 1648 77 45 eo
913 1648 128 45 verbum
990 1648 64 45 quo

126 1686 178 60 sapientia:
266 1686 101 60 quia
329 1686 89 60 hoc
380 1686 114 60 esset
456 1686 140 60 prorsus
558 1686 152 60 scultum:
672 1686 140 60 quoniam
773 1686 127 60 filius
862 1686 114 60 vnica
925 1686 140 60 simpliuma

127 1734 137 48 entitas
226 1734 99 48 est:
288 1734 75 48 et
325 1734 75 48 ea
363 1734 87 48 est
413 1734 174 48 sapientia:
549 1734 75 48 et
587 1734 124 48 verbum
674 1734 75 48 et
711 1734 124 48 filius
798 1734 75 48 et
835 1734 99 48 omne
897 1734 99 48 quod
960 1734 99 48 est:
1009 1734 50 48 et

122 1773 102 60 ideo
186 1773 90 60 sic
237 1773 154 60 acceptis
352 1773 115 60 illis
429 1773 166 60 vocabulis
557 1773 102 60 vere
621 1773 141 60 dicitur
723 1773 102 60 quod
787 1773 128 60 filius
877 1773 90 60 est
928 1773 77 60 eo
954 1773 102 60 verbum

136 1814 79 55 quo
181 1814 158 55 sapientia.
305 1814 68 55 id
339 1814 79 55 est
384 1814 68 55 ea
418 1814 136 55 entitate
520 1814 79 55 est
565 1814 113 55 verbum
645 1814 79 55 qua
690 1814 79 55 est
735 1814 158 55 sapientia:
859 1814 68 55 et
893 1814 147 55 similiter
995 1814 68 55 econ

124 1862 110 49 uerso
197 1862 74 49 ea
234 1862 147 49 entitate
345 1862 98 49 quae
406 1862 86 49 est
455 1862 123 49 verbum
541 1862 86 49 est
590 1862 172 49 sapientia:
725 1862 135 49 propter
823 1862 98 49 quod
884 1862 147 49 secundum
982 1862 74 49 hanc

134 1905 185 42 acceptionem
282 1905 111 42 etiam
356 1905 99 42 vere
417 1905 136 42 dicitur
516 1905 99 42 quod
577 1905 74 42 eo
614 1905 86 42 est
664 1905 160 42 sapientia
787 1905 86 42 quo
836 1905 136 42 verbum.
935 1905 99 42 Alio
984 1905 74 42 modo

126 1944 73 53 ly
162 1944 73 53 eo
199 1944 73 53 ea
235 1944 97 53 quo.
295 1944 133 53 possunt
392 1944 133 53 accipi:
489 1944 73 53 vt
525 1944 97 53 sunt
586 1944 230 53 comniunctiones:
780 1944 73 53 et
816 1944 85 53 hoc
864 1944 182 53 dupliciter.
997 1944 61 53 Nam

130 1995 183 49 aliquando
271 1995 99 49 sic
327 1995 155 49 accepte
440 1995 169 49 sumuntur
567 1995 85 49 vt
610 1995 198 49 equiualent
765 1995 169 49 dictioni
892 1995 85 49 in
934 1995 99 49 qua
976 1995 85 49 nota

130 2031 79 56 est
175 2031 225 56 reduplicationis:
366 2031 67 56 vt
399 2031 146 56 inquantum
512 2031 135 56 secundum
613 2031 101 56 quod:
680 2031 67 56 et
714 2031 157 56 huiusmodi:
837 2031 67 56 et
871 2031 79 56 sic
916 2031 124 56 reddunt
995 2031 67 56 pro-

130 2080 193 56 positionem
282 2080 262 56 reduplicatiuam:
503 2080 83 56 et
544 2080 166 56 secundum
669 2080 110 56 hunc
738 2080 124 56 modum
820 2080 110 56 iste
889 2080 97 56 due
931 2080 124 56 equiua-

127 2117 116 56 lent.
205 2117 103 56 homo
269 2117 168 56 inquantum
398 2117 129 56 animal
488 2117 90 56 est
540 2117 194 56 sensibilis:
695 2117 77 56 et
733 2117 103 56 homo
798 2117 77 56 eo
837 2117 90 56 quo
888 2117 90 56 est
927 2117 129 56 animalis

118 2162 99 59 est
175 2162 213 59 sensibilis:
345 2162 99 59 ita
402 2162 114 59 quod
473 2162 85 59 ly
515 2162 114 59 quo.
586 2162 156 59 ponatur
700 2162 85 59 ad
743 2162 170 59 terminum
856 2162 199 59 reduplicati-

114 2212 113 53 uum.
185 2212 113 53 Alio
255 2212 113 53 modo
326 2212 156 53 possunt
439 2212 141 53 accipi
538 2212 85 53 vt
580 2212 113 53 sunt
651 2212 240 53 coniunctiones
849 2212 170 53 causales
962 2212 85 53 equi

121 2257 163 56 ualentes
244 2257 136 56 istis:
339 2257 122 56 ideo:
420 2257 81 56 et
461 2257 122 56 quia:
542 2257 81 56 et
583 2257 122 56 eodem
664 2257 109 56 modo
732 2257 176 56 reddentes
854 2257 204 56 propositionem

116 2302 182 48 causalem:
256 2302 84 48 et
298 2302 98 48 hoc
354 2302 112 48 modo
425 2302 112 48 iste
495 2302 98 48 due
551 2302 196 48 equivalent
705 2302 112 48 homo
775 2302 84 48 eo
817 2302 98 48 quo
874 2302 98 48 est
916 2302 140 48 animalis

119 2344 94 58 est
172 2344 202 58 sensibilis:
334 2344 81 58 et
375 2344 108 58 homo
442 2344 108 58 quia
510 2344 94 58 est
564 2344 135 58 animal
658 2344 94 58 est
712 2344 202 58 sensibilis.
874 2344 108 58 Nunc
941 2344 81 58 ad
968 2344 81 58 pro-

126 2378 146 56 positum
232 2378 106 56 dico
298 2378 106 56 quod
365 2378 106 56 Aug.
431 2378 146 56 accipit
538 2378 80 56 in
578 2378 133 56 verbis
671 2378 173 56 allegatis
803 2378 80 56 ly
843 2378 80 56 eo
883 2378 80 56 et
923 2378 106 56 quo.
976 2378 80 56 prim

113 2430 105 48 modo
178 2430 157 48 scilicet
296 2430 79 48 vt
336 2430 131 48 habent
427 2430 92 48 vim
480 2430 210 48 reduplicandi
650 2430 79 48 et
689 2430 105 48 idem
755 2430 118 48 valet
833 2430 118 48 ista.
912 2430 131 48 filius
991 2430 65 48 non

112 2478 75 47 eo
150 2478 88 47 est
200 2478 126 47 verbum
289 2478 88 47 quo
339 2478 88 47 est
389 2478 176 47 sapientia:
528 2478 101 47 quod
591 2478 75 47 et
628 2478 113 47 ista.
704 2478 126 47 filius
792 2478 88 47 non
842 2478 164 47 inquantum
955 2478 101 47 sapien

126 2505 87 56 tia
175 2505 87 56 est
225 2505 137 56 verbum:
325 2505 75 56 et
362 2505 87 56 hec
412 2505 87 56 est
462 2505 112 56 vera:
536 2505 100 56 quia
599 2505 87 56 sua
648 2505 149 56 opposita
760 2505 87 56 est
810 2505 112 56 falsa
885 2505 149 56 scilicet
984 2505 75 56 hec.

125 2552 118 52 filius
208 2552 153 52 inquantum
325 2552 153 52 sapientia
443 2552 82 52 est
490 2552 129 52 verbum:
584 2552 129 52 quoniam
678 2552 94 52 tunc
737 2552 153 52 sequitur:
855 2552 94 52 quod
914 2552 106 52 pater
973 2552 82 52 esset

137 2597 138 57 verbum:
238 2597 88 57 cum
288 2597 113 57 pater
363 2597 88 57 sit
413 2597 175 57 sapientia:
551 2597 75 57 et
588 2597 113 57 eodem
663 2597 100 57 modo
726 2597 138 57 accipit
826 2597 75 57 ly
864 2597 75 57 eo
901 2597 75 57 et
939 2597 100 57 quo.
989 2597 75 57 cum-

124 2640 135 54 ibidem
218 2640 108 54 ait:
285 2640 108 54 quod
352 2640 81 54 eo
393 2640 175 54 sapientia
527 2640 94 54 quo
581 2640 175 54 essentia.
716 2640 94 54 Nam
769 2640 121 54 istis
850 2640 175 54 vocabulis
971 2640 81 54 acce

132 2681 94 64 ptis
191 2681 152 64 contracte
308 2681 70 64 ad
343 2681 152 64 essentiam
460 2681 70 64 et
495 2681 164 64 sapientiam
624 2681 94 64 dei.
683 2681 82 64 hec
730 2681 82 64 est
777 2681 105 64 vera.
847 2681 117 64 filius
917 2681 129 64 inquantum

135 2723 88 58 est
186 2723 150 58 essentia
298 2723 88 58 est
348 2723 175 58 sapientia.
486 2723 75 58 Et
523 2723 100 58 quia
586 2723 113 58 pater
661 2723 88 58 est
711 2723 150 58 essentia
823 2723 75 58 et
861 2723 100 58 ambo
923 2723 88 58 vna
961 2723 100 58 essen-

129 2772 95 56 tia:
188 2772 95 56 ideo
248 2772 154 56 concludit
367 2772 71 56 in
402 2772 95 56 fine
461 2772 190 56 praecedentis
616 2772 166 56 capostoli.
746 2772 83 56 per
794 2772 107 56 istud
865 2772 131 56 medium.
960 2772 95 56 quod
1008 2772 47 56 pa

125 2810 89 66 ter
176 2810 77 66 et
215 2810 128 66 filius
304 2810 102 66 sunt
368 2810 89 66 vna
419 2810 179 66 sapientia:
559 2810 77 66 et
597 2810 77 66 ne
635 2810 102 66 quis
699 2810 140 66 putaret
801 2810 102 66 quod
865 2810 115 66 sicut
941 2810 102 66 sunt
992 2810 64 66 vna

129 2853 151 58 sapientia
246 2853 81 58 sic
292 2853 116 58 essent
373 2853 93 58 vnum
432 2853 116 58 verbum
513 2853 81 58 cum
559 2853 105 58 ipsum
629 2853 116 58 verbum
710 2853 81 58 sit
757 2853 163 58 sapientia:
885 2853 93 58 ideo
943 2853 93 58 ait:
989 2853 70 58 quod

134 2896 120 62 filius
218 2896 84 62 non
266 2896 155 62 inquantum
385 2896 167 62 sapientia:
517 2896 84 62 est
565 2896 132 62 verbum.
660 2896 84 62 hoc
708 2896 144 62 expresse
816 2896 84 62 est
864 2896 144 62 intentio
971 2896 84 62 sua
1007 2896 48 62 in

145 2941 87 61 llo
194 2941 150 61 capitulo
307 2941 112 61 sicut
382 2941 112 61 patet
457 2941 175 61 diligenter
594 2941 187 61 aduertenti.
744 2941 75 61 Et
781 2941 137 61 quamuis
881 2941 150 61 (vtputo)
981 2941 75 61 iste

125 2985 118 57 fuerit
208 2985 177 57 intellectus
350 2985 94 57 Aug.
409 2985 118 57 posset
491 2985 106 57 tamen
562 2985 154 57 intelligi
680 2985 71 57 et
716 2985 94 57 bene
775 2985 71 57 2o
810 2985 94 57 modo
869 2985 106 57 etiam
940 2985 71 57 vt
975 2985 71 57 ly
999 2985 59 57 eo:

127 3038 69 52 et
161 3038 91 52 quo.
218 3038 149 52 teneantur
332 3038 160 52 causaliter
458 3038 69 52 vt
492 3038 114 52 essent
572 3038 91 52 nota
629 3038 183 52 causalitatis
778 3038 149 52 praecise:
892 3038 69 52 et
926 3038 91 52 tunc
972 3038 80 52 esset

130 3071 107 88 sensus
205 3071 86 88 quod
259 3071 107 88 filius
334 3071 75 88 non
377 3071 139 88 praecise:
484 3071 86 88 quia
537 3071 75 88 est
580 3071 139 88 sapientia
687 3071 75 88 est
730 3071 118 88 verbum:
816 3071 64 88 et
848 3071 75 88 hoc
891 3071 75 88 est
933 3071 107 88 verum:
998 3071 64 88 quia

1117 307 89 55 tunc
1173 307 145 55 paterccum
1284 307 78 55 sit
1329 307 156 55 sapientia)
1451 307 100 55 esset
1518 307 123 55 verbum.
1607 307 78 55 Sed
1652 307 67 55 ad
1685 307 89 55 hunc
1741 307 111 55 sensum
1819 307 78 55 non
1864 307 123 55 videtur
1942 307 89 55 posset

1120 355 149 54 intelligi
1234 355 92 54 quod
1292 355 138 54 sequitur
1395 355 138 54 scilicet
1498 355 149 54 sapientia
1613 355 103 54 nullo
1681 355 69 54 eo
1716 355 80 54 quo
1762 355 149 54 essentia.
1876 355 80 54 non
1922 355 92 54 enim
1968 355 69 54 quia

1124 403 136 47 essentia:
1228 403 84 47 ideo
1281 403 147 47 sapientia:
1396 403 73 47 non
1437 403 84 47 plus
1490 403 84 47 quam
1542 403 126 47 econtra:
1636 403 84 47 ideo
1689 403 136 47 essentia:
1793 403 84 47 quia
1846 403 147 47 sapientia:
1961 403 63 47 vt
1982 403 52 47 vi-

1104 437 138 52 detur:
1201 437 83 52 et
1242 437 111 52 ideo
1312 437 194 52 praecedens
1464 437 125 52 modus
1547 437 235 52 conuenientior
1741 437 111 52 est.
1810 437 83 52 Ex
1851 437 138 52 neutro
1934 437 97 52 autem

1111 482 141 58 istorum
1214 482 141 58 modorum
1316 482 167 58 exponendi
1445 482 128 58 dictum
1535 482 103 58 Aug.
1599 482 154 58 sequitur
1714 482 103 58 quod
1778 482 128 58 filius
1868 482 128 58 aliqua
1945 482 77 58 modo

1117 528 78 54 exa
1161 528 111 54 animam
1239 528 78 54 sit
1283 528 155 54 sapientia:
1405 528 66 54 et
1438 528 89 54 alio
1493 528 78 54 sit
1538 528 122 54 verbum:
1626 528 100 54 sicut
1693 528 144 54 cocludere
1804 528 122 54 nititur
1881 528 144 54 argumentum:

1111 567 112 52 sicut
1185 567 87 52 non
1235 567 150 52 sequitur
1348 567 100 52 quod
1410 567 125 52 albedo
1497 567 125 52 aliquo
1584 567 100 52 alio
1647 567 112 52 extra
1722 567 125 52 animam
1809 567 87 52 sit
1859 567 100 52 ens:
1921 567 75 52 et
1946 567 75 52 alio

1110 611 94 58 sit
1163 611 147 58 albedo:
1270 611 147 58 quamuis
1378 611 147 58 vtroque
1485 611 107 58 modo
1552 611 107 58 ista
1619 611 94 58 sit
1672 611 121 58 vera.
1753 611 134 58 albedo
1846 611 94 58 non
1887 611 147 58 inquantum

1108 661 91 43 ens
1160 661 91 43 est
1212 661 142 43 albedo:
1315 661 78 43 et
1354 661 168 43 similiter
1483 661 104 43 ista
1548 661 129 43 albedo
1639 661 91 43 non
1690 661 168 43 inquantum
1820 661 116 43 color
1898 661 91 43 est
1936 661 91 43 albe-

1109 699 92 55 do:
1162 699 79 55 et
1201 699 119 55 tamen
1280 699 92 55 non
1333 699 92 55 per
1385 699 119 55 aliud
1465 699 66 55 a
1491 699 119 55 parte
1570 699 92 55 rei
1623 699 92 55 est
1675 699 119 55 color
1754 699 79 55 et
1794 699 92 55 per
1847 699 119 55 aliud
1926 699 92 55 est
1965 699 66 55 ali

1118 741 111 46 bedo.
1192 741 62 46 â‹
1216 741 74 46 Ad
1253 741 123 46 primam
1340 741 148 46 rationem
1450 741 185 46 principalem
1598 741 160 46 dicendum:
1722 741 99 46 quod
1783 741 111 46 maior
1857 741 86 46 est
1906 741 123 46 falsa:
1980 741 62 46 vel

1117 783 87 54 si
1160 783 130 54 sumit
1247 783 87 54 in
1290 783 130 54 sensu
1377 783 87 54 in
1420 783 101 54 quo
1478 783 101 54 est
1536 783 116 54 vera
1608 783 130 54 forma
1695 783 174 54 arguendi
1825 783 101 54 non
1883 783 145 54 valet.
1970 783 72 54 nec

1107 833 146 55 potest
1210 833 146 55 reduci
1312 833 88 55 in
1356 833 219 55 syllogismum
1531 833 131 55 prima
1619 833 146 55 figure
1721 833 102 55 qui
1779 833 102 55 sit
1838 833 190 55 regulatus
1969 833 73 55 per

1115 869 84 60 dici
1167 869 63 60 de
1199 869 95 60 omni:
1262 869 95 60 sicut
1325 869 74 60 est
1367 869 105 60 dictum
1440 869 168 60 distinctione
1577 869 63 60 5.
1608 869 63 60 i.
1640 869 63 60 1.
1671 869 63 60 in
1703 869 158 60 responsione
1829 869 63 60 ad
1860 869 105 60 primam
1923 869 105 60 rationem

1113 914 133 48 factam
1206 914 93 48 ad.
1259 914 80 48 q.
1299 914 66 48 â‹
1325 914 80 48 Ad
1365 914 80 48 2m
1405 914 119 48 etiam
1484 914 173 48 dicendum:
1617 914 93 48 sic
1670 914 133 48 ibidem
1763 914 133 48 dictum
1856 914 93 48 est
1909 914 80 48 ad
1949 914 93 48 2am
1989 914 53 48 ra

1105 961 109 55 nem
1168 961 109 55 ibi
1230 961 172 55 factam.
1355 961 78 55 â‹
1387 961 94 55 Ad
1434 961 109 55 3am
1496 961 172 55 quamuis
1621 961 234 55 diuersimode
1809 961 78 55 a
1840 961 188 55 diuersis
1965 961 78 55 re-

1114 1001 209 55 spondeatur.
1281 1001 111 55 dico
1351 1001 111 55 quod
1420 1001 125 55 illis
1504 1001 209 55 adiectiuis:
1670 1001 111 55 vnum
1740 1001 83 55 et
1782 1001 111 55 idem
1851 1001 111 55 sunt
1907 1001 125 55 addenda

1100 1041 210 64 substantiua:
1270 1041 79 64 et
1310 1041 105 64 tunc
1375 1041 157 64 secundum
1493 1041 105 64 quod
1558 1041 105 64 alia
1624 1041 79 64 et
1663 1041 105 64 alia
1729 1041 197 64 adderentur:
1886 1041 131 64 statim
1965 1041 66 64 pa-

1106 1085 107 55 teret
1178 1085 95 55 quid
1237 1085 143 55 dicendum
1345 1085 119 55 esset:
1428 1085 84 55 sed
1476 1085 95 55 quia
1536 1085 84 55 sic
1583 1085 95 55 sine
1643 1085 191 55 substantiuis
1798 1085 191 55 proferuntur:
1941 1085 84 55 ratio

1103 1130 147 54 videtur
1210 1130 134 54 facere
1304 1130 228 54 difficultatem
1491 1130 174 54 soluendi:
1625 1130 94 54 vbi
1679 1130 121 54 tamen
1759 1130 121 54 nulla
1839 1130 107 54 est.
1906 1130 107 54 Unde
1960 1130 67 54 si-

1112 1175 162 53 supplendo
1236 1175 212 53 propositiones
1410 1175 149 53 arguatur
1522 1175 100 53 sic:
1585 1175 174 53 quaecumque
1722 1175 87 53 vni
1772 1175 75 53 et
1809 1175 112 53 eidem
1884 1175 137 53 esentie
1971 1175 62 53 vel

1094 1223 103 43 rei
1153 1223 117 43 sunt
1226 1223 132 43 eadem
1314 1223 103 43 res
1373 1223 103 43 vel
1432 1223 176 43 essentia
1564 1223 132 43 inter
1652 1223 88 43 se
1696 1223 117 43 sunt
1769 1223 132 43 eadem
1857 1223 103 43 res
1916 1223 103 43 vel
1960 1223 73 43 ea-

1115 1261 90 54 dem
1167 1261 155 54 esentia:
1283 1261 90 54 sed
1334 1261 116 54 pater
1412 1261 77 54 et
1451 1261 129 54 filius
1541 1261 90 54 vni
1592 1261 77 54 et
1631 1261 116 54 eidem
1709 1261 142 54 esentie
1812 1261 90 54 seu
1863 1261 90 54 rei
1915 1261 103 54 sunt
1967 1261 65 54 ea-

1109 1303 94 54 dem
1162 1303 94 54 res
1216 1303 94 54 vel
1269 1303 174 54 essentia.
1403 1303 160 54 Sequitur
1523 1303 107 54 ergo
1590 1303 120 54 pater
1670 1303 80 54 et
1710 1303 134 54 filius
1804 1303 107 54 sunt
1871 1303 120 54 eadem
1937 1303 94 54 esen-

1099 1352 106 55 tia.
1165 1352 92 55 vel
1218 1352 106 55 ergo
1283 1352 106 55 sunt
1349 1352 119 55 eadem
1429 1352 106 55 res.
1494 1352 92 55 que
1547 1352 171 55 conclusio
1679 1352 106 55 vera
1745 1352 92 55 est
1798 1352 79 55 et
1837 1352 185 55 catholica.
1969 1352 53 55 Si

1108 1393 111 47 vero
1178 1393 181 47 adderetur
1317 1393 125 47 illis
1400 1393 195 47 adiectiuis
1554 1393 97 47 hoc
1609 1393 223 47 substantiuum
1790 1393 167 47 persona.
1916 1393 97 47 sic
1957 1393 70 47 di-

1114 1435 126 46 cendo:
1203 1435 177 46 quaecumque
1342 1435 88 46 vni
1392 1435 76 46 et
1430 1435 114 46 eidem
1506 1435 139 46 persone
1607 1435 101 46 sunt
1670 1435 114 46 eadem
1746 1435 101 46 illa
1810 1435 114 46 inter
1885 1435 76 46 se
1923 1435 101 46 sunt
1974 1435 63 46 ea-

1110 1479 81 51 dem
1157 1479 139 51 persona:
1261 1479 81 51 sed
1307 1479 104 51 pater
1377 1479 69 51 et
1412 1479 116 51 filius
1493 1479 93 51 sunt
1551 1479 104 51 huomo
1620 1479 139 51 scilicet
1724 1479 81 51 vni
1771 1479 69 51 et
1805 1479 104 51 eidem
1875 1479 127 51 persone
1956 1479 81 51 eadem

1100 1522 143 56 persona.
1207 1522 95 56 ergo
1267 1522 107 56 pater
1339 1522 72 56 et
1374 1522 119 56 filius
1458 1522 107 56 inter
1529 1522 72 56 se
1565 1522 95 56 sunt
1625 1522 107 56 eadem
1696 1522 143 56 persona.
1803 1522 155 56 conclusio
1923 1522 83 56 est
1958 1522 60 56 fal

1112 1568 83 50 sa.
1159 1568 83 50 non
1207 1568 83 50 est
1254 1568 130 50 dubium:
1348 1568 71 50 et
1384 1568 106 50 minor
1454 1568 83 50 est
1502 1568 153 50 similiter
1620 1568 106 50 falsa
1691 1568 94 50 est.
1750 1568 106 50 nulli
1820 1568 94 50 enim
1879 1568 83 50 vni
1915 1568 106 50 persone

1111 1612 98 48 sunt
1172 1612 110 48 eadem
1245 1612 135 48 persona
1343 1612 110 48 pater
1417 1612 73 48 et
1453 1612 135 48 filius.
1551 1612 110 48 iuxta
1624 1612 110 48 illud
1698 1612 98 48 Aug.
1759 1612 73 48 7.
1796 1612 73 48 de
1832 1612 98 48 tri.
1893 1612 110 48 habet
1955 1612 73 48 tria

1109 1651 88 49 non
1159 1651 100 49 vnam
1221 1651 150 49 personam
1334 1651 138 49 dicimus
1434 1651 113 49 sicut
1509 1651 100 49 vnam
1571 1651 163 49 essentiam
1696 1651 75 49 et
1734 1651 100 49 vnum
1796 1651 113 49 deum:
1871 1651 75 49 et
1909 1651 75 49 in
1934 1651 88 49 libro

1106 1698 105 41 i15o
1172 1698 119 41 dicit
1251 1698 105 41 quod
1317 1698 92 41 non
1370 1698 119 41 vnius
1449 1698 105 41 dei:
1515 1698 92 41 sed
1567 1698 105 41 vnus
1633 1698 105 41 deus
1699 1698 92 41 est
1752 1698 79 41 et
1791 1698 105 41 tres
1857 1698 105 41 sunt
1923 1698 105 41 ille
1976 1698 66 41 non

1108 1740 78 49 vna
1152 1740 134 49 persona.
1253 1740 67 49 et
1286 1740 100 49 ratio
1353 1740 89 49 est:
1409 1740 89 49 quia
1464 1740 89 49 ipsa
1520 1740 134 49 essentia
1620 1740 134 49 communis
1720 1740 111 49 tribus
1798 1740 78 49 non
1843 1740 78 49 est
1887 1740 134 49 secundum
1976 1740 45 49 se

1121 1784 96 49 posona
1189 1784 96 49 aliqua
1256 1784 96 49 tribus
1324 1784 125 49 communis.
1420 1784 58 49 Si
1449 1784 87 49 tamen
1507 1784 58 49 in
1536 1784 145 49 conclusione
1651 1784 96 49 illius
1719 1784 116 49 rationis
1805 1784 116 49 scilicet
1892 1784 77 49 ergo
1940 1784 87 49 pater
1988 1784 39 49 et

1103 1829 132 45 filius
1195 1829 106 45 sunt
1261 1829 119 45 idem:
1341 1829 79 45 ly
1380 1829 106 45 idem
1446 1829 119 45 esset
1526 1829 185 45 singularis
1671 1829 145 45 numeri:
1777 1829 79 45 et
1817 1829 132 45 neutri
1896 1829 132 45 generis.

1115 1871 105 50 ipsa
1181 1871 119 50 esset
1260 1871 198 50 concedenda.
1418 1871 92 50 non
1471 1871 119 50 autem
1550 1871 79 50 si
1589 1871 92 50 sit
1642 1871 145 50 generis
1747 1871 184 50 masculini:
1892 1871 119 50 sicut
1958 1871 79 50 ista

1116 1919 158 49 oceditur.
1237 1919 109 49 pater
1310 1919 73 49 et
1347 1919 122 49 filius
1432 1919 97 49 sunt
1493 1919 109 49 vnum.
1566 1919 73 49 et
1602 1919 134 49 negatur
1700 1919 109 49 ista.
1773 1919 109 49 pater
1846 1919 73 49 et
1882 1919 122 49 filius
1955 1919 73 49 sunt

1116 1960 105 60 vnus.
1186 1960 70 60 Ex
1221 1960 81 60 hac
1268 1960 116 60 autem.
1349 1960 105 60 pater
1419 1960 70 60 et
1454 1960 116 60 filius
1535 1960 93 60 sunt
1593 1960 105 60 idem:
1663 1960 93 60 isto
1721 1960 93 60 modo
1780 1960 151 60 concessa:
1896 1960 81 60 non
1931 1960 93 60 sequi-

1107 2003 77 46 tur
1151 2003 88 46 quod
1206 2003 99 46 pater
1272 2003 77 46 sit
1316 2003 121 46 filius:
1404 2003 77 46 nec
1448 2003 143 46 similiter
1558 2003 66 46 ex
1592 2003 99 46 ista.
1658 2003 99 46 pater
1724 2003 66 46 et
1757 2003 110 46 filius
1834 2003 88 46 sunt
1889 2003 77 46 vna
1933 2003 77 46 res
1966 2003 55 46 vel

1110 2047 160 43 essentia:
1233 2047 99 43 quae
1295 2047 111 43 prius
1369 2047 148 43 concessa
1480 2047 86 43 est
1529 2047 99 43 etc.
1590 2047 62 43 â‹
1615 2047 74 43 Ad
1652 2047 74 43 4m
1689 2047 99 43 dico
1751 2047 99 43 quod
1812 2047 86 43 (si
1862 2047 111 43 maior
1923 2047 99 43 intel-

1113 2088 134 48 ligatur
1210 2088 97 48 sic.
1271 2088 97 48 quod
1331 2088 73 48 de
1368 2088 194 48 quibuscumque
1526 2088 97 48 etc.
1587 2088 97 48 illa
1647 2088 85 48 sut
1696 2088 158 48 distincte
1817 2088 85 48 res
1866 2088 109 48 inter
1939 2088 85 48 se:
1975 2088 61 48 ita

1103 2136 106 46 quod
1169 2136 93 46 res
1222 2136 106 46 quae
1288 2136 93 46 est
1342 2136 106 46 vnum
1408 2136 93 46 non
1461 2136 93 46 est
1514 2136 93 46 res
1567 2136 93 46 que
1620 2136 93 46 est
1673 2136 133 46 aliud)
1766 2136 186 46 propositio
1912 2136 93 46 est
1952 2136 66 46 fal

1109 2171 85 49 sa.
1157 2171 61 49 â‹
1182 2171 73 49 Ad
1218 2171 182 49 probationem
1364 2171 85 49 cum
1412 2171 133 49 dicitur
1509 2171 97 49 quod
1570 2171 109 49 alias
1643 2171 146 49 sequitur
1752 2171 97 49 quod
1813 2171 73 49 de
1849 2171 158 49 aliquibus
1958 2171 73 49 pro-

1108 2218 106 49 eode
1174 2218 132 49 omnino
1266 2218 225 49 supponentibus
1451 2218 238 49 verificarentur
1650 2218 172 49 huiusmodi
1782 2218 198 49 praedicata.
1940 2218 79 49 Ex
1967 2218 66 49 quo

1102 2265 167 48 vlterius
1227 2265 167 48 sequitur
1352 2265 111 48 quod
1422 2265 250 48 contradictoria
1631 2265 125 48 erunt
1714 2265 125 48 simul
1798 2265 125 48 vera.
1867 2265 167 48 Respondeo:

1102 2308 132 44 negando
1198 2308 120 44 primam
1282 2308 204 44 consequentia:
1451 2308 96 44 quia
1511 2308 96 44 esto
1571 2308 96 44 quod
1631 2308 108 44 illud
1703 2308 84 44 pro
1751 2308 84 44 quo
1800 2308 144 44 supponit
1908 2308 96 44 vnus
1956 2308 72 44 ter-

1102 2345 174 44 minorum
1229 2345 111 44 non
1292 2345 111 44 sit
1355 2345 111 44 res
1419 2345 206 44 distincta
1577 2345 95 44 ab
1624 2345 95 44 eo
1672 2345 111 44 pro
1735 2345 111 44 quo
1799 2345 142 44 alter
1878 2345 158 44 terminus

1096 2394 181 44 supponit:
1235 2394 97 44 sed
1291 2394 125 44 eadem
1374 2394 97 44 res
1430 2394 97 44 cum
1486 2394 125 44 illo:
1569 2394 181 44 possibile
1708 2394 125 44 tamen
1792 2394 111 44 est:
1861 2394 111 44 quod
1931 2394 125 44 illud

1100 2437 109 53 pro
1163 2437 109 53 quo
1225 2437 187 53 supponit
1365 2437 125 53 vnus
1443 2437 109 53 sit
1506 2437 172 53 aliquis
1631 2437 109 53 vel
1693 2437 187 53 aliquid:
1833 2437 125 53 quod
1911 2437 109 53 vel
1958 2437 78 53 qui

1104 2486 114 47 non
1169 2486 114 47 est
1234 2486 146 47 illud
1331 2486 114 47 pro
1396 2486 114 47 quo
1461 2486 195 47 supponit
1608 2486 195 47 reliquus
1754 2486 211 47 terminus:
1916 2486 98 47 et
1949 2486 81 47 per

1111 2519 196 47 consequens
1265 2519 98 47 non
1321 2519 98 47 est
1378 2519 140 47 omnino
1476 2519 112 47 idem
1546 2519 98 47 cum
1602 2519 126 47 illo:
1686 2519 112 47 quia
1756 2519 98 47 non
1798 2519 239 47 conuertibiliter

1108 2569 97 44 et
1156 2569 210 44 adequate:
1318 2569 177 44 quamuis
1447 2569 113 44 non
1511 2569 113 44 sit
1576 2569 97 44 ab
1624 2569 97 44 eo
1672 2569 129 44 vllo
1753 2569 129 44 modo
1817 2569 210 44 distinctum.

1118 2607 67 51 â‹
1144 2607 81 51 Ex
1185 2607 94 51 quo
1238 2607 121 51 patet
1319 2607 107 51 quod
1386 2607 174 51 oppositum
1520 2607 215 51 consequentis
1695 2607 134 51 illius
1788 2607 215 51 consequentie
1949 2607 81 51 pri-

1115 2653 80 41 ne
1155 2653 106 41 stat
1221 2653 93 41 cum
1274 2653 212 41 antecedente:
1446 2653 106 41 quod
1513 2653 93 41 est
1566 2653 106 41 quod
1632 2653 106 41 illa
1698 2653 80 41 de
1738 2653 133 41 quibus
1831 2653 172 41 huiusmodi
1950 2653 80 41 pre-

1111 2695 152 47 dicata
1217 2695 244 47 verificantur
1415 2695 107 47 non
1476 2695 122 47 sunt
1552 2695 107 47 res
1613 2695 213 47 distincte:
1780 2695 91 47 ac
1826 2695 107 47 per
1887 2695 107 47 hoc
1933 2695 91 47 con-

1106 2737 187 51 sequentia
1249 2737 101 51 non
1307 2737 144 51 valet.
1407 2737 72 51 â‹
1436 2737 144 51 Potest
1537 2737 129 51 etiam
1623 2737 115 51 dici
1695 2737 172 51 secundum
1824 2737 115 51 viam
1896 2737 129 51 vnius
1968 2737 57 51 do

1102 2783 157 49 ctoris
1212 2783 126 49 quod
1291 2783 126 49 vnus
1369 2783 188 49 terminus
1510 2783 110 49 non
1573 2783 188 49 supponit
1714 2783 110 49 pro
1777 2783 94 49 eo
1824 2783 110 49 pro
1887 2783 110 49 quo
1934 2783 94 49 sup-

1100 2826 134 49 ponit
1189 2826 148 49 alter:
1293 2826 134 49 licem
1382 2826 178 49 supponat
1516 2826 104 49 pro
1575 2826 89 49 eo
1620 2826 119 49 quod
1694 2826 104 49 est
1753 2826 134 49 illud
1842 2826 104 49 pro
1901 2826 104 49 quo
1946 2826 89 49 sup-

1103 2871 133 48 ponit
1192 2871 148 48 alter:
1296 2871 89 48 et
1340 2871 163 48 vtroque
1459 2871 118 48 modo
1533 2871 163 48 vitatur
1651 2871 267 48 contradictoria
1873 2871 118 48 esse
1932 2871 104 48 simul

1109 2916 137 52 vera.
1200 2916 152 52 Aliter
1307 2916 152 52 posset
1413 2916 213 52 responderi
1581 2916 91 52 ad
1626 2916 183 52 maiorem:
1763 2916 91 52 et
1809 2916 198 52 finaliter
1946 2916 76 52 ta-

1113 2955 86 48 men
1162 2955 110 48 redit
1235 2955 73 48 in
1272 2955 122 48 primam
1358 2955 208 48 responsionem.
1529 2955 110 48 valet
1602 2955 98 48 quod
1664 2955 98 48 illa
1725 2955 110 48 maior
1798 2955 86 48 est
1847 2955 98 48 vera
1909 2955 122 48 quando
1982 2955 49 48 si

1099 2997 109 48 illa
1167 2997 81 48 de
1208 2997 136 48 quibus
1303 2997 217 48 verificantur
1479 2997 190 48 praedicata
1629 2997 244 48 contradictoria
1832 2997 95 48 non
1887 2997 109 48 sint
1941 2997 95 48 adin-

1117 3043 109 47 aicem
1190 3043 85 47 res
1238 3043 170 47 distincte:
1372 3043 219 47 praedicationes
1554 3043 109 47 huius
1627 3043 85 47 seu
1676 3043 207 47 propositiones
1846 3043 97 47 sunt
1894 3043 134 47 contradi-

1106 3086 129 76 ctorie
1197 3086 91 76 vel
1248 3086 181 76 inferentes
1391 3086 259 76 contradictorias.
1610 3086 91 76 Nam
1662 3086 194 76 impossibile
1817 3086 91 76 est
1869 3086 129 76 aliqua
1946 3086 78 76 con
