2445 3515
170 218 200 108 Quantum
315 218 109 108 ad
369 218 236 108 articulum
551 218 218 108 quartum:
714 218 109 108 de
750 218 363 108 incompossibilitate

452 282 155 51 scilicet
568 282 90 51 vel
620 282 258 51 compossibilitate
839 282 155 51 scientie
955 282 77 51 et
981 282 142 51 opinionis

204 320 150 63 ponende
314 320 109 63 sunt
382 320 109 63 tres
450 320 219 63 conclusiones
628 320 68 63 ⁋
655 320 123 63 Prima
737 320 109 63 est:
806 320 109 63 quod
874 320 137 63 opinio
970 320 123 63 primo
1038 320 82 63 modo

205 368 154 62 accepta
317 368 168 62 secundum
443 368 238 62 distinctionem
639 368 154 62 positam
752 368 84 62 in
794 368 182 62 principio
920 368 196 62 praecedentis

203 408 158 66 articuli:
325 408 98 66 siue
386 408 134 66 sumatur
483 408 85 66 pro
532 408 98 66 actu
593 408 85 66 vel
642 408 85 66 pro
690 408 122 66 habitu
776 408 207 66 compossibilis
946 408 85 66 est
983 408 134 66 scientie-

209 448 167 66 probatur
335 448 126 66 sicut
418 448 126 66 prius
502 448 167 66 probatum
628 448 98 66 est
683 448 112 66 quod
753 448 98 66 sit
809 448 237 66 compossibilis
990 448 126 66 theolo-

209 492 106 58 gie.
275 492 66 58 ⁋
301 492 79 58 2a
341 492 106 58 quod
407 492 132 58 opinio
500 492 79 58 2o
540 492 106 58 modo
606 492 132 58 sumpta
698 492 93 58 non
751 492 93 58 est
804 492 225 58 compossibilis
976 492 146 58 scientie:

201 540 113 59 nec
265 540 145 59 actus
362 540 161 59 actui:
474 540 113 59 nec
538 540 177 59 habitus
667 540 193 59 habitui.
812 540 209 59 Probatur.
972 540 129 59 quia
1037 540 80 59 non

194 579 96 67 est
249 579 179 67 possibile
387 579 206 67 naturaliter
552 579 151 67 aliquem
662 579 96 67 dub
716 579 179 67 assentire
854 579 82 67 ei
895 579 110 67 quod
964 579 96 67 est
1005 579 110 67 actua-

197 620 115 69 liter
274 620 166 69 euidenter
401 620 102 69 sibi
465 620 127 69 notum:
554 620 127 69 igitur
643 620 89 69 non
694 620 89 69 est
745 620 166 69 possibile
872 620 191 69 naturaliter
1012 620 102 69 aliqua

198 662 103 70 eadem
266 662 103 70 simul
335 662 69 70 ab
369 662 103 70 eodem
437 662 126 70 opinari
529 662 69 70 et
563 662 114 70 sciri:
643 662 103 70 patet
711 662 194 70 consequentia.
871 662 160 70 Antecedens
985 662 126 70 probatur:

205 713 95 59 qui
260 713 136 59 nullus
355 713 191 59 assentiens
505 713 136 59 alicui
601 713 150 59 dubitat
710 713 82 59 ne
751 713 95 59 sic
805 713 109 59 sit:
874 713 109 59 nisi
942 713 109 59 quia
1010 713 95 59 non
1051 713 68 59 est

196 751 177 67 actualiter
336 751 101 67 sibi
399 751 164 67 euidenter
525 751 114 67 notum
601 751 101 67 quod
665 751 89 67 sic
715 751 101 67 sit:
778 751 101 67 vnde
842 751 101 67 pone
905 751 101 67 quod
968 751 89 67 sit
1019 751 101 67 sibi
1069 751 51 67 no

188 795 101 67 tum
245 795 188 67 euidenter
390 795 101 67 sic
448 795 130 67 esse:
534 795 145 67 statim
636 795 202 67 concludet:
795 795 116 67 quod
867 795 130 67 omnis
939 795 159 67 dubitatio

187 835 191 69 excluditur
337 835 82 69 de
378 835 177 69 opposito.
515 835 82 69 Et
556 835 109 69 ideo
624 835 109 69 bene
692 835 123 69 dicit
774 835 205 69 philosophus
937 835 82 69 in
965 835 136 69 prohemio

195 886 223 59 metaphisice:
376 886 111 59 quod
445 886 97 59 qui
501 886 153 59 dubitat
612 886 83 59 et
654 886 195 59 admiratur:
807 886 167 59 ignorare
932 886 167 59 videtur.
1043 886 70 59 tol

189 924 82 59 le
230 924 137 59 igitur
326 924 205 59 ignorantiam
491 924 82 59 et
532 924 164 59 tolletur
655 924 123 59 omnis
737 924 192 59 dubitatio.
888 924 68 59 ⁋
915 924 82 59 3a
943 924 164 59 conclusior

185 970 118 63 quod
259 970 133 63 actus
348 970 163 63 sciendi
466 970 237 63 copossibilis
658 970 104 63 est
718 970 148 63 aliquo
821 970 118 63 modo
895 970 192 63 habituali
1028 970 74 63 opi

187 1017 131 61 nioni.
278 1017 118 61 ratio
357 1017 105 61 est:
422 1017 105 61 quia
488 1017 92 61 non
540 1017 131 61 semper
631 1017 144 61 necesse
736 1017 92 61 est
788 1017 92 61 tam
841 1017 157 61 intensum
958 1017 105 61 esse
1010 1017 92 61 actum

186 1056 199 65 scientie:
339 1056 122 65 quod
415 1056 107 65 mox
476 1056 138 65 totum
568 1056 168 65 habitum
691 1056 199 65 opinionis
844 1056 214 65 corrumpat:
997 1056 107 65 nedum

175 1101 218 62 opinionis
343 1101 101 62 de
394 1101 151 62 eodem
494 1101 202 62 obiecto:
646 1101 118 62 sed
713 1101 118 62 nec
780 1101 151 62 etiam
881 1101 218 62 opinionis
1032 1101 67 62 de

180 1138 180 66 opposito.
319 1138 83 66 vt
360 1138 83 66 in
402 1138 83 66 2o
443 1138 166 66 articulo
567 1138 138 66 dictum
664 1138 111 66 est:
734 1138 111 66 quod
803 1138 125 66 tamen
886 1138 125 66 magis
955 1138 152 66 videretur

174 1187 194 63 Econuerso
323 1187 134 63 etiam
413 1187 179 63 assensus
547 1187 194 63 opinionis
696 1187 253 63 compossibilis
904 1187 104 63 est
949 1187 149 63 scientie

184 1227 208 67 habituali:
348 1227 104 67 cum
407 1227 119 67 enim
482 1227 104 67 non
541 1227 149 67 semper
646 1227 119 67 quis
720 1227 119 67 vtat
794 1227 149 67 habitu
899 1227 179 67 scientie
1018 1227 89 67 quem

180 1270 172 66 habet:
300 1270 120 66 non
369 1270 189 66 apparet
507 1270 120 66 cur
576 1270 103 66 si
627 1270 224 66 probabile
799 1270 172 66 medium
920 1270 155 66 circa
1006 1270 86 66 ean

189 1313 86 72 dem
238 1313 196 72 conclusionem
397 1313 110 72 menti
471 1313 159 72 occurrat:
593 1313 86 72 non
642 1313 123 72 possit
728 1313 159 72 assentire
851 1313 184 72 conclusioni
986 1313 110 72 assensu

180 1359 227 53 conuenienti
362 1359 121 53 illi
437 1359 152 53 medio:
543 1359 91 53 ac
589 1359 106 53 per
650 1359 106 53 hoc
710 1359 167 53 assensu
831 1359 212 53 opinatiuo.
998 1359 76 53 ⁋
1013 1359 91 53 Con-

175 1407 99 61 tra
231 1407 99 61 hoc
288 1407 113 61 quod
358 1407 85 61 in
401 1407 155 61 vtroque
514 1407 183 61 vltimorum
655 1407 212 61 articulorum
824 1407 155 61 sumptum
937 1407 99 61 est
993 1407 85 61 de
1021 1407 71 61 opi

184 1450 119 66 nione
263 1450 159 66 scilicet
382 1450 106 66 quod
448 1450 106 66 ipsa
514 1450 119 66 habet
594 1450 185 66 necessario
739 1450 185 66 formidinem
884 1450 159 66 annexam.
990 1450 106 66 Argui-

179 1490 117 67 tur
246 1490 284 67 multipliciter
480 1490 117 67 per
547 1490 200 67 aliquos.
697 1490 117 67 vno
764 1490 167 67 quidem
881 1490 217 67 supposito
1031 1490 67 67 ex

189 1542 151 54 intentione
308 1542 151 54 philosophi
426 1542 97 54 primo
491 1542 172 54 posteriorum:
631 1542 86 54 quod
685 1542 65 54 de
717 1542 97 54 eadem
782 1542 162 54 conclusione
911 1542 108 54 potest
986 1542 86 54 esse
1029 1542 65 54 opi-

175 1579 103 67 nio
234 1579 88 67 et
278 1579 191 67 scientia:
425 1579 162 67 quamuis
543 1579 103 67 non
602 1579 88 67 in
646 1579 132 67 eodem
734 1579 162 67 homine.
852 1579 88 67 Ex
896 1579 103 67 quo
940 1579 162 67 sequitur.

166 1625 124 55 quod
244 1625 93 55 de
291 1625 155 55 aliquo
399 1625 124 55 vero
477 1625 217 55 necessario
648 1625 155 55 potest
756 1625 124 55 esse
834 1625 171 55 opinio:
958 1625 124 55 tunc
1020 1625 78 55 ar-

171 1669 170 59 guitur.
294 1669 108 59 aut
356 1669 139 59 omnis
449 1669 170 59 opinans
573 1669 170 59 aliquod
697 1669 139 59 verum
790 1669 232 59 necessarium
960 1669 139 59 estimat

168 1712 127 54 illud
252 1712 183 54 possibile
393 1712 141 54 aliter
491 1712 84 54 se
534 1712 155 54 habere:
646 1712 98 54 aut
702 1712 112 54 non.
773 1712 84 54 si
815 1712 98 54 sic
871 1712 141 54 igitur
955 1712 141 54 qualibet

176 1752 159 58 opinio
287 1752 95 58 de
335 1752 127 58 vero
415 1752 223 58 necessario
590 1752 111 58 est
653 1752 159 58 falsa:
765 1752 111 58 cum
828 1752 191 58 quelibet
956 1752 143 58 estimet

177 1796 195 58 possibile
327 1796 90 58 se
372 1796 150 58 aliter
478 1796 150 58 habere
583 1796 120 58 quod
658 1796 105 58 non
718 1796 150 58 potest
823 1796 150 58 aliter
929 1796 90 58 se
959 1796 135 58 habere.

180 1835 76 64 ⁋
210 1835 122 64 Item
287 1835 198 64 sequuntur
439 1835 290 64 contradictoria.
683 1835 107 64 Nam
744 1835 137 64 omnis
836 1835 153 64 opinio
943 1835 107 64 qua
988 1835 92 64 quis

174 1882 162 58 opinatur
296 1882 135 58 verum:
391 1882 95 58 est
445 1882 122 58 vera.
526 1882 81 58 et
567 1882 95 58 sic
621 1882 122 58 simul
702 1882 108 58 erit
770 1882 108 58 vera
837 1882 81 58 et
878 1882 95 58 non
932 1882 122 58 vera.
1013 1882 68 58 ⁋
1027 1882 54 58 Si

165 1920 128 63 vero
245 1920 112 63 non
309 1920 176 63 estimet
437 1920 144 63 illud
533 1920 144 63 verum
629 1920 240 63 necessarium
820 1920 208 63 possibile
964 1920 128 63 aliter

161 1964 90 63 se
206 1964 164 63 habere:
326 1964 150 63 igitur
430 1964 120 63 illa
505 1964 150 63 opinio
610 1964 105 63 est
669 1964 120 63 sine
744 1964 209 63 formidine.
909 1964 135 63 Cuius
983 1964 105 63 ratio

172 2011 114 60 est:
243 2011 114 60 quia
315 2011 129 60 omnis
400 2011 157 60 noticia
515 2011 100 60 qua
572 2011 114 60 quis
643 2011 157 60 estimat
757 2011 100 60 rem
815 2011 114 60 esse
886 2011 129 60 sicut
972 2011 114 60 est:
1029 2011 57 60 et

165 2056 107 60 non
226 2056 169 60 estimat
349 2056 107 60 eam
410 2056 245 60 possibiliter
609 2056 153 60 aliter
716 2056 92 60 se
762 2056 169 60 habere:
885 2056 107 60 est
946 2056 123 60 sine
1007 2056 77 60 for

155 2100 168 60 midine.
277 2100 76 60 ⁋
307 2100 92 60 2o
353 2100 244 60 praemittunt:
551 2100 122 60 quod
628 2100 137 60 aliud
719 2100 107 60 est
780 2100 229 60 considerare
948 2100 137 60 aliquam

169 2141 270 57 propositionem
392 2141 127 57 esse
471 2141 143 57 veram
567 2141 207 57 absolute:
726 2141 143 57 aliud
821 2141 111 57 est
869 2141 207 57 considerare

170 2189 274 59 propositionem
395 2189 129 59 esse
476 2189 145 59 veram
572 2189 225 59 necessario
749 2189 113 59 vel
813 2189 274 59 contingenter:
1023 2189 64 59 et

173 2230 90 63 in
218 2230 90 63 re
263 2230 165 63 possunt
383 2230 135 63 tales
474 2230 286 63 considerationes
714 2230 195 63 separari.
865 2230 105 63 Tuc
925 2230 120 63 sic.
985 2230 90 63 qua-

166 2269 109 65 lis
229 2269 109 65 est
291 2269 124 65 ordo
369 2269 156 65 actuum
477 2269 93 65 ad
524 2269 140 65 actus
617 2269 93 65 ex
664 2269 156 65 quibus
773 2269 218 65 generantur
928 2269 156 65 habitus:

165 2313 128 65 talis
250 2313 99 65 est
307 2313 170 65 habituum
434 2313 128 65 inter
519 2313 99 65 se:
576 2313 99 65 sed
633 2313 85 65 in
675 2313 128 65 anima
760 2313 156 65 possunt
874 2313 113 65 esse
944 2313 128 65 actus
1015 2313 57 65 su

169 2360 127 57 mentes
258 2360 216 57 propositiones
436 2360 76 57 vt
474 2360 190 57 simpliciter
626 2360 114 57 veras
702 2360 76 57 de
740 2360 140 57 inesse:
842 2360 101 57 sine
905 2360 89 57 hoc
956 2360 101 57 quod
1007 2360 63 57 su-

157 2401 159 58 mantur
269 2401 96 58 vt
317 2401 223 58 necessarie
492 2401 112 58 vel
556 2401 271 58 contingentes:
779 2401 159 58 igitur
891 2401 175 58 similes
1002 2401 80 58 po-

161 2445 152 60 terunt
267 2445 122 60 esse
343 2445 167 60 habitus
465 2445 91 60 in
511 2445 152 60 anima.
617 2445 137 60 Actus
709 2445 137 60 autem
800 2445 107 60 qui
861 2445 213 60 respiciunt
1013 2445 61 60 ve

156 2491 149 49 ritatem
265 2491 122 49 solam
346 2491 243 49 propositionis:
549 2491 81 49 et
589 2491 95 49 qui
643 2491 230 49 contingentiam
833 2491 81 49 ad
873 2491 149 49 alteram
968 2491 108 49 partem

158 2535 167 53 tantum:
279 2535 152 53 quales
385 2535 106 53 est
446 2535 121 53 sunt
522 2535 137 53 multi
613 2535 228 53 possibiles:
795 2535 121 53 sunt
871 2535 121 53 sine
931 2535 137 53 formidi

158 2577 104 55 ne:
218 2577 104 55 cum
277 2577 104 55 non
337 2577 209 55 respiciant
501 2577 253 55 contingentiam
709 2577 89 55 ad
754 2577 149 55 partem
858 2577 209 55 oppositam:
1007 2577 60 55 ad

155 2624 92 49 per
207 2624 92 49 hoc
260 2624 92 49 non
312 2624 131 49 sumunt
404 2624 92 49 eas
456 2624 79 49 vt
495 2624 183 49 possibiles
639 2624 131 49 aliter
731 2624 79 49 se
770 2624 144 49 habere:
875 2624 131 49 igitur
953 2624 118 49 habitus

148 2672 91 51 ex
193 2672 106 51 eis
254 2672 152 51 geniti
360 2672 121 51 sunt
436 2672 121 51 sine
512 2672 212 51 formidine:
679 2672 106 51 sed
739 2672 121 51 isti
815 2672 167 51 habitus
937 2672 106 51 non
982 2672 91 51 sunt

152 2705 165 62 scientie:
279 2705 89 62 cum
330 2705 152 62 scientia
444 2705 190 62 determinate
596 2705 165 62 concernat
722 2705 203 62 necessitatem
874 2705 203 62 propositionis:

161 2752 97 54 nec
217 2752 194 54 sapientia:
369 2752 97 54 vel
425 2752 222 54 intellectus:
605 2752 97 54 cum
660 2752 111 54 sint
729 2752 97 54 vel
785 2752 152 54 possint
896 2752 111 54 esse
965 2752 83 54 de
993 2752 83 54 con-

159 2794 223 57 tingentibus:
340 2794 84 57 de
382 2794 139 57 quibus
480 2794 98 57 nec
535 2794 209 57 intellectus
703 2794 98 57 nec
758 2794 181 57 sapientia
898 2794 112 57 esse
954 2794 112 57 potest

152 2829 106 65 nec
212 2829 167 65 apparet
334 2829 91 65 ad
379 2829 121 65 quod
455 2829 136 65 genus
546 2829 182 65 habituum
682 2829 167 65 possint
803 2829 152 65 reduci
909 2829 136 65 aliud
985 2829 91 65 quam

158 2881 93 55 ad
204 2881 216 55 opinionem.
374 2881 93 55 Ex
420 2881 108 55 quo
482 2881 247 55 concluditur:
683 2881 124 55 quod
760 2881 124 55 sunt
837 2881 154 55 alique
945 2881 108 55 vel
992 2881 77 55 est

153 2923 147 60 aliqua
256 2923 162 60 species
374 2923 192 60 opinionis
522 2923 103 60 non
581 2923 192 60 includens
728 2923 221 60 formidinem.
905 2923 74 60 ⁋
934 2923 88 60 3o
964 2923 103 60 omnis

142 2967 145 63 actus
239 2967 258 63 formidolosus
448 2967 209 63 corrumpit
609 2967 113 63 per
673 2967 113 63 sui
738 2967 274 63 reiterationem
947 2967 113 63 omnem

144 3006 158 82 habitum
258 3006 172 82 firmiter
388 3006 201 82 adhesiuum.
545 3006 143 82 patet:
646 3006 115 82 quia
718 3006 129 82 actus
804 3006 158 82 habitus
904 3006 158 82 contrariu

1162 246 116 75 sunt
1234 246 101 75 per
1292 246 246 75 reiterationem
1494 246 203 75 corruptiui
1654 246 159 75 reliqui
1770 246 188 75 contrarii
1914 246 174 75 habitus:
2030 246 58 75 vt

1166 296 120 69 patet
1245 296 80 69 de
1285 296 106 69 actu
1352 296 226 69 intemperantie
1538 296 159 69 respectu
1657 296 199 69 temporantie
1816 296 80 69 et
1856 296 120 69 aliis
1923 296 159 69 habitibus.

1157 343 229 65 contrariis.
1340 343 107 65 Sed
1401 343 107 65 non
1462 343 138 65 omnis
1554 343 138 65 actus
1646 343 214 65 opinatiuus
1814 343 107 65 per
1875 343 107 65 sui
1921 343 153 65 reitera-

1158 386 145 67 tionem
1259 386 188 67 corrumpit
1403 386 159 67 habitum
1519 386 145 67 firmum
1620 386 202 67 adhesiuum:
1779 386 145 67 igitur
1881 386 101 67 non
1938 386 130 67 omnis
2011 386 72 67 ta-

1171 424 81 69 lis
1217 424 81 69 est
1263 424 196 69 formidolosus:
1424 424 104 69 minor
1493 424 115 69 patet.
1573 424 104 69 quia.
1642 424 69 69 p.
1677 424 69 69 et
1711 424 92 69 alii
1769 424 127 69 vtuntur
1861 424 69 69 ad
1895 424 184 69 conclusiones
2033 424 46 69 de

1165 472 132 66 quibus
1257 472 132 66 habent
1350 472 172 66 scientiam
1482 472 185 66 rationibus
1627 472 211 66 probabilibus
1799 472 198 66 opinatiuis:
1957 472 106 66 quod
2010 472 66 66 non

1162 518 187 57 facerent
1302 518 93 57 si
1349 518 249 57 corrumperent
1551 518 218 57 scientiam.
1722 518 140 57 Patet
1815 518 140 57 etiam
1893 518 171 57 experien-

1161 553 117 62 tia.
1235 553 102 62 Nam
1293 553 117 62 post
1366 553 146 62 multas
1469 553 176 62 rationes
1601 553 205 62 probabiles
1762 553 88 62 et
1805 553 132 62 earum
1879 553 190 62 iterationes

1155 599 109 59 eque
1224 599 137 59 habent
1319 599 177 59 scientiam
1456 599 82 59 vt
1497 599 137 59 prius.
1592 599 177 59 Similiter
1729 599 150 59 fideles
1838 599 82 59 ad
1879 599 82 59 ea
1920 599 96 59 que
1961 599 109 59 tenent

1156 639 107 71 fide
1222 639 147 71 vtuntur
1329 639 147 71 talibus
1436 639 187 71 rationibus
1583 639 214 71 probabilibus
1757 639 94 71 nec
1810 639 200 71 corrumpitur
1957 639 107 71 eorum.

1153 682 155 72 fides.
1261 682 77 72 ⁋
1292 682 93 72 4o
1338 682 93 72 si
1385 682 170 72 formido
1509 682 139 72 esset
1602 682 93 72 de
1648 682 186 72 essentia
1787 682 217 72 opinionis:
1942 682 124 72 augmen

1155 730 115 59 tata
1226 730 172 59 opinione
1356 730 129 59 circa
1442 730 158 59 aliquam
1556 730 230 59 conclusionem
1743 730 201 59 augmentata
1901 730 129 59 esset
1973 730 100 59 formi

1152 774 66 67 do
1185 774 98 67 circa
1250 774 109 67 ipsam.
1327 774 175 67 consequentia
1469 774 109 67 patet.
1545 774 131 67 Falsitas
1644 774 175 67 consequentis
1786 774 164 67 declaratur:
1917 774 87 67 quia
1972 774 66 67 si
1993 774 66 67 quis

1155 817 147 65 dubitat
1262 817 80 65 de
1302 817 134 65 aliqua
1396 817 201 65 conclusione
1556 817 134 65 quanto
1650 817 134 65 plures
1744 817 161 65 rationes
1864 817 187 65 probabiles
1998 817 67 65 ha-

1147 854 141 68 bebit
1241 854 94 68 ad
1288 854 157 68 illam:
1398 854 141 68 tanto
1492 854 141 68 minus
1586 854 219 68 formidabit
1758 854 141 68 circa
1852 854 110 68 eam
1914 854 94 68 vt
1946 854 125 68 patet:

1157 900 108 72 immo
1224 900 121 72 tamen
1305 900 148 72 poterit
1412 900 215 72 multiplicare
1587 900 161 72 rationes
1708 900 202 72 probabiles:
1870 900 108 72 quod
1937 900 81 72 ei
1964 900 94 72 adhe-

1153 944 142 68 rebit
1248 944 157 68 omnino
1358 944 126 68 sine
1436 944 220 68 formidine.
1609 944 79 68 ⁋
1641 944 94 68 5o
1688 944 157 68 nullum
1798 944 126 68 quod
1877 944 189 68 disponit
2018 944 94 68 ad

1153 984 187 65 scientiam
1297 984 101 65 vel
1354 984 130 65 fidem
1441 984 173 65 includit
1571 984 216 65 formidinem:
1744 984 101 65 sed
1801 984 144 65 aliqua
1902 984 144 65 opinio
1989 984 72 65 est

1163 1032 135 68 hiusmodis
1266 1032 93 68 valet
1329 1032 83 68 illa
1381 1032 73 68 que
1422 1032 73 68 est
1464 1032 114 68 eiusdem
1547 1032 176 68 conclusionis:
1692 1032 104 68 igitur
1764 1032 83 68 etc.
1816 1032 93 68 maior
1879 1032 104 68 patet:
1951 1032 83 68 quia
1993 1032 62 68 nul-

1143 1071 119 62 lum
1211 1071 222 62 disponens
1382 1071 102 62 ad
1433 1071 188 62 aliquid
1569 1071 205 62 includit
1723 1071 188 62 aliquod
1842 1071 222 62 corruptiuum

1151 1123 132 56 eius:
1240 1123 162 56 formido
1357 1123 132 56 autem
1445 1123 103 56 est
1504 1123 206 56 corruptiua
1666 1123 177 56 scientie
1799 1123 88 56 et
1843 1123 147 56 fidei.
1946 1123 74 56 ⁋
1975 1123 88 56 6o
2019 1123 88 56 si

1153 1163 155 67 quelibet
1269 1163 129 67 opinio
1360 1163 181 67 includeret
1502 1163 194 67 formidinem:
1657 1163 155 67 sequitur
1773 1163 103 67 quod
1837 1163 129 67 quanto
1928 1163 103 67 quis
1980 1163 77 67 vel-

1140 1202 103 72 let
1199 1202 162 72 fortius
1317 1202 162 72 opinari
1435 1202 132 72 tanto
1523 1202 147 72 vellet
1626 1202 162 72 fortius
1744 1202 191 72 formidare
1891 1202 88 72 de
1935 1202 88 72 eo
1965 1202 88 72 quod

1130 1253 191 54 opinatur:
1277 1253 103 54 sed
1336 1253 103 54 hoc
1394 1253 103 54 est
1453 1253 161 54 falsum.
1570 1253 176 54 Alioquin
1702 1253 191 54 sequitur:
1849 1253 117 54 quod
1907 1253 147 54 doctores

1140 1287 165 64 fideles
1260 1287 105 64 qui
1320 1287 180 64 conantur
1455 1287 150 64 fortes
1560 1287 180 64 rationes
1696 1287 210 64 probabiles
1861 1287 180 64 adducere
1996 1287 90 64 ad

1142 1329 217 65 conclusiones
1319 1329 122 65 fidei
1400 1329 81 65 et
1441 1329 81 65 ad
1481 1329 163 65 fortiter
1603 1329 122 65 ipsas
1685 1329 190 65 opinandum:
1834 1329 190 65 conarentur
1983 1329 81 65 ad
2010 1329 54 65 du

1147 1385 159 45 bitandum
1266 1385 79 45 de
1306 1385 132 45 ipsis:
1398 1385 79 45 et
1438 1385 93 45 per
1491 1385 185 45 consequens
1636 1385 79 45 ad
1676 1385 172 45 perdendum
1808 1385 132 45 fidem.
1901 1385 66 45 ⁋
1927 1385 79 45 7o
1967 1385 93 45 hoc
2007 1385 66 45 pro

1137 1419 125 66 batur
1221 1419 209 66 auctoritate
1388 1419 112 66 Ari.
1458 1419 84 66 7o
1499 1419 195 66 ethicorum.
1653 1419 98 66 vbi
1709 1419 139 66 dicit:
1806 1419 112 66 quod
1876 1419 139 66 aliqui
1959 1419 112 66 tantum

1144 1470 158 57 adherent
1262 1470 197 57 opinionibus
1420 1470 105 57 suis
1486 1470 132 57 quanum
1578 1470 105 57 alii
1644 1470 237 57 conclusionibus
1828 1470 224 57 demonstratiuis:

1134 1512 122 55 quod
1210 1512 137 55 verum
1301 1512 107 55 non
1362 1512 137 55 esset
1453 1512 91 55 si
1499 1512 137 55 omnis
1590 1512 152 55 opinio
1697 1512 213 55 includeret
1849 1512 198 55 formidinem.

1139 1553 74 65 ⁋
1169 1553 103 65 Pro
1228 1553 236 65 dissolutione
1420 1553 177 65 rationum
1553 1553 236 65 praedictarum
1745 1553 192 65 premitto:
1893 1553 118 65 quod
1952 1553 118 65 opinio

1148 1599 174 62 dupliciter
1284 1599 162 62 accipitur
1409 1599 75 62 ab
1446 1599 187 62 auctoribus.
1595 1599 87 62 Nam
1645 1599 162 62 aliquando
1769 1599 137 62 sumitur
1869 1599 87 62 pro
1906 1599 162 62 praesumptio

1140 1642 91 63 ne
1185 1642 107 63 seu
1246 1642 167 63 assensu
1368 1642 198 63 temerario
1520 1642 167 63 cadente
1642 1642 198 63 obiectiue
1794 1642 228 63 partialiter
1961 1642 107 63 super

1147 1690 141 53 cientia
1249 1690 89 53 non
1301 1690 141 53 habita:
1403 1690 115 53 sicut
1479 1690 89 53 cum
1530 1690 102 53 quis
1594 1690 141 53 estimat
1697 1690 77 53 se
1735 1690 115 53 scire
1812 1690 102 53 quod
1875 1690 141 53 nescit:
1978 1690 77 53 et
2003 1690 64 53 sic

1140 1728 134 57 opinio
1234 1728 148 57 quaedam
1341 1728 148 57 errorum
1449 1728 148 57 species
1556 1728 108 57 est.
1623 1728 94 57 sic
1677 1728 175 57 opinionem
1812 1728 121 57 sumit
1879 1728 161 57 Augustinus

1129 1753 94 75 in
1176 1753 94 75 de
1223 1753 203 75 vtilitate
1379 1753 203 75 credendi.
1535 1753 109 75 vbi
1598 1753 125 75 ait.
1676 1753 125 75 Tria
1754 1753 125 75 sunt
1832 1753 156 75 genera
1926 1753 140 75 hominum

1126 1813 202 64 profecto
1277 1813 235 64 improbanda
1462 1813 101 64 ac
1513 1813 252 64 detestanda.
1714 1813 134 64 vnum
1798 1813 118 64 est
1848 1813 202 64 opinantium

1131 1857 87 63 eid
1180 1857 87 63 est
1230 1857 112 63 eorum
1305 1857 87 63 qui
1354 1857 186 63 arbitrantur
1503 1857 75 63 se
1541 1857 112 63 scire
1615 1857 99 63 quod
1677 1857 149 63 nesciunt
1789 1857 99 63 etc.
1851 1857 75 63 et
1888 1857 124 63 infra.
1963 1857 87 63 Dpina

1134 1897 74 58 ri
1171 1897 123 58 inquit
1256 1897 74 58 ob
1293 1897 98 58 duas
1355 1897 86 58 res
1404 1897 184 58 turpissimum
1551 1897 98 58 est:
1612 1897 98 58 quod
1674 1897 74 58 et
1711 1897 135 58 discere
1809 1897 86 58 non
1858 1897 123 58 potest
1944 1897 86 58 qui
1981 1897 61 58 si-

1123 1937 77 66 bi
1162 1937 90 66 iam
1213 1937 116 66 scire
1291 1937 181 66 persuasit:
1433 1937 77 66 si
1471 1937 103 66 modo
1536 1937 116 66 illud
1613 1937 116 66 disci
1691 1937 129 66 potest
1781 1937 77 66 et
1820 1937 90 66 per
1871 1937 77 66 se
1910 1937 103 66 ipsa
1962 1937 90 66 teme-

1135 1986 117 61 ritas
1213 1986 91 61 non
1265 1986 104 61 bene
1330 1986 143 61 affecti
1434 1986 117 61 animi
1512 1986 156 61 sigunium
1628 1986 104 61 est:
1693 1986 78 61 et
1732 1986 130 61 infra.
1823 1986 104 61 Quod
1888 1986 156 61 opinamur
1992 1986 52 61 in

1123 2027 112 62 quit
1193 2027 155 62 debemus
1306 2027 155 62 errori.
1418 2027 84 62 et
1460 2027 98 62 hoc
1516 2027 112 62 modo
1586 2027 98 62 non
1643 2027 140 62 accepi
1741 2027 84 62 in
1783 2027 225 62 superioribus
1952 2027 98 62 nomen

1129 2071 190 54 opinionis:
1278 2071 95 54 nec
1333 2071 95 54 est
1387 2071 149 54 accipit
1495 2071 108 54 vsus
1563 2071 176 54 modernus.
1698 2071 68 54 ⁋
1725 2071 108 54 Alio
1793 2071 108 54 modo
1860 2071 176 54 accipitur
1982 2071 68 54 opi

1124 2112 89 63 nio
1175 2112 89 63 pro
1226 2112 141 63 assensu
1329 2112 141 63 cadente
1431 2112 153 63 obiectue
1546 2112 115 63 super
1622 2112 192 63 significatu
1776 2112 192 63 enuntiabile
1916 2112 128 63 alicuius

1140 2160 221 54 propositionis:
1324 2160 98 54 siue
1386 2160 111 54 illud
1459 2160 184 54 partialiter
1607 2160 148 54 includat
1717 2160 111 54 actum
1791 2160 123 54 anime:
1877 2160 98 54 siue
1939 2160 98 54 non:
1988 2160 49 54 et

1126 2203 85 60 isto
1179 2203 85 60 modo
1232 2203 127 60 secundum
1328 2203 106 60 linco.
1402 2203 64 60 in
1434 2203 85 60 fine
1487 2203 95 60 primi
1550 2203 159 60 posteriorum
1678 2203 106 60 potest
1752 2203 159 60 tripliciter
1879 2203 95 60 sumi:
1932 2203 106 60 scilitet

1128 2247 203 56 communiter:
1291 2247 162 56 proprie:
1412 2247 81 56 et
1453 2247 122 56 magis
1534 2247 162 56 proprie.
1655 2247 68 56 ⁋
1682 2247 135 56 Dpinio
1777 2247 189 56 communiter
1925 2247 122 56 dicta
1993 2247 54 56 vt

1133 2292 125 56 dicit:
1221 2292 88 56 est
1271 2292 163 56 conceptio
1397 2292 88 56 cum
1447 2292 151 56 assensu:
1560 2292 75 56 et
1598 2292 88 56 sic
1648 2292 88 56 est
1698 2292 113 56 fides
1773 2292 75 56 et
1811 2292 113 56 genus
1886 2292 151 56 scientie
1987 2292 50 56 et

1129 2330 176 57 opinionis
1265 2330 149 57 proprie
1373 2330 81 57 et
1413 2330 122 57 magis
1494 2330 149 57 proprie
1603 2330 135 57 dicte.
1697 2330 135 57 Dpinio
1792 2330 149 57 proprie
1900 2330 122 57 dicta
1967 2330 68 57 est

1129 2373 154 63 acceptio
1245 2373 116 63 vnius
1322 2373 128 63 partis
1412 2373 244 63 contradictionis
1617 2373 90 63 cum
1669 2373 128 63 timore
1758 2373 167 63 alterius.
1887 2373 77 63 Et
1913 2373 128 63 secundum

1133 2413 82 66 hoc
1180 2413 71 66 vt
1216 2413 118 66 dicit:
1298 2413 141 66 scientia
1404 2413 82 66 non
1451 2413 82 66 est
1498 2413 130 66 opinio:
1593 2413 106 66 tamen
1663 2413 94 66 idem
1722 2413 82 66 est
1769 2413 130 66 scibile
1863 2413 71 66 et
1887 2413 153 66 opiniabile.

1127 2462 80 58 ⁋
1159 2462 161 58 Dpinio
1271 2462 128 58 vero
1352 2462 144 58 magis
1448 2462 177 58 proprie
1576 2462 144 58 dicta
1673 2462 112 58 est
1737 2462 193 58 acceptio
1865 2462 177 58 veritatis

1137 2507 150 57 ptingentis
1255 2507 139 57 inquantum
1362 2507 150 57 huiusmodi.
1480 2507 64 57 Et
1513 2507 129 57 secundum
1609 2507 75 57 hoc
1652 2507 75 57 nec
1695 2507 129 57 scientia
1791 2507 75 57 est
1834 2507 118 57 opinio:
1920 2507 75 57 nec
1952 2507 86 57 scibi-

1115 2544 93 66 le
1161 2544 216 66 opinabile.
1331 2544 93 66 2o
1377 2544 170 66 modorum
1501 2544 139 66 horum
1593 2544 201 66 accipitur
1748 2544 93 66 in
1794 2544 170 66 communi
1917 2544 108 66 vsu
1964 2544 77 66 mo-

1127 2582 170 76 dernorum
1254 2582 226 76 disputantium
1438 2582 156 76 opinio:
1551 2582 85 76 et
1594 2582 99 76 sic
1650 2582 184 76 accipiunt
1792 2582 127 76 Auic.
1876 2582 85 76 et
1919 2582 113 76 hug.
1975 2582 57 76 vt

1136 2637 104 46 patet
1206 2637 116 46 supra:
1287 2637 70 46 et
1322 2637 151 46 similiter
1438 2637 81 46 ego
1484 2637 70 46 in
1519 2637 185 46 superioribus
1669 2637 127 46 dictis.
1762 2637 58 46 ⁋
1785 2637 93 46 Nunc
1843 2637 70 46 ad
1878 2637 116 46 primam
1947 2637 93 46 ratio-

1125 2681 77 50 nem
1169 2681 100 50 primo
1236 2681 111 50 contra
1313 2681 77 50 eam
1357 2681 111 50 arguo:
1435 2681 88 50 quia
1490 2681 66 50 si
1523 2681 100 50 valet
1590 2681 77 50 non
1634 2681 100 50 solum
1700 2681 133 50 probatur
1800 2681 100 50 illud
1866 2681 88 50 quod
1910 2681 122 50 infertur:

1120 2719 93 57 sed
1173 2719 120 57 etiam
1253 2719 106 57 quod
1319 2719 80 57 de
1359 2719 120 57 nullo
1438 2719 106 57 vero
1505 2719 186 57 necessario
1651 2719 173 57 possibile
1784 2719 93 57 est
1837 2719 173 57 opinantem
1956 2719 80 57 for-

1116 2766 150 60 midare.
1226 2766 109 60 quod
1294 2766 96 60 est
1349 2766 164 60 expresse
1472 2766 137 60 contra
1567 2766 150 60 lincon.
1677 2766 82 60 vt
1718 2766 123 60 supra
1800 2766 123 60 patet
1882 2766 82 60 in
1909 2766 123 60 descrip

1111 2809 110 57 tione
1184 2809 159 57 opinionis
1307 2809 135 57 proprie
1405 2809 122 57 dicte.
1490 2809 73 57 et
1527 2809 147 57 secundum
1637 2809 73 57 se
1674 2809 122 57 falsum
1760 2809 98 57 est.
1821 2809 86 57 Nam
1870 2809 122 57 clarum
1956 2809 98 57 est:

1119 2856 94 55 quod
1178 2856 153 55 possibile
1295 2856 94 55 est:
1354 2856 94 55 quod
1413 2856 129 55 aliquis
1507 2856 129 55 propter
1600 2856 141 55 rationes
1706 2856 129 55 aliquas
1800 2856 176 55 probabiles:
1941 2856 82 55 vel
1976 2856 47 55 au

1118 2897 168 57 ctoritates
1250 2897 132 57 aliquas
1346 2897 204 57 philosophorum
1515 2897 144 57 opinetur
1623 2897 132 57 aliquid
1719 2897 84 57 cum
1767 2897 192 57 dubitatione:
1924 2897 72 57 eo
1948 2897 72 57 quod

1115 2931 117 68 illud
1193 2931 91 68 non
1245 2931 91 68 sit
1297 2931 104 68 sibi
1362 2931 169 68 euidenter
1492 2931 130 68 notum:
1584 2931 104 68 quod
1649 2931 117 68 tamen
1727 2931 130 68 postea
1818 2931 104 68 ipse
1883 2931 130 68 scinet
1961 2931 65 68 per

1121 2981 285 54 demonstrationem:
1363 2981 86 54 ac
1406 2981 100 54 per
1463 2981 100 54 hoc
1520 2981 114 54 quod
1592 2981 128 54 veram
1677 2981 186 54 opinionem
1820 2981 100 54 cum
1863 2981 171 54 formidinie

1121 3027 152 63 possit
1227 3027 152 63 habere
1334 3027 91 63 de
1380 3027 152 63 aliquo
1486 3027 122 63 vero
1563 3027 229 63 necessario.
1745 3027 76 63 ⁋
1776 3027 91 63 2o
1822 3027 198 63 respondeo
1974 3027 91 63 ad
