2464 3534
390 229 150 63 rationem
502 229 187 63 argumentum:
651 229 125 63 conceo
738 229 100 63 quod
801 229 125 63 opinio
888 229 87 63 sic
938 229 125 63 sumpta
1025 229 125 63 potest
1112 229 100 63 esse
1174 229 75 63 de
1199 229 100 63 aliquo

385 283 105 49 vero
451 283 197 49 necessario:
609 283 79 49 et
648 283 105 49 dico
714 283 105 49 quod
780 283 92 49 non
832 283 92 49 est
885 283 158 49 necesse:
1003 283 105 49 quod
1069 283 158 49 quilibet
1175 283 118 49 opinans

388 326 120 56 illud
468 326 147 56 estimet
575 326 120 56 ipsum
655 326 174 56 possibile
788 326 134 56 aliter
882 326 80 56 se
922 326 147 56 habere:
1029 326 94 56 non
1082 326 120 56 tamen
1149 326 147 56 sequitur:

374 370 113 55 quod
445 370 127 55 talis
530 370 170 55 opinetur
657 370 113 55 sine
728 370 198 55 formidinie
884 370 142 55 partis
983 370 184 55 opposite.
1124 370 127 55 Aliud
1195 370 85 55 enim

377 414 107 51 est
438 414 153 51 timere
545 414 92 51 de
591 414 199 51 opposito:
744 414 138 51 aliud
836 414 184 51 estimare
974 414 138 51 ipsum
1066 414 199 51 possibile
1203 414 77 51 ali

386 453 91 54 ter
438 453 78 54 se
477 453 143 54 habere:
582 453 91 54 seu
634 453 117 54 etiam
712 453 170 54 oppositum
842 453 104 54 esse
908 453 183 54 possibile:
1051 453 91 54 qui
1103 453 104 54 enim
1156 453 143 54 opinatur.

379 498 137 56 verbi
470 498 168 56 gratia.
592 498 183 56 circulum
730 498 183 56 quadrari
867 498 153 56 posse:
974 498 153 56 vtique
1080 498 168 56 dubitat
1202 498 92 56 de
1233 498 61 56 op

391 539 129 54 posito
481 539 155 54 scilicet
598 539 103 54 quod
662 539 90 54 non
714 539 129 54 possit
804 539 168 54 quadrari:
933 539 90 54 non
985 539 116 54 tamen
1063 539 142 54 estimat
1166 539 116 54 ipsum
1230 539 65 54 non

382 585 119 62 posse
461 585 172 62 quadrari:
594 585 106 62 quia
660 585 93 62 sic
713 585 119 62 simul
793 585 172 62 estimaret
925 585 252 62 contradictoria:
1137 585 93 62 nec
1177 585 119 62 estimat

371 628 133 47 etiam
460 628 192 47 possibile
608 628 118 47 esse
681 628 133 47 ipsum
770 628 103 47 non
829 628 133 47 posse
918 628 192 47 quadrari:
1066 628 148 47 multum
1169 628 118 47 enim
1228 628 74 47 ru-

381 676 103 54 dis
440 676 133 54 esset
529 676 103 54 qui
588 676 103 54 non
647 676 236 54 cognosceret:
839 676 118 54 quod
912 676 89 54 si
957 676 177 54 circulus
1089 676 148 54 potest
1178 676 118 54 quadra

379 718 112 54 ri:
443 718 112 54 non
507 718 112 54 est
570 718 207 54 possibile
730 718 143 54 ipsum
825 718 112 54 non
889 718 143 54 posse
984 718 207 54 quadrari.
1144 718 80 54 ⁋
1176 718 96 54 Si
1207 718 80 54 que

384 765 138 47 ratur
476 765 122 47 vnde
552 765 199 47 proueniat
705 765 122 47 ille
782 765 138 47 timor
873 765 199 47 opinanti.
1027 765 199 47 Dicendum:
1180 765 122 47 quod
1241 765 61 47 ex

378 810 201 46 rationibus
536 810 230 46 probabilibus
723 810 115 46 quas
794 810 129 46 habet
881 810 86 46 ad
924 810 144 46 partem
1024 810 201 46 oppositam:
1182 810 101 46 vel
1226 810 57 46 et

371 848 204 50 ineuidentia
534 848 136 50 medii:
629 848 109 50 quod
697 848 122 50 habet
779 848 81 50 ad
820 848 204 50 propositum:
983 848 81 50 et
1023 848 122 50 istud
1105 848 81 50 2m
1146 848 136 50 potius
1227 848 68 50 est

396 888 64 62 ⁋
422 888 129 62 Contra
512 888 154 62 secundam
628 888 154 62 rationem
743 888 129 62 arguo:
833 888 103 62 quia
897 888 77 62 si
936 888 90 62 sit
987 888 141 62 efficax
1090 888 167 62 sequitur:
1206 888 77 62 quod

383 933 108 62 per
444 933 155 62 medium
553 933 278 62 demonstratiuum
785 933 155 62 possit
893 933 155 62 opinio
1001 933 201 62 generari:
1156 933 124 62 quod
1218 933 77 62 est

377 977 208 53 inopinabile.
546 977 91 53 hoc
598 977 130 53 patet:
689 977 143 53 quoniam
793 977 156 53 secundum
909 977 182 53 arguentes:
1052 977 195 53 demonstrans
1195 977 104 53 potest

389 1020 107 56 vti
450 1020 290 56 propositionibus
694 1020 290 56 demonstratiuis:
939 1020 92 56 vt
984 1020 137 56 veris
1076 1020 92 56 de
1122 1020 153 56 inesse
1214 1020 76 56 sim

384 1068 188 57 pliciter:
528 1068 101 57 non
586 1068 217 57 concernendo
760 1068 130 57 earum
847 1068 246 57 necessitatem:
1049 1068 87 57 ex
1092 1068 159 57 talibus
1194 1068 101 57 autem

387 1114 160 48 actibus
504 1114 203 48 reiteratis
663 1114 102 48 non
721 1114 218 48 generabitur
896 1114 116 48 nisi
968 1114 145 48 opinio
1070 1114 174 48 secundum
1186 1114 116 48 ipsos.

385 1152 70 57 ⁋
413 1152 155 57 Secundo
526 1152 183 57 respondeo
667 1152 85 57 ad
709 1152 183 57 rationem.
850 1152 85 57 Et
892 1152 127 57 dico:
977 1152 113 57 quod
1047 1152 155 57 quamuis
1146 1152 141 57 proposi-

378 1202 105 47 tio
438 1202 150 47 possit
543 1202 225 47 considerari
723 1202 90 47 et
768 1202 90 47 vt
813 1202 120 47 vera
887 1202 225 47 necessaria:
1067 1202 105 47 vel
1112 1202 180 47 contingens

385 1237 157 58 quelibet
503 1237 118 58 tamen
582 1237 105 58 siue
647 1237 223 58 consideretur.
831 1237 105 58 siue
896 1237 92 58 non
949 1237 223 58 consideretur:
1133 1237 92 58 aut
1185 1237 105 58 esta
1238 1237 52 58 ne

370 1282 177 49 cessaria
503 1282 103 49 aut
562 1282 118 49 non:
636 1282 89 49 et
680 1282 192 49 similiter
828 1282 103 49 aut
887 1282 103 49 est
946 1282 162 49 euidens
1064 1282 103 49 aut
1123 1282 118 49 non.
1196 1282 89 49 Et
1226 1282 59 49 lo

385 1326 166 49 quendo
502 1326 100 49 de
552 1326 233 49 mentalibus
735 1326 316 49 propositionibus
1001 1326 117 49 que
1068 1326 133 49 sunt
1135 1326 166 49 assensus

389 1368 106 51 vel
450 1368 182 51 notitie:
586 1368 91 51 si
632 1368 258 51 propositiones
844 1368 91 51 ex
890 1368 152 51 quibus
996 1368 228 51 sillogiatur
1179 1368 121 51 sunt
1239 1368 61 51 ne

384 1415 170 51 cessarie
512 1415 85 51 et
554 1415 185 51 euidentes
696 1415 99 51 seu
753 1415 142 51 potius
853 1415 185 51 euidentie
995 1415 156 51 quadam:
1108 1415 85 51 et
1151 1415 142 51 cetera
1236 1415 57 51 ad

375 1458 341 46 demonstrationem
662 1458 233 46 requisita
842 1458 251 46 concurrant
1040 1458 162 46 prius
1129 1458 162 46 generab

387 1497 94 51 tur
440 1497 162 51 scientia
562 1497 135 51 absque
656 1497 108 51 alia
723 1497 188 51 reflexione
871 1497 121 51 super
952 1497 94 51 eas
1006 1497 108 51 quam
1073 1497 215 51 cognoscantur
1235 1497 67 51 ta-

385 1544 92 48 les
438 1544 119 48 esse.
517 1544 119 48 sicut
596 1544 79 48 in
635 1544 119 48 primo
715 1544 158 48 articulo
833 1544 211 48 praecedentis
1005 1544 185 48 questionis
1150 1544 92 48 est
1189 1544 106 48 dictum

379 1590 89 47 Si
424 1590 118 47 vero
497 1590 118 47 sint
571 1590 177 47 assensus
704 1590 162 47 tantum:
822 1590 103 47 aut
881 1590 118 47 sunt
955 1590 177 47 assensus
1088 1590 133 47 certi
1177 1590 89 47 et
1206 1590 89 47 sine

388 1630 231 52 formidine:
569 1630 99 52 et
618 1630 115 52 sic
684 1630 247 52 generabitur
882 1630 165 52 fides:
997 1630 115 52 aut
1063 1630 115 52 cum
1113 1630 181 52 formidine

382 1675 103 49 et
433 1675 240 49 mutatione:
622 1675 103 49 et
673 1675 120 49 sic
742 1675 257 49 generabitur
947 1675 188 49 opinio.
1084 1675 86 49 ⁋
1119 1675 103 49 Ad
1153 1675 154 49 tertiam

381 1717 167 47 concedo
502 1717 182 47 maiorem:
639 1717 167 47 proprie
761 1717 182 47 loquendo
898 1717 91 47 de
943 1717 122 47 actu
1019 1717 243 47 formidoloso:
1217 1717 91 47 et
1247 1717 61 47 ne

381 1764 83 47 go
423 1764 165 47 minorem.
547 1764 83 47 Ad
588 1764 207 47 probationem
753 1764 124 47 dico:
836 1764 110 47 quod
905 1764 165 47 habentes
1029 1764 179 47 scientiam
1167 1764 97 47 vel
1208 1764 97 47 fidem

393 1803 68 54 de
427 1803 113 54 aliqua
506 1803 181 54 conclusione:
653 1803 102 54 licet
721 1803 124 54 vtantur
811 1803 158 54 rationibus
936 1803 192 54 probabilibus:
1094 1803 79 54 non
1140 1803 102 54 tamen
1196 1803 102 54 vtuntur

384 1850 182 45 actibus
517 1850 264 45 formidinosis
731 1850 116 45 seu
797 1850 182 45 actibus
930 1850 248 45 assentiendi
1128 1850 116 45 cum
1177 1850 116 45 formi

390 1891 132 51 dine:
478 1891 102 51 qui
537 1891 117 51 soli
610 1891 161 51 proprie
727 1891 175 51 dicuntur
858 1891 132 51 actus
946 1891 190 51 opinatiui
1092 1891 102 51 seu
1136 1891 161 51 opinionis

384 1935 81 46 vt
425 1935 81 46 de
466 1935 163 46 opinione
588 1935 108 46 nunc
655 1935 149 46 agitur:
764 1935 108 46 quia
831 1935 122 46 tales
913 1935 230 46 propositiones
1102 1935 135 46 nullum
1197 1935 81 46 in
1224 1935 68 46 eis

389 1980 181 55 causant
520 1980 214 55 assensum.
685 1980 148 55 Sicut
784 1980 148 55 etiam
883 1980 99 55 si
932 1980 132 55 quis
1015 1980 99 55 ad
1064 1980 165 55 aliqua
1180 1980 115 55 per
1229 1980 66 55 se

382 2027 135 46 nota
466 2027 219 46 induceret
635 2027 236 46 probabilia
820 2027 219 46 argumenta
989 2027 168 46 nullum
1107 2027 101 46 in
1157 2027 101 46 eo
1191 2027 101 46 cau-

378 2067 138 49 sant
464 2067 224 49 assensum.
636 2067 103 49 Si
687 2067 172 49 queras
808 2067 172 49 quare.
928 2067 103 49 p.
980 2067 189 49 inducit
1117 2067 120 49 cum
1169 2067 120 49 demon

391 2110 227 46 strationibus
575 2110 128 46 tales
660 2110 170 46 rationes
788 2110 213 46 probabiles.
958 2110 184 46 Respondet
1100 2110 156 46 Commen.
1199 2110 99 46 primo

390 2155 126 50 celi.
474 2155 140 50 dicens
573 2155 155 50 Aristo.
685 2155 112 50 enim
755 2155 140 50 vtitur
854 2155 197 50 sermonibus
1008 2155 225 50 probabilibus
1177 2155 112 50 duobus

379 2199 142 48 modis.
478 2199 185 48 aliquando
620 2199 227 48 praeinducens
805 2199 99 48 eos
862 2199 114 48 ante
933 2199 270 48 demonstrationem
1160 2199 85 48 ad
1189 2199 99 48 exerc

387 2243 136 47 tandum
483 2243 82 47 et
523 2243 204 47 dubitandum.
686 2243 82 47 et
727 2243 177 47 aliquando
863 2243 122 47 post.
944 2243 82 47 vt
985 2243 136 47 faciat
1080 2243 177 47 conuenire
1202 2243 82 47 set-

380 2284 137 54 mones
471 2284 213 54 probabiles
639 2284 107 54 cum
700 2284 290 54 demonstratiuis.
944 2284 152 54 Potest
1050 2284 122 54 etia
1126 2284 122 54 alia
1187 2284 107 54 causa

377 2327 219 55 assignari.
549 2327 141 55 sicut
643 2327 141 55 supra
737 2327 94 55 de
784 2327 235 55 allegatione
972 2327 250 55 auctoritatum
1160 2327 125 55 diceb-

381 2371 134 51 tur.
465 2371 83 51 ⁋
498 2371 100 51 Ad
548 2371 117 51 4m.
615 2371 267 51 Intelligendo
832 2371 234 51 formidinem
1016 2371 134 51 esse
1099 2371 100 51 de
1133 2371 150 51 essenti

388 2414 153 48 opinionis.
508 2414 65 48 id
541 2414 76 48 est
584 2414 76 48 per
628 2414 65 48 se
661 2414 153 48 consequens
781 2414 142 48 opinionem
890 2414 87 48 nego
944 2414 196 48 consequentiam:
1108 2414 65 48 et
1140 2414 98 48 patet
1195 2414 98 48 instan-

384 2457 99 50 tia
440 2457 85 50 in
483 2457 198 50 suspitione
638 2457 85 50 de
681 2457 99 50 qua
737 2457 99 50 non
794 2457 99 50 est
851 2457 156 50 dubium:
964 2457 113 50 quod
1034 2457 99 50 per
1091 2457 85 50 se
1133 2457 156 50 annexam
1232 2457 57 50 ha

397 2504 109 50 beat
465 2504 204 50 formidinem:
629 2504 123 50 sicut
711 2504 123 50 patet
792 2504 95 50 per
847 2504 191 50 Augustinum
996 2504 82 50 in
1037 2504 82 50 de
1078 2504 109 50 vti.
1146 2504 109 50 cre.
1214 2504 82 50 et
1242 2504 54 50 ex

387 2552 186 46 perientia
530 2552 143 46 docet:
630 2552 86 46 et
673 2552 129 46 tamen
759 2552 100 46 non
816 2552 157 46 augetur
930 2552 157 46 formido
1045 2552 129 46 aucta
1116 2552 172 46 suspitione

388 2588 93 50 sed
441 2588 159 50 minuitur
560 2588 79 50 id
599 2588 93 50 est
652 2588 132 50 quanto
745 2588 106 50 quis
811 2588 172 50 intensius
943 2588 185 50 suspicatur
1089 2588 119 50 tanto
1155 2588 132 50 remissi-

378 2632 156 51 dubitat
491 2632 85 51 an
533 2632 99 51 sic
590 2632 113 51 sit.
661 2632 113 51 Unde
731 2632 85 51 si
774 2632 113 51 quis
845 2632 156 51 propter
958 2632 156 51 aliquod
1071 2632 141 51 signum
1156 2632 127 51 aliquis

384 2680 82 48 de
425 2680 137 48 aliquo
522 2680 206 48 suspicetur:
686 2680 82 48 et
727 2680 151 48 iudicet
837 2680 96 48 cum
892 2680 206 48 dubitatione
1057 2680 96 48 sic
1112 2680 124 48 esse:
1194 2680 82 48 si
1221 2680 69 48 one

373 2721 179 41 currant
503 2721 146 41 plura
600 2721 163 41 signa:
714 2721 114 41 vel
779 2721 228 41 occasiones
958 2721 228 41 suspicandi
1137 2721 146 41 adhuc
1218 2721 65 41 vt

380 2761 203 49 hementius
536 2761 218 49 suspicatur
708 2761 93 49 et
754 2761 140 49 minus
848 2761 140 49 dubie
941 2761 125 49 quam
1019 2761 156 49 prius.
1128 2761 78 49 ⁋
1159 2761 125 49 Item
1222 2761 62 49 co

372 2811 186 50 tinentia:
515 2811 100 50 per
572 2811 86 50 se
615 2811 157 50 annexam
729 2811 129 50 habet
815 2811 243 50 difficultatem
1015 2811 86 50 in
1058 2811 114 50 actu
1130 2811 86 50 et
1158 2811 129 50 delecta

381 2853 149 41 tionem
485 2853 89 41 in
530 2853 149 41 prauis
634 2853 297 41 concupiscentiis:
887 2853 104 41 nam
946 2853 193 41 continens
1095 2853 134 41 habet
1169 2853 119 41 prauas

393 2896 244 49 concupiscentias:
600 2896 110 49 licet
673 2896 85 49 non
722 2896 85 49 eas
771 2896 158 49 sequatur:
893 2896 73 49 et
929 2896 183 49 aliqualiter
1076 2896 171 49 delectatur
1210 2896 73 49 in
1234 2896 61 49 ip-

392 2934 103 49 sis:
457 2934 116 49 licet
534 2934 90 49 non
586 2934 155 49 ducatur:
702 2934 77 49 vt
740 2934 116 49 patet
818 2934 129 49 septio
908 2934 181 49 ethicorum.
1050 2934 77 49 Et
1089 2934 90 49 per
1140 2934 90 49 hoc
1179 2934 116 49 differt

386 2981 68 53 a
414 2981 190 53 temperato:
563 2981 81 53 et
603 2981 122 53 tamen
685 2981 95 53 cum
739 2981 149 53 augetur
848 2981 203 53 continentia
1010 2981 95 53 non
1064 2981 149 53 augetur
1159 2981 136 53 difficul

379 3022 101 72 tas
436 3022 87 72 in
480 3022 130 72 actu:
567 3022 101 72 nec
624 3022 203 72 delectatio
784 3022 87 72 in
827 3022 145 72 prauis
928 3022 289 72 concupiscentiis:
1174 3022 101 72 sed
1218 3022 72 72 tam

1347 222 101 61 hec
1404 222 115 61 quam
1476 222 115 61 illa
1549 222 188 61 minuitur:
1693 222 87 61 et
1736 222 101 61 sic
1794 222 87 61 in
1837 222 173 61 pluribus
1967 222 144 61 posset
2068 222 173 61 instari.
2198 222 101 61 Sed

1340 275 115 50 dices
1417 275 103 50 quod
1481 275 154 50 secundum
1596 275 90 50 hoc
1648 275 77 50 in
1686 275 128 50 tantum
1776 275 141 50 possunt
1878 275 205 50 multiplicari
2045 275 154 50 rationes
2147 275 103 50 proba-

1345 324 133 45 biles:
1438 324 107 45 quod
1505 324 173 45 totaliter
1638 324 187 45 tolleretur
1785 324 160 45 formido:
1905 324 80 45 et
1945 324 107 45 tunc
2012 324 120 45 esset
2092 324 133 45 opinio
2172 324 80 45 sine

1336 363 195 50 formidine.
1489 363 70 50 ⁋
1517 363 84 50 Ad
1559 363 97 50 hoc
1615 363 111 50 dico
1684 363 139 50 primo:
1782 363 111 50 quod
1851 363 84 50 si
1893 363 195 50 tolleretur
2046 363 181 50 totaliter
2171 363 84 50 for-

1334 405 121 51 mido:
1414 405 80 51 et
1454 405 174 51 similiter
1588 405 147 51 opinio:
1695 405 147 51 quoniam
1803 405 147 51 quamuis
1910 405 134 51 opinio
2003 405 174 51 suscipiat
2137 405 121 51 magis
2204 405 54 51 et

1345 454 134 49 minus:
1438 454 94 49 seu
1492 454 134 49 possit
1585 454 120 49 magis
1666 454 80 49 et
1706 454 120 49 minus
1786 454 107 49 esse
1853 454 94 49 cum
1907 454 187 49 formidine:
2054 454 147 49 numquam
2147 454 94 49 tamen

1342 500 98 44 est
1398 500 113 44 sine
1469 500 197 44 formidine.
1623 500 113 44 quod
1694 500 98 44 suo
1750 500 113 44 modo
1820 500 141 44 videri
1919 500 141 44 potest
2017 500 84 44 in
2059 500 211 44 suspicione:
2214 500 42 44 a

1340 539 107 48 qua
1401 539 107 48 non
1462 539 152 48 potest
1568 539 137 48 tolli
1659 539 167 48 formido
1781 539 122 48 ipsa
1857 539 198 48 remanente
2009 539 228 48 suspicione.
2177 539 76 48 Si-

1337 575 160 56 militer
1454 575 73 56 a
1483 575 219 56 continentia
1658 575 102 56 non
1717 575 146 56 potest
1819 575 160 56 auferri
1935 575 190 56 totaliter
2066 575 190 56 difficultas

1333 623 82 54 ea
1374 623 165 54 manente:
1498 623 96 54 sed
1553 623 96 54 cum
1608 623 178 54 totaliter
1745 623 192 54 excluditur
1896 623 220 54 difficultas:
2075 623 165 54 tollitur
2184 623 69 54 con

1332 670 182 46 tinentia:
1472 670 84 46 et
1514 670 182 46 inducitur
1654 670 224 46 temperantia:
1836 670 98 46 sic
1892 670 84 46 in
1934 670 182 46 proposits
2074 670 84 46 si
2102 670 154 46 totaliter

1333 709 184 52 excludatur
1478 709 158 52 formido:
1596 709 184 52 excluditur
1741 709 145 52 opinio:
1847 709 79 52 et
1886 709 145 52 inducit
1992 709 119 52 alius
2071 709 145 52 habitus
2163 709 92 52 adhe-

1340 756 110 49 siuus
1413 756 85 49 non
1462 756 134 49 dubius.
1559 756 61 49 ⁋
1583 756 73 49 2o
1620 756 110 49 dico:
1693 756 97 49 quod
1754 756 146 49 rationes
1863 756 170 49 probabiles
1997 756 158 49 mentales:
2119 756 73 49 ua
2143 756 110 49 scilice

1337 798 229 49 componuntur
1520 798 92 49 ex
1566 798 214 49 assensibus
1733 798 92 49 ex
1779 798 137 49 qubus
1871 798 183 49 imediate
2008 798 183 49 generari
2130 798 122 49 habent

1339 837 172 58 habitus
1464 837 250 58 assensitiui:
1668 837 109 58 vel
1730 837 125 58 sunt
1809 837 188 58 assensus
1949 837 109 58 cum
2012 837 250 58 dubitatione:
2199 837 63 58 et

1333 883 114 53 tunc
1404 883 243 53 quantumcumque
1604 883 257 53 multiplicentur
1818 883 171 53 rationes
1947 883 100 53 non
2004 883 171 53 tolletur
2118 883 143 53 formido:

1334 928 109 52 cum
1397 928 187 52 quelibet
1537 928 140 52 secum
1630 928 187 52 propriam
1770 928 140 52 ferat
1864 928 234 52 formidinem:
2051 928 109 52 vel
2113 928 125 52 sunt
2175 928 78 52 as-

1336 970 144 56 sensus
1437 970 144 56 absque
1537 970 202 56 formidine:
1696 970 87 56 et
1739 970 115 56 tunc
1811 970 173 56 concedo:
1941 970 115 56 quod
2013 970 159 56 tollant
2114 970 130 56 formidi

1341 1016 127 50 nem:
1420 1016 95 50 et
1468 1016 174 50 pariter
1594 1016 222 50 opinionem:
1768 1016 95 50 et
1816 1016 222 50 generabunt
1990 1016 158 50 fidem.
2101 1016 79 50 ⁋
2132 1016 95 50 Ad
2180 1016 95 50 5o

1337 1060 132 53 dico:
1425 1060 117 53 quod
1498 1060 161 53 aliquid
1615 1060 175 53 disponit
1747 1060 88 53 ad
1790 1060 132 53 aliud
1878 1060 102 53 per
1937 1060 190 53 accidens:
2083 1060 88 53 et
2126 1060 161 53 aliquid

1340 1103 105 58 per
1400 1103 105 58 se.
1460 1103 90 58 Si
1505 1103 150 58 igitur
1609 1103 239 58 intelligatur
1804 1103 135 58 maior
1893 1103 90 58 de
1938 1103 209 58 disponente
2103 1103 105 58 per
2147 1103 105 58 acci-

1331 1154 131 50 dens:
1419 1154 131 50 falsa
1506 1154 117 50 est:
1579 1154 87 50 et
1623 1154 131 50 etiam
1710 1154 175 50 probatio
1841 1154 131 50 eius.
1929 1154 102 50 Nam
1987 1154 131 50 sicut
2060 1154 189 50 experientia

1332 1191 150 49 docet:
1437 1191 150 49 habens
1542 1191 120 49 vnum
1618 1191 195 49 viciorum:
1768 1191 105 49 vel
1828 1191 90 49 ad
1873 1191 135 49 ipsum
1963 1191 90 49 ex
2008 1191 226 49 nartiuitate
2174 1191 75 49 mul

1336 1234 111 53 tum
1400 1234 239 53 inclinatus:
1591 1234 223 53 disponitur
1766 1234 95 53 ad
1813 1234 191 53 virtutem
1957 1234 111 53 per
2020 1234 239 53 operationes
2195 1234 64 53 de

1340 1277 156 56 genere
1449 1277 187 56 oppositi
1590 1277 156 56 vicii.
1699 1277 125 56 Unde
1776 1277 93 56 et
1823 1277 93 56 vt
1870 1277 109 56 ita
1932 1277 125 56 fiat
2010 1277 109 56 dat
2072 1277 93 56 in
2103 1277 156 56 documen-

1332 1322 107 51 tum
1393 1322 77 51 a
1424 1322 138 51 phomo
1516 1322 92 51 2o
1562 1322 215 51 ethicorum.
1730 1322 199 51 Similiter
1884 1322 230 51 continentia
2068 1322 184 51 disponit
2191 1322 61 51 ad

1331 1375 254 44 temperantiam:
1540 1375 90 44 et
1585 1375 135 44 tamen
1675 1375 135 44 habet
1765 1375 164 44 aliquid
1884 1375 164 44 annexum
2004 1375 224 44 corruptiuum
2168 1375 75 44 ten

1344 1408 180 54 perantie:
1483 1408 166 54 scilicet
1607 1408 180 54 delectari
1746 1408 83 54 in
1787 1408 138 54 prauis
1884 1408 277 54 concupiscentiis:
2120 1408 125 54 multe
2189 1408 69 54 aut

1331 1458 198 43 instantie
1483 1458 167 43 possent
1605 1458 137 43 dari.
1696 1458 91 43 Si
1742 1458 122 43 vero
1818 1458 137 43 maior
1909 1458 244 43 intelligatur
2107 1458 91 43 de
2137 1458 107 43 dispo

1345 1495 131 50 nente
1433 1495 102 50 per
1491 1495 87 50 se
1534 1495 160 50 tantum:
1651 1495 116 50 tunc
1724 1495 131 50 minor
1811 1495 87 50 in
1854 1495 131 50 eodem
1942 1495 131 50 sensu
2029 1495 102 50 est
2087 1495 145 50 falsa.
2174 1495 73 50 Non

1338 1546 120 42 enim
1413 1546 105 42 per
1473 1546 195 42 opinionem
1623 1546 90 42 vt
1668 1546 90 42 de
1713 1546 180 42 opinione
1847 1546 120 42 nunc
1922 1546 90 42 in
1967 1546 195 42 praesenti
2102 1546 150 42 loquimur

1339 1585 97 56 per
1394 1585 83 56 se
1436 1585 194 56 disponitur
1588 1585 111 56 quis
1657 1585 83 56 ad
1699 1585 180 56 scientiam
1837 1585 97 56 vel
1892 1585 138 56 fidem.
1989 1585 97 56 Nam
2045 1585 124 56 nulla
2128 1585 111 56 tali
2183 1585 69 56 opi

1333 1632 128 45 nione
1418 1632 214 45 praehabita.
1590 1632 100 45 non
1647 1632 128 45 minus
1732 1632 114 45 quis
1804 1632 186 45 suscipiet
1946 1632 186 45 scientiam
2075 1632 171 45 occurrente

1345 1672 116 48 sibi
1417 1672 276 48 demonstratione:
1649 1672 116 48 quam
1722 1672 87 48 si
1765 1672 131 48 prius
1852 1672 174 48 rationem
1983 1672 203 48 probabilem
2128 1672 131 48 habuis-

1336 1714 114 56 set.
1407 1714 85 56 Et
1449 1714 114 56 idem
1520 1714 114 56 dico
1592 1714 85 56 de
1634 1714 128 56 fide.
1719 1714 99 56 per
1776 1714 170 56 accidens
1904 1714 128 56 tamen
1989 1714 156 56 dicitur
2089 1714 156 56 disponere

1350 1755 103 65 qui
1409 1755 147 65 tollit
1512 1755 103 65 vel
1570 1755 176 65 remittit
1702 1755 132 65 dubia
1790 1755 88 65 et
1834 1755 176 65 assensum
1966 1755 88 65 ad
2010 1755 205 65 oppositum.
2171 1755 73 65 ⁋
2200 1755 88 65 Ad

1343 1805 128 52 sextam
1433 1805 141 52 neganda
1535 1805 90 52 est
1587 1805 205 52 consequentia
1753 1805 77 52 et
1792 1805 179 52 instantias
1933 1805 115 52 habet
2010 1805 77 52 in
2048 1805 128 52 simili
2125 1805 128 52 quoaplu-

1343 1846 125 50 res.
1422 1846 109 50 Nam
1484 1846 234 50 continentia
1672 1846 94 50 vt
1719 1846 156 50 dictum
1828 1846 109 50 est
1890 1846 141 50 habet
1984 1846 172 50 annexam
2094 1846 156 50 difficul

1338 1890 125 49 tatem
1422 1890 83 49 in
1463 1890 125 49 actu:
1547 1890 83 49 et
1588 1890 125 49 tamen
1672 1890 97 49 non
1728 1890 139 49 quanto
1825 1890 111 49 quis
1894 1890 125 49 magis
1978 1890 111 49 vult
2047 1890 111 49 esse
2103 1890 153 49 continens

1336 1932 149 51 tanto
1436 1932 149 51 magis
1535 1932 133 51 vult
1618 1932 133 51 pati
1701 1932 282 51 difficultatem
1933 1932 99 51 in
1982 1932 149 51 actu.
2082 1932 83 51 ⁋
2115 1932 133 51 Item
2181 1932 83 51 me-

1344 1974 136 50 ritum
1435 1974 106 50 quo
1495 1974 121 50 quis
1571 1974 121 50 sibi
1647 1974 167 50 meretur
1768 1974 136 50 habet
1859 1974 167 50 annexam
1980 1974 152 50 glorie
2071 1974 182 50 carentiam:

1348 2016 82 55 nec
1395 2016 105 55 tamen
1465 2016 117 55 quanto
1547 2016 94 55 quis
1606 2016 187 55 vniversalite
1758 2016 94 55 sibi
1816 2016 105 55 magis
1886 2016 129 55 mereri:
1980 2016 105 55 tanto
2050 2016 105 55 magis
2109 2016 140 55 vniversali

1345 2069 142 46 carere
1444 2069 156 46 gloria.
1557 2069 128 46 Eides
1642 2069 128 46 etiam
1728 2069 128 46 habet
1813 2069 156 46 annexam
1926 2069 184 46 carentiam
2068 2069 184 46 visionis:
2195 2069 57 46 et

1332 2109 123 52 spes
1408 2109 200 52 carentiam
1562 2109 230 52 fruitionis:
1746 2109 107 52 nec
1808 2109 138 52 tamen
1900 2109 154 52 quanto
2007 2109 123 52 quis
2084 2109 123 52 vult
2146 2109 107 52 magis

1342 2149 176 49 credere
1470 2149 112 49 vel
1534 2149 192 49 sperare:
1679 2149 144 49 tanto
1775 2149 144 49 magis
1871 2149 128 49 vult
1951 2149 160 49 carere
2064 2149 176 49 visione
2176 2149 80 49 vel

1343 2195 212 57 fruitione.
1509 2195 121 57 Alie
1585 2195 257 57 innumerabiles
1797 2195 166 57 possent
1918 2195 121 57 dari
1994 2195 212 57 instantie.
2160 2195 76 57 ⁋
2190 2195 91 57 Ad

1342 2240 154 51 septimum
1458 2240 154 51 dicendum
1574 2240 103 51 quod
1638 2240 90 51 cum
1690 2240 193 51 philosophus
1844 2240 116 51 dicit
1921 2240 142 51 septimo
2024 2240 180 51 ethicorum.
2153 2240 103 51 quidam

1337 2289 109 51 enim
1406 2289 150 51 credunt
1515 2289 137 51 nihilo
1610 2289 123 51 minus
1692 2289 137 51 quibus
1788 2289 177 51 opinatur.
1924 2289 109 51 quam
1993 2289 137 51 alteri
2088 2289 96 51 qui
2129 2289 123 51 sciunt.

1344 2326 190 51 Manifestat
1494 2326 122 51 autem
1575 2326 190 51 eraclitus:
1724 2326 95 51 sic
1778 2326 108 51 enim
1846 2326 122 51 iacet
1928 2326 149 51 textus.
2036 2326 95 51 vel
2077 2326 176 51 philosophus

1337 2375 165 50 accipit
1457 2375 195 50 opinionem
1607 2375 105 50 pro
1667 2375 255 50 praesumptione
1877 2375 135 50 iuxta
1967 2375 225 50 acceptionem
2132 2375 120 50 Augu

1344 2415 113 55 stini
1419 2415 113 55 supra
1494 2415 150 55 positam.
1606 2415 63 55 ⁋
1631 2415 75 55 Et
1669 2415 88 55 hoc
1719 2415 150 55 innuitur
1831 2415 75 55 ex
1869 2415 113 55 parte
1944 2415 138 55 proxime
2044 2415 200 55 praecedente:
2194 2415 63 55 qua

1348 2459 106 48 ait.
1414 2459 133 48 Quidam
1507 2459 106 48 enim
1574 2459 186 48 opinantium
1720 2459 93 48 non
1773 2459 173 48 dubitant:
1906 2459 93 48 sed
1959 2459 160 48 estimant
2079 2459 120 48 certe
2146 2459 106 48 scire.

1351 2500 67 47 li
1384 2500 123 47 accipit
1473 2500 145 47 opinionem
1585 2500 156 47 communiter
1707 2500 78 47 pro
1752 2500 145 47 adhesione
1863 2500 145 47 distincta
1975 2500 111 47 contra
2053 2500 156 47 scientiam.
2175 2500 67 47 et
2197 2500 56 47 sic

1341 2544 86 47 est
1390 2544 148 47 communis
1501 2544 74 47 ad
1538 2544 160 47 opinionem
1661 2544 74 47 et
1698 2544 111 47 fidem
1772 2544 136 47 proprie
1871 2544 136 47 dictas.
1969 2544 74 47 Et
2006 2544 86 47 hoc
2056 2544 148 47 sufficit
2167 2544 74 47 ad
2191 2544 62 47 in-

1347 2592 159 44 tentionem
1469 2592 98 44 suam
1530 2592 98 44 ibi.
1591 2592 86 44 nec
1640 2592 86 44 est
1689 2592 122 44 contra
1775 2592 171 44 propositum
1897 2592 110 44 nostrm.

1323 2628 60 59 ⁋
1347 2628 72 59 Ad
1383 2628 121 59 primam
1468 2628 121 59 ratiom
1552 2628 181 59 principalem
1697 2628 193 59 quaestionis.
1854 2628 109 59 patet
1927 2628 157 59 responsio
2048 2628 72 59 ex
2084 2628 121 59 dictis
2168 2628 72 59 in
2192 2628 85 59 primo

1344 2680 191 51 articulo.
1491 2680 74 51 ⁋
1521 2680 88 51 Ad
1565 2680 162 51 secudam
1682 2680 191 51 dicendum:
1829 2680 118 51 quod
1903 2680 103 51 vel
1962 2680 191 51 conclusio
2094 2680 147 51 accipitu

1343 2718 96 50 in
1391 2718 241 50 antecedente
1584 2718 113 50 pro
1648 2718 241 50 conclusione
1841 2718 177 50 mentali
1970 2718 113 50 que
2034 2718 113 50 est
2082 2718 161 50 assensus

1337 2762 80 55 et
1377 2762 161 55 notitia.
1497 2762 80 55 et
1537 2762 94 55 sic
1591 2762 147 55 concedo
1698 2762 201 55 antecedens:
1859 2762 80 55 et
1899 2762 107 55 nego
1966 2762 228 55 consequentiam
2153 2762 94 55 qua
2193 2762 54 55 in

1331 2807 184 51 fertur:
1465 2807 168 51 igitur
1583 2807 117 51 nec
1650 2807 134 51 idem
1733 2807 218 51 obiectum:
1901 2807 134 51 quia
1985 2807 235 51 diuersarum
2152 2807 101 51 con-

1332 2849 230 57 clusionum
1509 2849 141 57 idem
1598 2849 230 57 contingit
1774 2849 141 57 esse
1863 2849 230 57 obiectum.
2040 2849 124 57 Uel
2093 2849 159 57 accipi-

1341 2894 108 51 tur
1402 2894 201 51 conclusio
1557 2894 108 51 pro
1619 2894 232 51 conclusione
1805 2894 170 51 vocali:
1928 2894 108 51 vel
1990 2894 139 51 etiam
2083 2894 170 51 mentali
2191 2894 62 51 ei

1334 2937 151 53 simili
1439 2937 90 53 et
1484 2937 90 53 ad
1530 2937 181 53 placitum
1665 2937 256 53 significante:
1876 2937 90 53 et
1921 2937 120 53 tunc
1996 2937 120 53 nego
2056 2937 196 53 antecedens.

1339 2978 65 56 et
1372 2978 140 56 similiter
1479 2978 65 56 si
1512 2978 129 56 concluso
1609 2978 162 56 acciperetur
1738 2978 75 56 pro
1781 2978 75 56 suo
1824 2978 162 56 significato
1953 2978 108 56 totali
2029 2978 86 56 etia
2082 2978 151 56 antecedens
2190 2978 54 56 ne-

1329 3028 68 61 go
1363 3028 136 61 probatio
1464 3028 68 61 ex
1498 3028 102 61 dicto
1566 3028 158 61 philosophi
1690 3028 79 61 non
1736 3028 79 61 est
1781 3028 68 61 ad
1815 3028 170 61 propositum:
1950 3028 124 61 quoniam
2041 3028 170 61 philosophus
2165 3028 79 61 inten
