2433 3516
171 265 143 76 instanti
278 265 107 76 esset
350 265 95 76 vera
409 265 71 76 et
445 265 83 76 non
492 265 107 76 esset
564 265 107 76 vera.
635 265 83 76 Nec
683 265 83 76 2m.
730 265 83 76 tum
778 265 95 76 quia
837 265 71 76 in
873 265 143 76 instanti
980 265 95 76 dato
1028 265 59 76 est

168 316 113 61 vera.
243 316 100 61 ergo
305 316 75 61 et
343 316 75 61 in
380 316 100 61 omni
443 316 188 61 praecedenti
593 316 100 61 fuit
655 316 113 61 vera.
730 316 75 61 Et
768 316 88 61 ita
818 316 75 61 si
855 316 100 61 tunc
918 316 125 61 mutari
993 316 88 61 pote-

159 354 83 67 rat
207 354 71 67 in
242 354 167 67 falsitatem
373 354 131 67 poterat
469 354 107 67 simul
540 354 95 67 esse
600 354 95 67 vera
659 354 71 67 et
695 354 83 67 non
743 354 107 67 vera.
814 354 83 67 tum
862 354 95 67 quia
921 354 71 67 si
957 354 71 67 in
981 354 95 67 instan

170 396 78 84 ti
209 396 195 84 praecedente
365 396 182 84 mutaretur.
508 396 156 84 sequitur
625 396 104 84 quod
691 396 104 84 ante
756 396 169 84 amitteret
886 396 169 84 veritatem
1003 396 78 84 quam

164 441 159 76 haberet.
283 441 106 76 quod
349 441 119 76 nihil
428 441 93 76 est
481 441 132 76 dictu.
574 441 93 76 Nec
627 441 79 76 3m
667 441 106 76 dici
733 441 146 76 potest.
839 441 106 76 quia
905 441 79 76 si
945 441 79 76 in
971 441 106 76 aliquo

151 487 101 64 tali
214 487 163 64 instanti.
340 487 63 64 (
365 487 126 64 vtpote
453 487 126 64 cras.)
541 487 88 64 sit
592 487 126 64 falsa:
680 487 189 64 impossibile
830 487 88 64 est
881 487 101 64 quod
944 487 126 64 fuerit
1019 487 63 64 he-

154 525 69 72 ri
188 525 103 72 vera.
257 525 103 72 detur
326 525 92 72 enim
383 525 126 72 opposit
475 525 138 72 scilicet
579 525 92 72 quod
636 525 115 72 fuerit
717 525 92 72 heri
774 525 103 72 vera:
843 525 69 72 et
878 525 103 72 hodie
947 525 115 72 falsa.
1016 525 57 72 hoc

152 577 105 67 erit
218 577 145 67 propter
323 577 145 67 aliquam
428 577 184 67 mutationem
573 577 132 67 factam
666 577 79 67 in
705 577 92 67 re.
758 577 92 67 sed
810 577 92 67 hoc
863 577 92 67 est
916 577 145 67 falsum:
1008 577 79 67 quia

146 620 134 60 nondum
239 620 94 60 res
293 620 107 60 est.
359 620 94 60 nec
413 620 134 60 subest
506 620 134 60 alicui
600 620 160 60 potentie
720 620 80 60 in
760 620 120 60 actu.
840 620 80 60 et
881 620 94 60 per
921 620 160 60 consequens

174 653 97 79 cum
230 653 125 79 nihil
313 653 152 79 mutetur
423 653 125 79 circa
506 653 97 79 re)
562 653 125 79 nihil
645 653 180 79 mutabitur
783 653 125 79 circa
853 653 222 79 propositionem.

185 700 94 71 Nec
238 700 121 71 valet
319 700 107 71 dici
386 700 81 71 4m
426 700 161 71 scilicet
547 700 107 71 quod
614 700 81 71 in
655 700 161 71 instanti
776 700 81 71 in
816 700 94 71 quo
870 700 94 71 res
923 700 107 71 fiet
977 700 94 71 mute-

149 736 84 81 tur
197 736 169 81 propositio
330 736 60 81 a
354 736 84 81 sua
402 736 157 81 veritate.
522 736 84 81 tum
570 736 96 81 quia
631 736 132 81 veritas
727 736 96 81 illa
787 736 132 81 transit
883 736 72 81 in
907 736 169 81 praeteritum.

154 786 97 76 Nam
210 786 125 76 vsque
293 786 83 76 ad
334 786 125 76 illud
417 786 152 76 instans
528 786 125 76 verum
611 786 111 76 fuit
680 786 111 76 quod
750 786 125 76 illud
833 786 125 76 erit.
916 786 111 76 quod
971 786 97 76 autem

157 833 146 70 transit
263 833 80 70 in
303 833 199 70 praeteritum
462 833 225 70 incommutabile
647 833 106 70 est.
713 833 80 70 vt
753 833 119 70 patet
833 833 80 70 6o
872 833 186 70 ethicorum.
1005 833 66 70 hoc

149 873 107 68 solo
216 873 161 68 priuatur
337 873 107 68 deus
404 873 107 68 etc.
471 873 94 68 Tum
525 873 121 68 etiam
605 873 81 68 si
645 873 107 68 tunc
712 873 161 68 mutetur:
833 873 94 68 aut
887 873 94 68 hoc
941 873 107 68 erit
994 873 81 68 quia

153 917 199 65 significatum
314 917 99 65 eius
376 917 161 65 poneretur
500 917 74 65 in
537 917 112 65 esse.
612 917 74 65 et
649 917 87 65 sic
699 917 87 65 non
748 917 174 65 mutabitur:
885 917 87 65 sed
934 917 124 65 potius
1009 917 62 65 con

141 962 197 72 firmabitur
296 962 85 72 in
338 962 99 72 sua
395 962 183 72 veritate.
535 962 99 72 aut
592 962 183 72 oppositum
733 962 99 72 sui
789 962 211 72 significati
944 962 127 72 ponetur

143 1007 72 73 in
179 1007 96 73 esse
239 1007 72 73 et
275 1007 96 73 tunc
335 1007 84 73 est
383 1007 84 73 non
431 1007 168 73 mutabitur:
563 1007 96 73 quia
622 1007 156 73 sequitur:
742 1007 96 73 quod
802 1007 132 73 numquam
898 1007 96 73 fuit
958 1007 96 73 vera
1006 1007 60 73 sed

146 1048 130 73 semper
237 1048 130 73 falsa.
328 1048 91 73 Cum
380 1048 104 73 ergo
445 1048 78 73 in
484 1048 117 73 nullo
562 1048 156 73 instanti
678 1048 117 73 talis
756 1048 182 73 propositio
899 1048 130 73 possit
977 1048 91 73 muta-

146 1097 78 68 ri
185 1097 65 68 a
211 1097 155 68 veritate
327 1097 78 68 in
366 1097 194 68 falsitatem:
521 1097 181 68 necessario
664 1097 91 68 est
716 1097 220 68 immutabiliter
897 1097 104 68 vera
961 1097 78 68 si
987 1097 78 68 ipsa

148 1140 99 64 est
204 1140 127 64 vera.
317 1140 85 64 2o
360 1140 113 64 sic.
430 1140 127 64 illud
515 1140 99 64 quo
571 1140 141 64 posito
670 1140 85 64 in
712 1140 113 64 esse
783 1140 99 64 pro
839 1140 141 64 aliquo
924 1140 141 64 instanti

135 1180 160 68 ponetur
252 1180 102 68 pro
310 1180 146 68 semper
412 1180 87 68 in
456 1180 131 68 esse:
543 1180 87 68 si
587 1180 102 68 pro
645 1180 146 68 aliquo
747 1180 175 68 instanti
879 1180 160 68 ponatur
981 1180 87 68 esse

133 1233 156 57 ponitur
246 1233 241 57 immutabiliter
445 1233 128 57 esse.
530 1233 128 57 patet
616 1233 114 57 quia
687 1233 128 57 illud
772 1233 114 57 quod
843 1233 114 57 sibi
900 1233 170 57 determinat

138 1273 265 59 sempiternitatem
362 1273 84 59 in
403 1273 154 59 essendo
515 1273 84 59 in
557 1273 126 59 nullo
641 1273 154 59 tempore
753 1273 140 59 mutari
850 1273 154 59 potest.
962 1273 98 59 sed
1004 1273 56 59 si

130 1323 182 62 propositio
273 1323 78 62 de
312 1323 130 62 futuro
403 1323 91 62 pro
455 1323 130 62 aliquo
546 1323 156 62 instanti
663 1323 143 62 ponitur
767 1323 117 62 vera:
845 1323 117 62 ponit
923 1323 91 62 pro
962 1323 104 62 semper

137 1362 114 66 vera.
213 1362 88 66 Nam
264 1362 76 66 si
302 1362 88 66 pro
352 1362 126 66 aliquo
441 1362 152 66 instanti
554 1362 88 66 est
605 1362 114 66 vera:
681 1362 88 66 pro
731 1362 152 66 quolibet
845 1362 152 66 instanti
946 1362 114 66 praece-

136 1403 117 62 denti
214 1403 78 62 et
253 1403 209 62 subsequenti:
423 1403 143 62 quandiu
527 1403 104 62 suum
592 1403 209 62 significatum
762 1403 91 62 est
814 1403 157 62 futurum:
932 1403 91 62 est
971 1403 91 62 vera.

135 1443 88 66 Et
179 1443 117 66 tunc
252 1443 88 66 in
296 1443 176 66 instanti
428 1443 102 66 quo
486 1443 132 66 illud
574 1443 161 66 ponitur
691 1443 161 66 transit
808 1443 73 66 a
838 1443 219 66 futuritione
998 1443 59 66 in

133 1489 271 60 presentialitatem.
366 1489 77 60 et
404 1489 90 60 est
456 1489 116 60 verum
533 1489 103 60 quod
598 1489 116 60 illud
676 1489 90 60 est
727 1489 77 60 et
766 1489 129 60 postea
856 1489 77 60 in
882 1489 181 60 praeteritio-

139 1536 95 68 nem
194 1536 82 68 et
235 1536 109 68 erit
303 1536 123 68 verum
385 1536 164 68 deinceps
508 1536 82 68 in
549 1536 150 68 eternum
658 1536 109 68 quod
726 1536 123 68 illud
808 1536 123 68 fuit.
890 1536 82 68 et
931 1536 95 68 sic
972 1536 95 68 perpe

139 1573 158 57 tuabiliter
263 1573 91 57 illa
320 1573 125 57 veritas
410 1573 170 57 primanebit.
546 1573 68 57 si
580 1573 91 57 ergo
637 1573 158 57 propositio
761 1573 68 57 de
795 1573 113 57 futuro
875 1573 125 57 potitur
965 1573 79 57 pro
999 1573 68 57 ali-

135 1617 85 70 quo
183 1617 145 70 instanti
292 1617 97 70 vera
352 1617 85 70 est
401 1617 205 70 immutabiliter
570 1617 109 70 vera.
642 1617 133 70 Secunda
739 1617 169 70 propositio
872 1617 157 70 probatur.
981 1617 72 70 quia

141 1672 146 61 sequitur
251 1672 195 61 consequentia
409 1672 183 61 necessaria:
556 1672 171 61 propositio
690 1672 73 61 de
727 1672 122 61 futuro
812 1672 85 61 est
861 1672 110 61 vera.
934 1672 98 61 ergo
983 1672 73 61 tale

129 1702 164 70 futurum
249 1702 164 70 ponetur
368 1702 90 70 in
413 1702 134 70 esse:
502 1702 105 70 hoc
562 1702 179 70 probatur
697 1702 105 70 2a.
756 1702 134 70 Primo
846 1702 119 70 quia
921 1702 90 70 ex
950 1702 105 70 oppo-

133 1742 92 74 sito
190 1742 184 74 consequentis
339 1742 138 74 sequitur
443 1742 149 74 oppositum
558 1742 195 74 antecedentis.
719 1742 138 74 sequitur
822 1742 103 74 enim.
891 1742 92 74 tale
937 1742 115 74 futurum:

145 1788 105 71 verbi
215 1788 116 71 gratia
297 1788 116 71 sortes
378 1788 105 71 erit)
448 1788 81 71 non
494 1788 128 71 ponetur
588 1788 70 71 in
622 1788 105 71 esse:
692 1788 93 71 ergo
750 1788 116 71 sortes
832 1788 81 71 non
878 1788 105 71 erit.
948 1788 70 71 et
972 1788 81 71 vltra

132 1841 88 59 ergo
187 1841 77 59 hec
231 1841 77 59 non
275 1841 77 59 est
319 1841 88 59 vera
374 1841 110 59 sortes
451 1841 99 59 erit.
517 1841 66 59 et
550 1841 77 59 ita
594 1841 187 59 vniversaliter
748 1841 143 59 sequitur.
858 1841 121 59 futurum
946 1841 88 59 quod
990 1841 66 59 pro-

125 1880 140 67 positio
227 1880 153 67 enunciat
341 1880 153 67 futurum:
456 1880 76 67 et
494 1880 89 67 non
545 1880 102 67 erit
608 1880 89 67 vel
659 1880 89 67 non
710 1880 140 67 ponitur
812 1880 76 67 in
850 1880 114 67 esse.
926 1880 102 67 ergo
977 1880 76 67 illa

125 1925 183 64 propositio
269 1925 78 64 de
308 1925 131 64 futuro
399 1925 91 64 non
451 1925 91 64 est
504 1925 118 64 vera.
582 1925 78 64 2o
621 1925 104 64 idem
686 1925 170 64 probatur:
817 1925 104 64 quia
882 1925 104 64 idem
934 1925 118 64 penitus

122 1969 183 66 significant
268 1969 134 66 futurum
366 1969 73 66 et
402 1969 159 66 venturum.
524 1969 98 66 ergo
585 1969 73 66 si
622 1969 134 66 aliquid
720 1969 85 66 est
768 1969 146 66 futurum.
878 1969 146 66 sequitur
976 1969 73 66 quod

124 2005 112 74 illud
198 2005 149 74 eueniet.
310 2005 74 74 et
347 2005 74 74 si
384 2005 87 74 hec
434 2005 87 74 est
483 2005 112 74 vera:
558 2005 149 74 aliquid.
669 2005 99 74 vebi
731 2005 136 74 gratia.
831 2005 124 74 sortes
918 2005 99 74 erit
980 2005 74 74 de
1004 2005 50 74 ne

126 2050 155 67 cessitate
246 2050 84 67 hec
293 2050 84 67 est
341 2050 108 67 vera.
413 2050 120 67 sortes
497 2050 144 67 eueniet.
604 2050 72 67 et
640 2050 132 67 ponetur
736 2050 72 67 in
772 2050 108 67 esse.
844 2050 72 67 et
880 2050 84 67 sic
927 2050 108 67 patet
987 2050 72 67 quod

121 2090 77 73 hec
165 2090 177 73 consequentia
309 2090 77 73 est
353 2090 77 73 est
397 2090 166 73 necessaria.
530 2090 155 73 propositio
651 2090 66 73 de
684 2090 110 73 futuro
762 2090 77 73 est
806 2090 99 73 vera.
872 2090 88 73 ergo
927 2090 88 73 tale
972 2090 77 73 futu-

121 2144 77 58 rum
165 2144 120 58 ponetur
252 2144 66 58 in
285 2144 98 58 esse:
351 2144 87 58 ergo
405 2144 66 58 si
438 2144 153 58 antecedens
558 2144 77 58 est
602 2144 153 58 immutabile
722 2144 66 58 et
755 2144 164 58 ineuitabile
886 2144 153 58 consequens
995 2144 55 58 est

126 2180 169 70 immutabile
258 2180 72 70 et
295 2180 193 70 ineuitabile.
451 2180 144 70 probatum
559 2180 84 70 est
608 2180 108 70 autem
680 2180 108 70 supra
752 2180 96 70 quod
812 2180 72 70 si
848 2180 169 70 propositio
981 2180 72 70 de
1005 2180 48 70 fu

120 2226 99 64 turo
182 2226 87 64 est
231 2226 112 64 vera.
306 2226 99 64 ipsa
368 2226 87 64 est
417 2226 211 64 immutabiliter
591 2226 112 64 vera.
665 2226 124 64 igitur
752 2226 74 64 si
789 2226 174 64 propositio
926 2226 74 64 de
951 2226 99 64 futuro

121 2265 88 77 est
172 2265 113 77 vera.
247 2265 138 77 futurum
348 2265 226 77 ineuitabiliter
536 2265 138 77 ponetur
636 2265 75 77 in
674 2265 113 77 esse.
750 2265 75 77 et
787 2265 88 77 sic
837 2265 113 77 nihil
900 2265 151 77 contingen-

121 2313 95 64 ter
176 2313 162 64 eueniet:
297 2313 81 64 vt
338 2313 190 64 deducebat.
487 2313 81 64 P.
528 2313 81 64 Et
568 2313 95 64 hoc
622 2313 149 64 quantum
731 2313 81 64 ad
771 2313 135 64 primum
853 2313 162 64 articulum.

113 2359 139 96 Nunc
199 2359 191 96 secundo
338 2359 208 96 videndum
495 2359 139 96 quid
581 2359 208 96 secundum
738 2359 226 96 veritatem
894 2359 156 96 sentien

529 2403 96 63 dum
584 2403 96 63 est
639 2403 82 63 de
680 2403 165 63 quasito.
804 2403 82 63 Et
845 2403 124 63 circa
927 2403 96 63 hoc
969 2403 82 63 pono

117 2445 75 63 8.
154 2445 200 63 conclusiones
341 2445 112 63 Prima
416 2445 87 63 est
466 2445 100 63 quod
529 2445 112 63 omnis
603 2445 175 63 propositio
741 2445 175 63 singularis
878 2445 75 63 de
916 2445 125 63 futuro
991 2445 62 63 est

123 2486 94 69 vera
182 2486 82 69 vel
229 2486 117 69 falsa.
311 2486 82 69 ita
357 2486 94 69 quod
416 2486 164 69 cuiuslibet
545 2486 105 69 talis
615 2486 222 69 contradictionis
802 2486 152 69 contingit
919 2486 94 69 vere
966 2486 82 69 dici.

115 2527 94 68 hec
168 2527 107 68 pars
235 2527 201 68 determinate
397 2527 94 68 est
450 2527 107 68 vera
517 2527 81 68 et
558 2527 107 68 illa
625 2527 134 68 falsa:
719 2527 148 68 quamuis
826 2527 94 68 nos
880 2527 94 68 que
934 2527 94 68 sit
974 2527 67 68 de-

117 2571 176 71 terminate
253 2571 108 71 vera
321 2571 95 71 vel
375 2571 122 71 falsa
456 2571 190 71 nesciamus.
605 2571 81 71 Et
646 2571 108 71 hanc
714 2571 217 71 conclusionem
890 2571 122 71 probo
958 2571 81 71 prim

117 2621 74 56 ex
154 2621 111 56 eodem
227 2621 160 56 principio
351 2621 111 56 super
424 2621 86 56 quo
474 2621 222 56 principaliter.
658 2621 74 56 P.
695 2621 185 56 sustentatus
843 2621 86 56 est
892 2621 74 56 in
917 2621 123 56 probando

126 2655 154 60 conclusionem
252 2655 135 60 oppositam:
358 2655 125 60 videlibet
454 2655 77 60 quod
503 2655 125 60 veritatem
599 2655 164 60 propositionis
734 2655 116 60 sequitur
821 2655 77 60 esse
869 2655 68 60 rei
908 2655 58 60 et
927 2655 106 60 econverso

122 2708 67 62 Et
155 2708 78 62 non
200 2708 89 62 esse
255 2708 78 62 rei
299 2708 177 62 concomitatur
443 2708 133 62 falsitas
543 2708 188 62 propositionis
698 2708 67 62 et
732 2708 144 62 econverso
842 2708 89 62 quod
898 2708 111 62 quidem
964 2708 78 62 tatet

119 2746 60 64 in
149 2746 120 64 qualibet
239 2746 120 64 materia:
329 2746 60 64 et
358 2746 60 64 in
388 2746 140 64 cuiuslibet
498 2746 120 64 temporis
588 2746 190 64 propositionibus
748 2746 130 64 secundum.
847 2746 60 64 P.
877 2746 60 64 vt
907 2746 90 64 supra
957 2746 80 64 patet.

130 2790 111 73 Sumo
199 2790 111 73 ergo
268 2790 124 73 istam
351 2790 152 73 gratia.
462 2790 166 73 exempli.
586 2790 221 73 antichristus
766 2790 124 73 erit.
849 2790 83 73 Et
890 2790 124 73 arguo
959 2790 83 73 sic.

121 2828 99 72 hec
177 2828 99 72 est
234 2828 127 72 vera.
318 2828 99 72 aut
374 2828 99 72 non
431 2828 127 72 vera.
515 2828 84 72 si
557 2828 99 72 est
614 2828 113 72 vera
684 2828 127 72 habeo
769 2828 211 72 propositum.
937 2828 84 72 si
966 2828 70 72 non

111 2882 94 61 tunc
170 2882 94 61 sic:
228 2882 152 61 sequitur.
345 2882 94 61 hec.
404 2882 187 61 antichristus
556 2882 94 61 erit
615 2882 82 61 non
661 2882 82 61 est
708 2882 105 61 vera:
778 2882 94 61 ergo
837 2882 187 61 antichristus
977 2882 59 61 non

121 2926 96 64 erit.
186 2926 64 64 et
218 2926 150 64 antecedens
335 2926 75 64 est
378 2926 96 64 verum
442 2926 75 64 per
485 2926 182 64 responsionem.
635 2926 86 64 ergo
689 2926 64 64 et
721 2926 150 64 consequens
839 2926 86 64 erit
892 2926 107 64 verum.
956 2926 86 64 vltra.

116 2961 96 67 ergo
176 2961 84 67 hec
224 2961 84 67 est
272 2961 108 67 falsa
344 2961 192 67 antichristus
499 2961 108 67 erit:
571 2961 84 67 per
619 2961 108 67 legem
691 2961 251 67 contradictoriarum
906 2961 84 67 qua
954 2961 84 67 et.
990 2961 36 67 P

113 3010 111 58 supra
187 3010 74 58 in
223 3010 135 58 secunda
322 3010 185 58 conceusione
469 3010 98 58 vsus
531 3010 98 58 est:
592 3010 160 58 videlibet
715 3010 74 58 si
752 3010 86 58 vna
802 3010 86 58 est
851 3010 98 58 vera
900 3010 123 58 relioqua

128 3051 68 67 est
167 3051 68 67 fla
206 3051 59 67 et
236 3051 127 67 econverso
333 3051 59 67 et
362 3051 68 67 sic
401 3051 107 67 habetur
479 3051 137 67 propositum
587 3051 117 67 scilicet
674 3051 78 67 quod
723 3051 78 67 hec.
772 3051 156 67 antichristus
899 3051 78 67 erit
947 3051 68 67 est
977 3051 59 67 vera

1123 293 89 68 vel
1174 293 126 68 falsa.
1262 293 101 68 quia
1326 293 164 68 sequitur.
1452 293 89 68 hec
1503 293 89 68 est
1553 293 126 68 falsa.
1642 293 101 68 ergo
1705 293 89 68 est
1756 293 101 68 vera
1819 293 89 68 vel
1870 293 126 68 falsa.
1945 293 89 68 Simi-

1117 335 127 75 liter
1201 335 84 75 ex
1244 335 113 75 alio
1314 335 155 75 habetur
1427 335 183 75 intentum.
1567 335 113 75 quia
1638 335 169 75 opposita
1765 335 99 75 est
1821 335 99 75 vna
1863 335 169 75 singularis

1125 383 71 68 de
1161 383 130 68 futuro:
1255 383 71 68 et
1291 383 83 68 est
1338 383 95 68 vera
1398 383 71 68 vt
1433 383 154 68 conclusum
1551 383 83 68 est
1599 383 95 68 quod
1658 383 107 68 autem
1729 383 154 68 sequatur.
1848 383 83 68 hec
1895 383 83 68 non
1942 383 83 68 est
1978 383 59 68 ve-

1126 425 62 72 ra
1157 425 166 72 antichristus
1292 425 93 72 erit.
1354 425 83 72 ergo
1406 425 166 72 antichristus
1541 425 73 72 non
1582 425 93 72 erit.
1644 425 93 72 sicut
1706 425 135 72 assumptum
1810 425 73 72 est
1852 425 93 72 primo
1914 425 93 72 patet
1966 425 62 72 quia

1123 465 62 77 ex
1154 465 125 77 opposito
1247 465 167 77 consequentis
1383 465 125 77 sequitur
1476 465 135 77 oppositum
1581 465 177 77 antecedentis.
1726 465 125 77 sequitur
1820 465 83 77 enim
1872 465 73 77 per
1903 465 125 77 principium

1110 516 177 60 assumptum
1246 516 82 60 de
1287 516 122 60 mutua
1369 516 218 60 consequentia
1546 516 95 60 rei
1600 516 82 60 ad
1641 516 150 60 vitatem
1749 516 245 60 propositionis.
1940 516 95 60 anti-

1127 554 126 67 christus
1221 554 94 67 erit.
1284 554 84 67 ergo
1336 554 73 67 hec
1378 554 73 67 est
1420 554 84 67 vera
1472 554 167 67 antichristus
1608 554 94 67 erit.
1671 554 63 67 et
1702 554 73 67 per
1744 554 147 67 consequens
1859 554 157 67 contradicit
1974 554 63 67 illi

1112 607 171 58 antecedenti.
1273 607 64 58 2o
1305 607 64 58 ex
1337 607 96 58 eodem
1401 607 139 58 principio
1509 607 96 58 arguo
1573 607 86 58 sic.
1626 607 75 58 aut
1669 607 75 58 hec
1712 607 150 58 propositio
1830 607 171 58 antichristus
1969 607 86 58 erit
2012 607 32 58 :

1113 643 85 63 est
1162 643 110 63 vera.
1235 643 73 63 et
1271 643 110 63 habeo
1345 643 183 63 propositum.
1491 643 85 63 aut
1540 643 98 63 non:
1601 643 73 63 et
1638 643 98 63 tunc
1699 643 122 63 arguo.
1784 643 73 63 si
1821 643 85 63 hec
1869 643 85 63 non
1918 643 85 63 est
1955 643 73 63 vera

1119 682 96 69 ergo
1179 682 191 69 antichristus
1334 682 84 69 non
1382 682 108 69 erit.
1454 682 108 69 patet
1526 682 72 69 ex
1562 682 132 69 proxima
1657 682 167 69 probatione
1789 682 84 69 per
1837 682 108 69 illud
1896 682 132 69 assumptum

1123 735 69 64 et
1157 735 103 64 vltra
1226 735 80 64 per
1272 735 126 64 aliquod
1363 735 126 64 primium
1455 735 92 64 quia
1513 735 138 64 scilicet
1616 735 80 64 non
1662 735 92 64 esse
1719 735 80 64 rei
1765 735 184 64 concomitatur
1903 735 126 64 falsitas.

1114 770 65 73 in
1147 770 206 73 propositionibus
1320 770 141 73 sequitur.
1429 770 174 73 antichristus
1570 770 76 73 non
1613 770 98 73 erit.
1679 770 87 73 ergo
1733 770 76 73 hec
1776 770 76 73 est
1820 770 98 73 falsa
1874 770 152 73 antichristus

1117 814 97 72 erit.
1182 814 86 72 ergo
1235 814 129 72 quicquid
1332 814 129 72 sequitur
1428 814 64 72 ad
1461 814 150 72 consequens
1579 814 129 72 sequitur
1675 814 64 72 ad
1707 814 161 72 antecedens.
1836 814 129 72 sequitur
1932 814 75 72 hec
1965 814 64 72 anti

1114 859 127 71 christus
1210 859 85 71 erit
1263 859 74 71 non
1305 859 74 71 est
1348 859 96 71 vera.
1412 859 85 71 ergo
1465 859 74 71 hec
1507 859 170 71 antichristus
1645 859 85 71 erit
1698 859 74 71 est
1740 859 106 71 falsa:
1815 859 64 71 et
1847 859 64 71 si
1878 859 74 71 sic
1921 859 85 71 ergo
1963 859 64 71 eius

1113 905 149 61 opposita
1224 905 87 61 est
1274 905 112 61 vera.
1348 905 74 61 Et
1385 905 74 61 ex
1423 905 99 61 eode
1485 905 161 61 principio
1609 905 149 61 sequitur
1720 905 74 61 si
1758 905 87 61 non
1807 905 136 61 vtraque
1894 905 124 61 secundum

1106 943 70 72 se
1141 943 82 72 sit
1188 943 93 72 vera
1246 943 82 72 vel
1293 943 117 72 falsa.
1374 943 70 72 et
1409 943 82 72 sic
1456 943 210 72 contradictorie
1631 943 105 72 erunt
1701 943 105 72 simul
1771 943 93 72 vere
1829 943 70 72 et
1864 943 105 72 simul
1934 943 117 72 false:

1118 990 94 66 quod
1177 990 83 66 est
1224 990 177 66 simpliciter
1366 990 118 66 falsum
1448 990 71 66 et
1484 990 200 66 inconueniens.
1649 990 83 66 et.
1696 990 71 66 P.
1731 990 94 66 met.
1790 990 71 66 in
1826 990 83 66 hac
1873 990 130 66 materia
1955 990 71 66 repu

1113 1036 74 58 tat
1156 1036 74 58 eta
1198 1036 169 58 impossibile:
1335 1036 63 58 vt
1366 1036 95 58 patet
1430 1036 63 58 in
1461 1036 147 58 probatione
1577 1036 74 58 sue
1619 1036 116 58 secunde
1703 1036 169 58 conclusionis
1840 1036 84 58 quod
1893 1036 95 58 autem
1946 1036 84 58 vtrum-

1108 1077 80 74 que
1153 1077 137 74 sequatur
1256 1077 114 74 probo.
1336 1077 68 74 et
1370 1077 68 74 vt
1404 1077 125 74 breuius
1495 1077 91 74 fiat
1552 1077 80 74 sit
1598 1077 68 74 a.
1632 1077 91 74 ista
1689 1077 160 74 propositio
1814 1077 182 74 antichristus
1951 1077 80 74 erit.

1113 1121 70 67 et
1148 1121 81 67 sit
1195 1121 70 67 b.
1229 1121 139 67 opposita
1334 1121 139 67 scilicet
1438 1121 186 67 antichristus
1589 1121 81 67 non
1635 1121 104 67 erit.
1705 1121 70 67 et
1740 1121 81 67 ita
1786 1121 70 67 in
1821 1121 174 67 sequentibus
1948 1121 70 67 sup-

1100 1166 132 62 ponant
1192 1166 79 62 a.
1232 1166 79 62 et
1272 1166 79 62 b.
1311 1166 93 62 pro
1364 1166 119 62 illis
1443 1166 264 62 propositionibus.
1668 1166 106 62 tunc
1734 1166 106 62 sic.
1800 1166 79 62 a.
1840 1166 93 62 non
1893 1166 93 62 est
1932 1166 93 62 vera.

1100 1213 101 60 ergo
1164 1213 76 60 a.
1201 1213 88 60 est
1252 1213 126 60 falsa.
1341 1213 114 60 patet
1416 1213 76 60 ex
1454 1213 177 60 praemissis
1593 1213 190 60 rationibus.
1745 1213 101 60 Item
1808 1213 76 60 b.
1846 1213 88 60 non
1897 1213 88 60 est
1935 1213 88 60 vera.

1101 1246 99 66 ergo
1162 1246 74 66 b.
1199 1246 86 66 est
1249 1246 124 66 falsa.
1335 1246 111 66 patet
1409 1246 111 66 eodem
1484 1246 99 66 modo
1545 1246 74 66 et
1582 1246 86 66 sic
1632 1246 99 66 ambe
1694 1246 124 66 false.
1780 1246 74 66 Et
1817 1246 148 66 vlterius
1928 1246 99 66 sic.
1978 1246 49 66 a.

1100 1299 93 61 est
1153 1299 134 61 falsa.
1247 1299 107 61 ergo
1313 1299 93 61 per
1367 1299 120 61 legem
1447 1299 280 61 contradictoriarum
1687 1299 80 61 b.
1727 1299 93 61 est
1781 1299 120 61 vera.
1861 1299 80 61 et
1901 1299 93 61 per
1941 1299 80 61 idem

1107 1333 159 62 sequitur.
1229 1333 73 62 b.
1266 1333 86 62 est
1315 1333 122 62 falsa.
1400 1333 98 62 ergo
1461 1333 73 62 a.
1498 1333 86 62 est
1547 1333 110 62 vera.
1620 1333 73 62 et
1657 1333 86 62 sic
1706 1333 98 62 ambe
1767 1333 110 62 simul
1841 1333 110 62 vere:
1914 1333 73 62 et
1938 1333 86 62 ambe-

1098 1377 122 70 simul
1180 1377 135 70 false.
1301 1377 81 70 2o
1342 1377 81 70 ad
1383 1377 108 70 idem
1450 1377 81 70 ex
1491 1377 108 70 alio
1558 1377 176 70 principio
1694 1377 176 70 verissimo
1829 1377 81 70 et
1856 1377 176 70 firmissimo:

1112 1423 174 68 videlibet
1245 1423 107 68 quod
1312 1423 254 68 contradictionis
1527 1423 94 68 non
1580 1423 94 68 est
1634 1423 107 68 dare
1701 1423 134 68 medium
1794 1423 94 68 per
1835 1423 187 68 abnegationem

1109 1470 107 66 quod
1175 1470 120 66 idem.
1255 1470 80 66 P.
1295 1470 120 66 dicit
1376 1470 107 66 esse
1442 1470 187 66 verissimum
1589 1470 80 66 4o
1629 1470 120 66 meta.
1709 1470 120 66 iuxta
1789 1470 133 66 finem:
1883 1470 80 66 et
1909 1470 107 66 negan-

1099 1515 89 61 tes
1150 1515 89 61 hoc
1201 1515 102 61 ipse
1265 1515 153 61 improbat
1379 1515 140 61 ibidem.
1481 1515 102 61 Unde
1545 1515 153 61 postquam
1659 1515 153 61 probauit
1774 1515 229 61 contradictoria
1952 1515 64 61 non

1095 1564 171 58 contingere
1229 1564 98 58 esse
1290 1564 110 58 simul
1363 1564 98 58 vera
1424 1564 110 58 satis
1497 1564 98 58 cito
1558 1564 134 58 subdit.
1656 1564 73 58 at
1693 1564 98 58 vero
1754 1564 85 58 nec
1802 1564 220 58 contradictonis
1973 1564 49 58 me

1102 1596 116 64 dium
1174 1596 130 64 nihil
1261 1596 116 64 esse
1333 1596 202 64 contingit:
1492 1596 101 64 sed
1550 1596 231 64 necessarium.
1737 1596 101 64 aut
1795 1596 145 64 dicere
1896 1596 101 64 aut
1940 1596 72 64 ne-

1099 1644 113 62 gare
1169 1644 113 62 vnum
1240 1644 85 62 de
1282 1644 99 62 vno
1339 1644 198 62 quodcumque
1494 1644 99 62 sit
1550 1644 141 62 illud.
1649 1644 113 62 Item
1720 1644 85 62 in
1762 1644 183 62 proposita
1889 1644 127 62 materia

1114 1687 90 61 vult
1170 1687 90 61 idem
1226 1687 158 61 principium
1350 1687 90 61 esse
1407 1687 113 61 verum.
1486 1687 90 61 Unde
1542 1687 68 61 in
1576 1687 68 61 2a
1610 1687 169 61 conclusione
1745 1687 101 61 dicit
1813 1687 68 61 et
1847 1687 113 61 probat
1926 1687 90 61 quod
1971 1687 56 61 non

1108 1736 100 55 vere
1171 1736 138 55 diciter
1271 1736 75 55 de
1309 1736 125 55 aliquo
1396 1736 188 55 contingenti
1546 1736 113 55 neque
1622 1736 100 55 erit
1684 1736 113 55 neque
1759 1736 88 55 non
1809 1736 113 55 erit.
1884 1736 75 55 Ex
1922 1736 88 55 hoc
1959 1736 63 55 ar-

1098 1777 113 63 guitur
1177 1777 90 63 sic.
1233 1777 170 63 impossibile
1369 1777 79 63 est
1414 1777 90 63 esse
1471 1777 113 63 medium
1550 1777 79 63 hoc
1595 1777 90 63 modo
1652 1777 102 63 inter
1720 1777 204 63 contradictoria
1889 1777 124 63 aliqua.
1968 1777 57 63 er-

1107 1819 71 61 go
1143 1819 179 61 impossibile
1286 1819 83 61 est
1333 1819 131 61 aliquam
1429 1819 202 61 propositionem
1595 1819 95 61 esse
1655 1819 107 61 neque
1726 1819 107 61 veram
1798 1819 107 61 neque
1869 1819 131 61 falsam.
1953 1819 71 61 ergo

1096 1867 67 53 a.
1129 1867 78 53 non
1174 1867 78 53 est
1218 1867 100 53 neque
1284 1867 89 53 vera
1340 1867 100 53 neque
1406 1867 111 53 falsa.
1484 1867 67 53 et
1517 1867 78 53 per
1562 1867 155 53 consequens
1683 1867 78 53 est
1728 1867 89 53 vera
1783 1867 78 53 vel
1828 1867 111 53 falsa.
1905 1867 67 53 et
1938 1867 78 53 ita
1972 1867 44 53 de

1088 1901 73 61 b.
1124 1901 73 61 et
1161 1901 73 61 de
1197 1901 145 61 qualibet
1306 1901 157 61 singulari
1427 1901 182 61 demonstrata
1572 1901 121 61 potest
1657 1901 145 61 inferri.
1766 1901 133 61 Secunda
1851 1901 169 61 consequentia

1092 1940 124 68 patens
1179 1940 99 68 est.
1241 1940 75 68 et
1278 1940 124 68 primam
1365 1940 112 68 probo
1440 1940 112 68 sicut
1514 1940 99 68 ipse
1576 1940 199 68 philosophus.
1738 1940 87 68 vbi
1788 1940 112 68 supra
1862 1940 124 68 quarto
1937 1940 87 68 meta.

1088 1999 128 50 probat
1178 1999 192 50 antecedens.
1332 1999 115 50 sumit
1408 1999 102 50 enim
1472 1999 90 50 pro
1524 1999 166 50 principio
1652 1999 218 50 diffinitionem
1831 1999 102 50 veri
1895 1999 77 50 et
1921 1999 102 50 falsi.

1107 2036 134 53 dicens.
1204 2036 122 53 dicere
1290 2036 122 53 namque
1375 2036 85 53 ens
1424 2036 85 53 non
1473 2036 110 53 esse:
1546 2036 85 53 aut
1595 2036 85 53 hoc
1644 2036 61 53 c
1668 2036 146 53 scilicet
1778 2036 85 53 non
1827 2036 98 53 ens)
1888 2036 98 53 esse
1937 2036 73 53 fal-

1093 2070 115 69 sum.
1165 2070 101 69 aut
1222 2070 115 69 enim
1295 2070 101 69 ens
1352 2070 115 69 esse
1424 2070 101 69 aut
1482 2070 101 69 non
1540 2070 101 69 ens
1598 2070 101 69 non
1655 2070 115 69 esse
1727 2070 144 69 verum.
1828 2070 87 69 Ex
1872 2070 101 69 quo
1915 2070 101 69 patet

1099 2115 90 61 quod
1155 2115 146 61 quaelibet
1267 2115 157 61 propositio
1391 2115 146 61 enuncians
1503 2115 90 61 esse
1559 2115 90 61 quod
1616 2115 90 61 est:
1672 2115 79 61 vel
1717 2115 112 61 fuisse
1795 2115 90 61 quod
1851 2115 101 61 fuit:
1919 2115 79 61 aut
1953 2115 67 61 futu

1098 2167 82 58 rum
1145 2167 94 58 esse
1204 2167 94 58 quod
1262 2167 105 58 erit:
1332 2167 82 58 vel
1379 2167 82 58 non
1426 2167 94 58 esse
1484 2167 94 58 quod
1543 2167 82 58 non
1590 2167 94 58 est:
1648 2167 82 58 vel
1695 2167 82 58 non
1742 2167 117 58 fuisse
1824 2167 94 58 quod
1882 2167 82 58 non
1929 2167 105 58 fuit:

1089 2209 81 53 aut
1136 2209 81 53 non
1182 2209 93 53 fore
1240 2209 93 53 quod
1298 2209 81 53 non
1344 2209 104 53 erit:
1414 2209 81 53 est
1460 2209 104 53 vera.
1530 2209 104 53 secus
1599 2209 104 53 autem
1669 2209 81 53 est
1715 2209 116 53 falsa.
1796 2209 69 53 Si
1831 2209 93 53 ergo
1889 2209 81 53 sit
1923 2209 93 53 possi-

1098 2253 94 55 bile
1157 2253 129 55 aliquam
1251 2253 200 55 propositionem
1416 2253 94 55 esse
1474 2253 106 55 neque
1545 2253 106 55 veram
1615 2253 106 55 neque
1686 2253 106 55 flam:
1756 2253 82 55 sit
1803 2253 94 55 illa
1862 2253 118 55 gratia
1933 2253 82 55 exen-

1095 2287 82 64 pli
1142 2287 70 64 a.
1177 2287 93 64 tunc
1235 2287 117 64 arguo.
1317 2287 70 64 a.
1352 2287 82 64 non
1399 2287 82 64 est
1445 2287 93 64 vera
1504 2287 105 64 neque
1573 2287 117 64 falsa.
1655 2287 93 64 ergo
1713 2287 105 64 neque
1783 2287 187 64 antichristus
1923 2287 82 64 erit.

1093 2339 95 63 neque
1157 2339 168 63 antichristus
1293 2339 74 63 non
1336 2339 95 63 erit.
1399 2339 105 63 patet.
1472 2339 84 63 quia
1525 2339 63 63 si
1557 2339 74 63 non
1599 2339 126 63 sequitur
1693 2339 105 63 stabit
1767 2339 137 63 oppositum
1872 2339 126 63 scilicet
1956 2339 53 63 vel

1093 2377 178 75 antichristus
1238 2377 100 75 erit:
1305 2377 78 75 vel
1349 2377 178 75 antichristus
1494 2377 78 75 non
1539 2377 100 75 erit.
1606 2377 67 75 Si
1639 2377 111 75 igitur
1717 2377 178 75 antichristus
1862 2377 100 75 erit.
1929 2377 89 75 ergo
1973 2377 45 75 a.

1093 2426 129 54 enunciat
1190 2426 97 54 forte
1255 2426 97 54 illud
1319 2426 86 54 quod
1373 2426 97 54 erit.
1438 2426 65 54 et
1470 2426 75 54 per
1513 2426 151 54 consequens
1632 2426 75 54 est
1675 2426 97 54 vera.
1740 2426 65 54 et
1772 2426 129 54 repugnat
1858 2426 151 54 antecedenti.

1083 2460 69 72 Si
1118 2460 92 72 vero
1176 2460 184 72 antichristus
1325 2460 81 72 non
1371 2460 104 72 erit.
1440 2460 92 72 ergo
1498 2460 92 72 ipsa
1555 2460 81 72 est
1601 2460 115 72 falsa.
1682 2460 92 72 quia
1739 2460 138 72 enunciat
1843 2460 92 72 fore
1900 2460 92 72 quod
1946 2460 58 72 non

1092 2506 84 65 erit:
1148 2506 75 65 quod
1194 2506 65 65 est
1232 2506 140 65 antecedenti
1343 2506 121 65 repugnat.
1437 2506 56 65 et
1465 2506 65 65 per
1502 2506 131 65 consequens
1605 2506 93 65 primum
1670 2506 131 65 consequens
1773 2506 131 65 sequebatur
1875 2506 112 65 scilicet
1950 2506 65 65 neque

1087 2548 211 76 antichristus
1258 2548 106 76 erit
1324 2548 119 76 neque
1404 2548 211 76 antichristus
1575 2548 92 76 non
1628 2548 119 76 erit.
1707 2548 79 76 Ex
1747 2548 92 76 quo
1800 2548 119 76 vltra
1866 2548 145 76 sequitur.

1082 2595 195 67 antichristus
1241 2595 110 67 neque
1314 2595 98 67 erit
1375 2595 110 67 neque
1448 2595 85 67 non
1497 2595 110 67 erit.
1570 2595 98 67 ergo
1631 2595 134 67 habetur
1729 2595 122 67 medium
1815 2595 73 67 in
1839 2595 171 67 contradictio

1084 2640 90 62 ne.
1162 2640 155 62 Forsitan
1278 2640 155 62 concedet
1394 2640 103 62 quis
1458 2640 116 62 istam
1536 2640 232 62 consequentiam.
1729 2640 77 62 a.
1768 2640 90 62 non
1819 2640 90 62 est
1871 2640 103 62 vera
1923 2640 90 62 neque

1080 2681 119 66 falsa:
1163 2681 95 66 ergo
1223 2681 107 66 neque
1294 2681 190 66 antichristus
1449 2681 95 66 erit
1508 2681 107 66 neque
1580 2681 190 66 antichristus
1734 2681 83 66 non
1782 2681 107 66 erit:
1853 2681 83 66 sed
1889 2681 107 66 vlterio

1082 2731 102 58 rem
1141 2731 160 58 negabit
1257 2731 87 58 in
1300 2731 102 58 qua
1358 2731 174 58 infertur
1489 2731 116 58 ista
1562 2731 218 58 cathegorica
1736 2731 87 58 de
1779 2731 203 58 praedicato
1924 2731 73 58 co-

1085 2767 132 69 pulato
1177 2767 212 69 antichristus
1349 2767 119 69 neque
1429 2767 106 69 erit
1495 2767 119 69 neque
1574 2767 93 69 non
1627 2767 119 69 erit.
1733 2767 146 69 Contra.
1839 2767 119 69 primo
1905 2767 106 69 quidem

1091 2813 77 61 ex
1130 2813 154 61 concesso
1246 2813 142 61 habetur
1349 2813 193 61 propositum:
1503 2813 103 61 quia
1567 2813 116 61 exquo
1645 2813 103 61 ista
1709 2813 90 61 est
1760 2813 219 61 impossibilis.
1928 2813 64 61 ne-

1092 2861 78 56 que
1136 2861 178 56 antichristus
1281 2861 89 56 erit
1337 2861 100 56 neque
1404 2861 178 56 antichristus
1549 2861 78 56 non
1593 2861 100 56 erit.
1660 2861 89 56 ergo
1716 2861 89 56 ista
1771 2861 67 56 ex
1805 2861 78 56 qua
1849 2861 134 56 sequitur
1938 2861 56 56 est

1081 2898 178 62 impossibilis:
1227 2898 84 62 quod
1279 2898 73 62 est
1321 2898 157 62 propositum.
1446 2898 84 62 quod
1498 2898 94 62 autem
1561 2898 73 62 hec
1603 2898 73 62 sit
1645 2898 178 62 impossibilis.
1791 2898 104 62 patet:
1864 2898 84 62 quia
1916 2898 63 62 ex
1937 2898 63 62 ipsa

1073 2944 139 69 sequitur
1177 2944 92 69 quod
1235 2944 127 69 vtraque
1328 2944 208 69 contradictoria
1501 2944 81 69 sit
1547 2944 116 69 falsa.
1628 2944 104 69 sicut
1698 2944 104 69 etiam
1767 2944 104 69 patet
1836 2944 81 69 per
1871 2944 127 69 probatio-

1076 2992 82 60 nem
1123 2992 176 60 philosophi.
1264 2992 70 60 ac
1299 2992 82 60 etm
1346 2992 117 60 Boetii
1427 2992 105 60 supra
1498 2992 70 60 in
1533 2992 105 60 prima
1603 2992 129 60 ratione
1697 2992 129 60 secunde
1790 2992 199 60 conclusionis.
1942 2992 59 60 il-

1077 3029 87 66 lud
1126 3029 112 66 autem
1201 3029 149 66 repugnat
1312 3029 112 66 primo
1387 3029 161 66 principio
1511 3029 74 66 ac
1548 3029 112 66 etiam
1622 3029 112 66 ipsi.
1697 3029 74 66 P.
1734 3029 124 66 quarto
1821 3029 112 66 meta.
1895 3029 74 66 ac
1920 3029 87 66 etiam

1092 3078 80 59 vbi
1137 3078 103 59 supra
1206 3078 80 59 qui
1252 3078 126 59 reputat
1344 3078 172 59 impossibile
1481 3078 92 59 quod
1539 3078 69 59 si
1573 3078 80 59 vna
1619 3078 241 59 contradictoriarum
1825 3078 80 59 sit
1871 3078 92 59 vera
1917 3078 80 59 reli
