2435 3555
326 288 96 66 pro
381 288 96 66 quo
436 288 165 66 enunciat
560 288 151 66 aliquid
669 288 110 66 fore
738 288 96 66 vel
793 288 96 66 non
848 288 124 66 fore.
930 288 96 66 hoc
985 288 124 66 patet
1068 288 110 66 quia
1136 288 82 66 si
1164 288 82 66 pro-

327 337 185 64 quocumque
469 337 171 64 instanti
598 337 114 64 ante
669 337 128 64 illud
754 337 100 64 pro
811 337 100 64 quo
868 337 171 64 enunciat
997 337 143 64 aliqua
1096 337 128 64 talis
1168 337 71 64 pro

323 378 134 65 positio
420 378 85 65 sit
469 378 110 65 vera:
543 378 147 65 sequitur
653 378 98 65 quod
714 378 122 65 numque
799 378 110 65 prius
872 378 98 65 fuit
933 378 122 65 falsa:
1019 378 85 65 sed
1068 378 73 65 si
1104 378 98 65 fuit
1153 378 98 65 quando

336 421 137 57 cumque
432 421 123 57 fuit:
514 421 109 57 fuit
583 421 123 57 vera.
665 421 82 57 et
706 421 82 57 si
747 421 96 57 pro
802 421 137 57 aliquo
897 421 164 57 instanti
1020 421 109 57 ante
1089 421 123 57 illud
1157 421 96 57 poni-

330 464 79 63 tur
375 464 90 63 esse
431 464 112 63 falsa.
510 464 157 63 consequens
633 464 79 63 est
678 464 90 63 quod
735 464 124 63 numquam
825 464 101 63 antea
892 464 90 63 fuit
948 464 101 63 vera:
1016 464 79 63 sed
1061 464 67 63 si
1095 464 90 63 fuit
1140 464 112 63 quaesdo-

323 509 145 57 cumque
425 509 131 57 fuit:
512 509 116 57 fuit
585 509 145 57 falsa.
687 509 87 57 et
731 509 116 57 ista
803 509 145 57 patent
905 509 87 57 ex
949 509 160 57 secunda
1050 509 204 57 conclusione.

331 550 77 64 â‹
361 550 153 64 Dctaua
469 550 215 64 propositio
637 550 107 64 est
699 550 123 64 quod
775 550 92 64 si
822 550 123 64 illa
898 550 215 64 propositio
1067 550 169 64 dicatur
1174 550 77 64 mu-

335 602 202 50 tabiliter
490 602 124 50 vera
567 602 109 50 que
629 602 155 50 potest
738 602 155 50 mutari
846 602 93 50 de
893 602 186 50 veritate
1032 602 93 50 in
1063 602 186 50 falsitatem

326 637 114 58 seu
391 637 146 58 magis
488 637 178 58 proprie
618 637 195 58 loquendo
764 637 114 58 que
828 637 162 58 potest
942 637 130 58 esse
1023 637 130 58 vera
1104 637 97 58 et
1137 637 114 58 falsa

327 681 214 62 successiue:
498 681 100 62 sic
555 681 114 62 quod
626 681 185 62 aliquando
768 681 128 62 verum
853 681 100 62 sit
910 681 142 62 dicere
1010 681 85 62 de
1053 681 128 62 ipsa.
1138 681 100 62 hec
1181 681 71 62 est

334 727 127 57 falsa:
423 727 76 57 et
461 727 114 57 prius
538 727 102 57 fuit
601 727 114 57 vera.
677 727 102 57 illa
741 727 102 57 vero
804 727 140 57 dicatur
906 727 216 57 immutabiliter
1084 727 102 57 vera
1147 727 89 57 que
1185 727 64 57 non

335 770 86 61 sic
384 770 123 61 mutari
470 770 135 61 potest.
568 770 74 61 et
604 770 184 61 simpliciter
752 770 110 61 falsa
825 770 135 61 dicatur
923 770 208 61 immutabiliter
1095 770 110 61 falsa
1168 770 74 61 in
1193 770 49 61 eo

325 809 111 64 dem
389 809 159 64 sensu:
500 809 191 64 quelibet
643 809 223 64 propositio
818 809 159 64 talium
929 809 238 64 affirmatiua
1120 809 127 64 vera
1184 809 79 64 est

330 856 208 61 simpliciter
497 856 167 61 loquendo
622 856 208 61 mutabiliter
789 856 125 61 vera:
872 856 83 61 et
914 856 167 61 quelibet
1039 856 167 61 negatiua
1150 856 111 61 falsa:

338 903 92 54 est
390 903 197 54 mutabiliter
548 903 131 54 falsa:
639 903 197 54 affirmatiua
797 903 105 54 vero
862 903 118 54 falsa
941 903 92 54 est
993 903 223 54 immutabiliter
1163 903 79 54 fal-

329 944 81 55 sa.
376 944 69 55 et
410 944 138 55 negatiua
514 944 92 55 vera
571 944 81 55 est
617 944 196 55 immutabiliter
778 944 104 55 vera.
847 944 69 55 Et
882 944 104 55 patet
951 944 69 55 ex
985 944 104 55 sexta
1054 944 184 55 conclusione.
1192 944 58 55 Non

330 988 178 58 simpliciter
472 988 107 58 autem
543 988 154 58 loquendo:
662 988 83 58 sed
709 988 83 58 cum
757 988 213 58 determinatione
934 988 142 58 scilicet
1041 988 95 58 quod
1100 988 83 58 sit
1147 988 95 58 vera
1195 988 59 58 vel

330 1029 139 57 falsa
422 1029 231 57 mutabiliter
607 1029 123 57 ante
684 1029 139 57 illud
776 1029 169 57 instans
899 1029 108 57 pro
961 1029 108 57 quo
1022 1029 185 57 enuciat.
1145 1029 108 57 idest

333 1079 113 59 quod
403 1079 141 59 possit
502 1079 113 59 esse
573 1079 198 59 successiue
728 1079 113 59 vera
799 1079 85 59 et
841 1079 141 59 falsa.
940 1079 99 59 aut
997 1079 127 59 falsa
1081 1079 85 59 et
1124 1079 113 59 vera
1180 1079 85 59 ante

323 1123 167 55 instans
444 1123 151 55 illud.
550 1123 106 55 Sic
611 1123 121 55 enim
686 1123 121 55 dico
762 1123 121 55 quod
838 1123 136 55 nulla
929 1123 106 55 est
989 1123 227 55 mutabiliter
1156 1123 106 55 vera:

330 1161 87 60 vel
379 1161 112 60 falsa
454 1161 87 60 sed
504 1161 150 60 quelibet
616 1161 100 60 vera
678 1161 87 60 est
728 1161 212 60 immutabiliter
903 1161 112 60 vera.
977 1161 75 60 et
1015 1161 150 60 quelibet
1127 1161 112 60 falsa
1189 1161 75 60 immu

338 1206 153 60 tabiliter
456 1206 118 60 falsa.
539 1206 71 60 et
574 1206 106 60 totum
645 1206 106 60 patet
716 1206 71 60 ex
751 1206 130 60 septima
845 1206 189 60 conclusione.
999 1206 59 60 â‹
1022 1206 71 60 Ex
1058 1206 165 60 praedictis
1175 1206 83 60 etiam

332 1250 122 65 patet.
417 1250 86 65 quo
466 1250 110 65 tales
540 1250 208 65 propositiones
711 1250 134 65 possunt
809 1250 147 65 incipere
919 1250 98 65 esse
980 1250 98 65 vere
1041 1250 86 65 vel
1090 1250 122 65 false:
1175 1250 73 65 et
1200 1250 61 65 quo

341 1301 77 54 non
385 1301 132 54 possunt.
484 1301 77 54 Nam
528 1301 77 54 sic
572 1301 110 54 aliqua
649 1301 154 54 propositio
770 1301 110 54 potest
848 1301 77 54 vel
892 1301 77 54 non
936 1301 110 54 potest
1013 1301 88 54 esse
1068 1301 88 54 vera
1123 1301 132 54 postquam
1211 1301 55 54 fu-

338 1341 75 54 it
375 1341 87 54 non
425 1341 112 54 vera.
500 1341 87 54 aut
549 1341 125 54 falsa.
637 1341 150 54 postquam
749 1341 100 54 fuit
811 1341 87 54 non
861 1341 125 54 falsa.
948 1341 87 54 sic
998 1341 125 54 potest
1085 1341 150 54 incipere
1185 1341 75 54 esse

338 1382 105 51 vera
404 1382 92 51 vel
456 1382 131 51 falsa.
548 1382 197 51 affirmatiua
706 1382 118 51 autem
785 1382 131 51 potest
877 1382 105 51 esse
943 1382 118 51 falsa
1021 1382 158 51 postquam
1140 1382 105 51 fuit
1192 1382 66 51 non

340 1423 108 61 falsa.
416 1423 86 61 quia
470 1423 108 61 potest
545 1423 86 61 esse
599 1423 97 61 falsa
664 1423 130 61 postquam
761 1423 86 61 fuit
815 1423 97 61 vera.
880 1423 65 61 vt
913 1423 97 61 patet
977 1423 65 61 ex
1010 1423 97 61 sexta
1075 1423 173 61 conclusione.
1204 1423 65 61 ergo

341 1469 115 61 potest
422 1469 138 61 incipere
526 1469 92 61 esse
584 1469 115 61 falsa.
664 1469 69 61 et
699 1469 92 61 quia
757 1469 81 61 non
803 1469 115 61 potest
883 1469 92 61 esse
941 1469 104 61 vera.
1010 1469 138 61 postquam
1114 1469 92 61 fuit
1172 1469 81 61 non
1206 1469 58 61 ve-

345 1511 78 58 ra:
390 1511 67 58 vt
423 1511 112 58 ibidem
502 1511 112 58 patet.
580 1511 90 58 ideo
636 1511 78 58 non
681 1511 112 58 potest
759 1511 134 58 incipere
860 1511 90 58 esse
916 1511 101 58 vera.
983 1511 67 58 Et
1017 1511 112 58 simili
1095 1511 90 58 modo
1140 1511 123 58 probatur.

338 1555 98 62 quod
399 1555 147 62 negatiua
509 1555 122 62 potest
595 1555 147 62 incipere
705 1555 98 62 esse
766 1555 110 62 vera.
839 1555 73 62 et
876 1555 86 62 non
925 1555 122 62 potest
1010 1555 147 62 incipere
1120 1555 98 62 esse
1169 1555 98 62 falsa.

348 1604 66 53 Et
381 1604 132 53 aduerte.
480 1604 88 53 quod
535 1604 121 53 proprie
622 1604 77 53 non
666 1604 121 53 dicitur
754 1604 154 53 propositio
875 1604 132 53 incipere
974 1604 88 53 esse
1029 1604 88 53 vera
1083 1604 66 53 ex
1116 1604 77 53 hoc
1149 1604 110 53 praecise

349 1649 95 57 quod
409 1649 95 57 ipsa
468 1649 83 57 est
516 1649 107 57 vera:
587 1649 71 57 et
623 1649 83 57 non
671 1649 95 57 fuit
730 1649 107 57 prius
802 1649 107 57 vera.
873 1649 95 57 quia
933 1649 71 57 si
968 1649 131 57 nunquam
1064 1649 95 57 ipsa
1123 1649 95 57 fuit
1171 1649 95 57 prius.

345 1687 71 55 et
381 1687 94 55 modo
439 1687 94 55 sit:
498 1687 71 55 et
534 1687 82 55 sit
581 1687 106 55 vera.
651 1687 106 55 verum
722 1687 82 55 est
769 1687 94 55 quod
828 1687 94 55 ipsa
887 1687 82 55 est
934 1687 106 55 vera.
1005 1687 71 55 et
1040 1687 130 55 nunquam
1134 1687 106 55 prius
1193 1687 71 55 fuit

348 1734 99 52 vera.
414 1734 77 52 nec
458 1734 99 52 tamen
524 1734 143 52 quaelibet
634 1734 99 52 talis
700 1734 121 52 proprie
788 1734 121 52 dicitur
876 1734 132 52 incipere
975 1734 88 52 esse
1030 1734 99 52 vera:
1096 1734 77 52 sed
1140 1734 88 52 illa
1184 1734 88 52 tantum

338 1774 100 54 quae
400 1774 112 54 prius
475 1774 100 54 fuit
537 1774 87 54 non
587 1774 112 54 vera:
662 1774 87 54 aut
712 1774 75 54 si
749 1774 150 54 fuisset:
862 1774 137 54 fuisset
961 1774 87 54 non
1011 1774 112 54 vera.
1086 1774 150 54 alioquin
1186 1774 75 54 quae

337 1822 83 55 li
379 1822 83 55 et
420 1822 193 55 propositio
572 1822 110 55 vera
641 1822 152 55 nouiter
751 1822 152 55 formata
861 1822 179 55 diceretur
999 1822 165 55 incipere
1123 1822 110 55 esse
1178 1822 97 55 vera.

352 1865 69 50 et
386 1865 80 50 sic
432 1865 80 50 vna
478 1865 161 50 propositio
604 1865 161 50 geometrica
730 1865 149 50 inciperet
845 1865 92 50 esse
903 1865 103 50 vera.
971 1865 92 50 quod
1029 1865 103 50 tamen
1098 1865 69 50 in
1132 1865 126 50 communi
1213 1865 57 50 vsu

342 1906 167 53 loquendi
467 1906 167 53 absurdum
593 1906 195 53 diceretur.
746 1906 111 53 Quia
815 1906 111 53 vero
885 1906 111 53 ante
955 1906 153 53 instans
1066 1906 97 53 vel
1122 1906 139 53 tempus
1205 1906 56 53 fu

354 1952 107 56 turum
425 1952 83 56 pro
473 1952 83 56 quo
520 1952 142 56 enunciat
627 1952 166 56 propositio
757 1952 107 56 nulla
828 1952 107 56 talis
899 1952 118 56 potest
982 1952 95 56 esse
1041 1952 118 56 falsa.
1124 1952 142 56 postquam
1219 1952 47 56 fu

353 1999 73 54 it
389 1999 85 54 non
438 1999 122 54 falsa.
524 1999 85 54 aut
573 1999 110 54 vera.
646 1999 147 54 postquam
756 1999 98 54 fuit
817 1999 85 54 non
866 1999 110 54 vera.
939 1999 73 54 vt
976 1999 110 54 patet
1049 1999 73 54 ex
1086 1999 73 54 7a
1110 1999 171 54 conclusione:

355 2039 107 51 patet
427 2039 95 51 quod
486 2039 107 51 nulla
558 2039 119 51 potest
641 2039 95 51 ante
701 2039 107 51 illud
772 2039 131 51 instans
868 2039 83 51 vel
915 2039 119 51 tempus
999 2039 143 51 incipere
1106 2039 95 51 esse
1166 2039 95 51 vera
1213 2039 60 51 vel

351 2081 171 57 incipere
479 2081 114 57 esse
550 2081 143 57 falsa.
650 2081 71 57 â‹
679 2081 100 57 Sed
736 2081 143 57 contra
836 2081 143 57 potest
936 2081 143 57 argui.
1035 2081 157 57 sumendo
1135 2081 143 57 aliquam-

359 2126 59 51 t
383 2126 83 51 ale
430 2126 201 51 propositionem
596 2126 71 51 et
631 2126 83 51 sit
678 2126 118 51 gratia
761 2126 130 51 exempli
855 2126 71 51 b.
891 2126 95 51 sic.
950 2126 71 51 b.
985 2126 83 51 non
1033 2126 83 51 est
1080 2126 106 51 vera:
1151 2126 71 51 et
1174 2126 95 51 potest

353 2173 132 50 tante
442 2173 162 50 instans
559 2173 103 50 pro
618 2173 103 50 quo
677 2173 177 50 enunciat
810 2173 118 50 esse
883 2173 132 50 vera.
972 2173 118 50 ergo
1045 2173 88 50 b.
1089 2173 147 50 potest
1178 2173 88 50 ante

364 2212 80 55 llud
414 2212 110 55 instans
494 2212 120 55 incipere
584 2212 80 55 esse
634 2212 90 55 vera.
694 2212 140 55 Antecedens
804 2212 90 55 patet
865 2212 60 55 ex
895 2212 60 55 3a
925 2212 160 55 conclusione.
1055 2212 60 55 et
1085 2212 160 55 consequentia
1205 2212 70 55 taet:

347 2256 74 54 ex
384 2256 74 54 eo
421 2256 99 54 quod
483 2256 74 54 in
520 2256 136 54 aestete
619 2256 174 54 includitur
756 2256 136 54 vtraque
855 2256 149 54 exponens
966 2256 211 54 consequentis.
1140 2256 62 54 â‹
1165 2256 74 54 Et
1190 2256 74 54 pos-

353 2307 83 44 set
401 2307 83 44 sic
448 2307 166 44 confirmari
579 2307 202 44 consequentia.
745 2307 83 44 nam
793 2307 154 44 sequitur.
912 2307 71 44 b.
947 2307 83 44 non
995 2307 83 44 est
1042 2307 107 44 vera.
1114 2307 71 44 et
1149 2307 95 44 erit
1197 2307 71 44 ante

345 2350 123 50 illud
427 2350 150 50 instans
536 2350 123 50 vera.
618 2350 109 50 ergo
686 2350 82 50 b.
727 2350 109 50 ante
795 2350 123 50 illud
877 2350 150 50 instans
986 2350 150 50 incipit
1095 2350 95 50 vel
1136 2350 136 50 incipiet

345 2387 89 55 esse
400 2387 100 55 vera.
467 2387 89 55 ergo
522 2387 100 55 eodem
589 2387 89 55 modo
644 2387 144 55 sequitur.
755 2387 66 55 b.
788 2387 78 55 non
832 2387 78 55 est
876 2387 89 55 vera
932 2387 89 55 etc.
987 2387 89 55 ergo
1042 2387 111 55 potest
1120 2387 133 55 incipere
1209 2387 66 55 etc.

344 2429 59 53 â‹
368 2429 129 53 Respono
461 2429 70 53 ad
496 2429 117 53 primum
578 2429 129 53 concedo
672 2429 164 53 antecedens
801 2429 117 53 posito
883 2429 94 53 quod
941 2429 70 53 b.
976 2429 82 53 sit
1023 2429 164 53 propositio
1152 2429 117 53 falsa.
1222 2429 47 53 et

344 2485 89 45 nego
400 2485 190 45 consequentia.
556 2485 67 45 et
590 2485 78 45 est
635 2485 101 45 ratio
702 2485 89 45 quia
758 2485 89 45 esto
814 2485 89 45 quod
869 2485 89 45 iste
925 2485 112 45 essent
1004 2485 157 45 exponentes
1115 2485 157 45 consequentis

349 2527 79 46 qui
394 2527 102 46 tamen
462 2527 102 46 illud
530 2527 113 46 verbum
609 2527 113 46 potest
689 2527 79 46 non
734 2527 147 46 praecedit
847 2527 68 46 in
881 2527 170 46 antecedente
1017 2527 91 46 nisi
1074 2527 125 46 alteram
1165 2527 113 46 earum:
1233 2527 45 46 et

358 2564 68 50 in
392 2564 170 50 consequente
527 2564 147 50 praecedit
641 2564 102 50 illum
708 2564 170 50 infinitiuum
844 2564 147 50 incipere.
957 2564 68 50 et
991 2564 79 50 per
1036 2564 158 50 consequens
1150 2564 124 50 equiualet

360 2606 132 51 vtramque
459 2606 55 51 e
481 2606 143 51 xponentem
591 2606 187 51 consequentis:
745 2606 88 51 ideo
800 2606 77 51 per
844 2606 154 51 antecedens
965 2606 77 51 non
1009 2606 143 51 denotatur
1119 2606 88 51 quod
1163 2606 110 51 copulati

355 2648 76 62 ua
393 2648 76 62 de
431 2648 126 62 inesse
520 2648 164 62 composita
646 2648 76 62 ex
684 2648 114 62 illis
760 2648 202 62 exponentibus
925 2648 126 62 possit
1013 2648 101 62 esse
1076 2648 101 62 vera
1140 2648 101 62 ante
1190 2648 76 62 illi

357 2693 134 58 instans:
458 2693 78 58 sed
502 2693 101 58 solum
570 2693 146 58 denotatur
682 2693 90 58 quod
738 2693 78 58 vna
782 2693 123 58 illarum
872 2693 134 58 scilicet
973 2693 90 58 hec.
1029 2693 67 58 b.
1062 2693 78 58 est
1107 2693 101 58 vera.
1174 2693 78 58 sit
1208 2693 67 58 pos-

339 2736 137 52 sibilis
438 2736 100 52 ante
501 2736 112 52 illud
576 2736 150 52 instans.
688 2736 87 52 sed
738 2736 75 52 in
776 2736 187 52 consequente
925 2736 162 52 denotatur
1050 2736 100 52 quod
1113 2736 100 52 tota
1163 2736 112 52 copula-

346 2788 101 45 tiua
409 2788 126 45 possit
497 2788 101 45 esse
560 2788 101 45 vera
623 2788 101 45 ante
686 2788 113 45 illud
762 2788 151 45 instans.
875 2788 76 45 et
913 2788 101 45 ideo
976 2788 201 45 consequentia
1140 2788 88 45 non
1177 2788 101 45 valet.

357 2824 50 55 â‹
377 2824 60 55 Et
407 2824 70 55 per
446 2824 79 55 idem
496 2824 89 55 patet
556 2824 60 55 ad
586 2824 119 55 secundum
675 2824 79 55 quod
725 2824 89 55 prima
784 2824 159 55 consequentia
913 2824 89 55 cuius
973 2824 139 55 antecedens
1082 2824 60 55 et
1112 2824 139 55 consequens
1211 2824 60 55 sunt

347 2876 106 44 mere
413 2876 79 44 de
453 2876 132 44 inesse
545 2876 93 44 est
598 2876 119 44 bona.
678 2876 146 44 quamuis
784 2876 185 44 antecedens
930 2876 159 44 includat
1036 2876 238 44 incompossibilia.

351 2912 92 51 Unde
408 2912 126 51 secunda
499 2912 183 51 consequentia
648 2912 80 51 non
694 2912 103 51 valet
763 2912 80 51 nec
808 2912 137 51 sequitur
911 2912 69 51 ex
946 2912 103 51 prima
1014 2912 126 51 propter
1106 2912 114 51 causam
1174 2912 92 51 dictam

359 2952 73 49 sed
400 2952 83 49 bene
452 2952 135 49 sequitur:
556 2952 135 49 possibile
660 2952 73 49 est
701 2952 83 49 quod
753 2952 62 49 b.
784 2952 73 49 non
826 2952 73 49 sit
867 2952 93 49 vera:
929 2952 62 49 et
961 2952 83 49 erit
1013 2952 83 49 ante
1064 2952 93 49 illud
1127 2952 114 49 instans
1199 2952 73 49 vera.

353 2999 84 56 ergo
405 2999 63 56 b.
437 2999 105 56 potest
510 2999 126 56 incipere
605 2999 84 56 etc.
657 2999 74 56 sic
699 2999 95 56 tamen
762 2999 84 56 quod
815 2999 147 56 antecedens
930 2999 137 56 sumeretur
1035 2999 63 56 in
1067 2999 95 56 sensu
1130 2999 137 56 composito
1224 2999 42 56 et

343 3040 246 60 denotaretur
540 3040 148 60 totam
638 3040 246 60 copulatiuam
835 3040 214 60 sequentem
1000 3040 131 60 esse
1065 3040 214 60 possibilem:

1288 268 115 71 sed
1353 268 131 71 tunc
1435 268 131 71 tale
1517 268 230 71 antecedens
1698 268 115 71 est
1747 268 148 71 falsum.

1262 306 252 117 Quantum
1445 306 137 117 ad
1514 306 252 117 tertium
1697 306 298 117 articulum
1926 306 137 117 in
1995 306 160 117 quo
2064 306 183 117 viden-

1574 360 124 63 dum
1645 360 124 63 est
1716 360 106 63 an
1769 360 247 63 contingens
1963 360 124 63 est
2016 360 212 63 contingens

1293 402 163 68 quando
1407 402 131 68 est.
1489 402 114 68 vel
1554 402 163 68 quando
1668 402 114 68 non
1734 402 131 68 est:
1816 402 196 68 premitto
1963 402 131 68 quid
2028 402 196 68 intelligo-

1311 447 101 59 per
1368 447 101 59 hoc
1426 447 130 59 nomen
1513 447 217 59 contingens.
1687 447 87 59 Et
1730 447 116 59 dico
1802 447 130 59 iuxta
1889 447 203 59 sententiam
2034 447 188 59 philosophi.

1308 490 102 62 primo
1376 490 136 62 priorum.
1478 490 91 62 quod
1534 490 91 62 idem
1591 490 91 62 quod
1648 490 79 62 per
1693 490 91 62 hanc
1750 490 159 62 orationem.
1875 490 147 62 possibile
1988 490 79 62 non
2033 490 181 62 necessarium.
2169 490 57 62 Nam

1295 535 185 59 impossibile
1442 535 86 59 non
1492 535 135 59 dicimus
1590 535 185 59 contingere:
1738 535 111 59 neque
1812 535 98 59 etia
1873 535 185 59 necessarium
2021 535 98 59 nisi
2082 535 148 59 equiuoce
2181 535 49 59 vt

1291 575 93 63 ibi
1344 575 132 63 dicit.
1436 575 79 63 P.
1476 575 79 63 Et
1516 575 106 63 ideo
1582 575 185 63 diffiniens
1727 575 185 63 contingens
1873 575 106 63 ait.
1939 575 106 63 Dico
2005 575 119 63 autem
2071 575 159 63 contingere

1306 620 86 63 vel
1355 620 173 63 contingens
1491 620 99 63 quod
1552 620 86 63 cum
1601 620 86 63 non
1651 620 86 63 sit
1700 620 160 63 necessium
1823 620 123 63 posito
1910 620 123 63 inesse
1996 620 111 63 nihil
2070 620 99 63 erit
2131 620 86 63 per
2168 620 62 63 hoc

1303 665 154 67 impossibile.
1429 665 58 67 Et
1458 665 77 67 quia
1506 665 125 67 possibile
1602 665 106 67 dicitur
1680 665 68 67 quo
1718 665 96 67 posito
1786 665 68 67 non
1824 665 116 67 sequitur
1911 665 154 67 impossibile.
2037 665 77 67 idem
2085 665 68 67 est
2124 665 68 67 hoc
2152 665 68 67 totum

1298 711 96 58 dictu
1362 711 85 58 quod
1415 711 149 58 contingens
1532 711 74 58 est
1575 711 85 58 quod
1628 711 74 58 cum
1671 711 74 58 non
1713 711 74 58 sit
1756 711 138 58 necessium
1862 711 74 58 est
1905 711 149 58 possibile.
2022 711 74 58 Est
2064 711 85 58 ergo
2107 711 117 58 diffiniti

1311 751 143 61 potingentis
1426 751 67 61 non
1464 751 134 61 necessirum
1570 751 124 61 possibile
1665 751 67 61 vel
1703 751 124 61 econverso
1799 751 124 61 possibile
1894 751 67 61 non
1933 751 134 61 necessium.
2038 751 86 61 sicut
2095 751 76 61 ergo
2143 751 105 61 aliquid

1297 797 139 64 dicitur
1399 797 114 64 posse
1475 797 101 64 esse
1538 797 76 64 et
1576 797 89 64 non
1627 797 139 64 necesse
1728 797 101 64 esse
1792 797 89 64 aut
1843 797 114 64 posse
1919 797 89 64 non
1969 797 101 64 esse
2033 797 76 64 et
2071 797 89 64 non
2109 797 114 64 necesse

1292 841 79 55 non
1337 841 102 55 esse:
1405 841 79 55 sic
1450 841 124 55 dicitur
1540 841 158 55 contingens
1664 841 90 55 esse
1721 841 79 55 vel
1766 841 158 55 contingens
1890 841 79 55 non
1935 841 102 55 esse.
2003 841 68 55 et
2037 841 79 55 non
2082 841 102 55 solum
2139 841 90 55 quando

1308 884 77 58 est
1352 884 165 58 praedicatur
1484 884 132 58 secundum
1583 884 143 58 adiacens:
1693 884 77 58 sed
1737 884 99 58 etiam
1803 884 110 58 quando
1880 884 66 58 3m
1913 884 165 58 qualecumque
2045 884 77 58 sit
2078 884 143 58 praedicatum

1309 932 68 57 Et
1343 932 91 57 quia
1400 932 80 57 non
1445 932 125 57 necesse
1536 932 102 57 esse:
1605 932 68 57 et
1639 932 148 57 possibile
1753 932 80 57 non
1798 932 91 57 esse
1855 932 68 57 se
1889 932 194 57 consequuntur.
2049 932 91 57 ideo
2094 932 137 57 contingens

1311 973 80 61 quod
1361 973 70 61 est
1401 973 131 61 possibile
1502 973 80 61 esse
1552 973 60 61 et
1582 973 70 61 non
1623 973 111 61 necesse
1703 973 90 61 esse:
1763 973 70 61 est
1804 973 131 61 possibile
1904 973 80 61 esse
1954 973 60 61 et
1985 973 131 61 possibile
2085 973 70 61 non
2125 973 90 61 esse.
2186 973 50 61 â‹
2196 973 40 61 Et

1298 1017 97 69 hinc
1358 1017 97 69 est:
1419 1017 97 69 quod
1479 1017 169 69 frequenter
1612 1017 133 69 dicitur
1708 1017 97 69 quod
1769 1017 169 69 contingens
1901 1017 84 69 est
1949 1017 217 69 indeterminatum
2130 1017 72 69 ad
2155 1017 72 69 esse

1313 1061 72 65 et
1349 1061 84 65 non
1397 1061 108 65 esse.
1469 1061 96 65 quod
1530 1061 84 65 non
1578 1061 108 65 debet
1650 1061 157 65 intelligi
1771 1061 72 65 de
1807 1061 241 65 indeterminatione
2011 1061 72 65 de
2047 1061 132 65 inesse:
2132 1061 84 65 vide-

1305 1104 103 60 libet
1373 1104 91 60 quod
1430 1104 160 60 contingens
1556 1104 80 60 non
1601 1104 80 60 sit
1647 1104 80 60 nec
1693 1104 80 60 non
1738 1104 91 60 sit.
1795 1104 91 60 quia
1852 1104 80 60 hoc
1898 1104 80 60 est
1944 1104 171 60 impossibile
2081 1104 137 60 respectu
2172 1104 57 60 cu-

1314 1147 147 57 iuscumque
1427 1147 170 57 praedicati:
1562 1147 102 57 alias
1630 1147 102 57 esset
1698 1147 147 57 possibile
1811 1147 90 57 quod
1867 1147 79 57 duo
1913 1147 203 57 contradictoria
2082 1147 113 57 essent
2150 1147 79 57 simul

1308 1192 147 57 falsa.
1411 1192 103 57 Sed
1470 1192 250 57 intelligendum
1676 1192 103 57 est
1735 1192 88 57 de
1780 1192 295 57 indeterminatione
2030 1192 88 57 de
2059 1192 177 57 necessario

1301 1236 156 63 negatiue.
1421 1236 108 63 valet
1493 1236 96 63 quod
1553 1236 84 63 non
1601 1236 84 63 est
1649 1236 132 63 necesse
1745 1236 96 63 esse
1804 1236 84 63 nec
1852 1236 132 63 necesse
1948 1236 84 63 non
1996 1236 108 63 esse.
2068 1236 84 63 vel
2116 1236 72 63 de
2140 1236 84 63 inde-

1313 1279 202 57 terminatione
1478 1279 76 57 de
1516 1279 164 57 possibili
1642 1279 202 57 affirmatiue.
1807 1279 114 57 valet
1883 1279 101 57 quod
1946 1279 126 57 potest
2034 1279 101 57 esse
2098 1279 76 57 et
2123 1279 101 57 potest

1310 1328 86 52 non
1359 1328 111 52 esse:
1433 1328 86 52 qui
1482 1328 86 52 duo
1531 1328 123 52 sensus
1617 1328 221 52 sententialiter
1802 1328 197 52 equipollent.
1961 1328 61 52 â‹
1986 1328 86 52 hoc
2035 1328 160 52 praemisso
2146 1328 86 52 patet

1307 1374 88 60 quod
1362 1374 88 60 tunc
1417 1374 155 60 contingens
1539 1374 77 60 est
1583 1374 155 60 contingens
1705 1374 110 60 quando
1782 1374 110 60 potest
1859 1374 88 60 esse
1915 1374 66 60 et
1948 1374 110 60 potest
2025 1374 77 60 non
2069 1374 99 60 esse.
2136 1374 55 60 â‹
2158 1374 66 60 Ad
2180 1374 55 60 vi-

1317 1411 113 59 dendum
1396 1411 91 59 ergo
1453 1411 102 59 vtrum
1521 1411 113 59 quando
1600 1411 79 59 res
1645 1411 79 59 est
1691 1411 79 59 sit
1736 1411 159 59 contingens
1860 1411 102 59 esse:
1928 1411 79 59 aut
1974 1411 113 59 quando
2053 1411 79 59 non
2098 1411 91 59 est.
2144 1411 79 59 viden

1311 1464 75 50 dum
1354 1464 75 50 est
1397 1464 97 50 vtrum
1462 1464 108 50 quando
1537 1464 75 50 res
1580 1464 75 50 est
1623 1464 108 50 possit
1699 1464 75 50 non
1742 1464 97 50 esse:
1806 1464 65 50 an
1839 1464 108 50 quando
1914 1464 75 50 non
1957 1464 86 50 est.
2011 1464 75 50 hoc
2054 1464 97 50 autem
2118 1464 108 50 potest
2183 1464 43 50 du

1316 1496 156 61 intelligi.
1438 1496 78 61 Uno
1483 1496 89 61 modo
1538 1496 89 61 quod
1594 1496 111 61 quando
1672 1496 78 61 res
1716 1496 78 61 est
1761 1496 89 61 tunc
1816 1496 78 61 sit
1861 1496 67 61 in
1894 1496 133 61 potentia
1994 1496 67 61 vt
2028 1496 67 61 in
2061 1496 111 61 futuro
2139 1496 78 61 non
2172 1496 67 61 sit.

1314 1544 89 55 Alio
1369 1544 89 55 modo
1425 1544 89 55 quod
1480 1544 89 55 tunc
1535 1544 78 55 sit
1580 1544 66 55 in
1613 1544 133 55 potentia
1713 1544 66 55 vt
1746 1544 78 55 non
1790 1544 78 55 sit
1834 1544 100 55 tunc.
1901 1544 66 55 et
1934 1544 78 55 hoc
1978 1544 100 55 adhuc
2045 1544 122 55 dubiur.
2133 1544 78 55 Uno
2167 1544 66 55 modo

1316 1587 82 56 sic
1363 1587 94 56 quod
1422 1587 164 56 propositio
1551 1587 153 56 enuncians
1668 1587 106 56 ipsum
1739 1587 82 56 non
1786 1587 94 56 esse
1845 1587 94 56 tunc
1903 1587 117 56 potest
1985 1587 94 56 esse
2044 1587 94 56 vera
2103 1587 70 56 in
2126 1587 106 56 futuro.

1305 1629 88 59 Alio
1360 1629 88 59 modo
1415 1629 88 59 quod
1471 1629 88 59 tunc
1526 1629 77 59 sit
1570 1629 144 59 possibile
1681 1629 99 59 ipsam
1747 1629 88 59 esse
1802 1629 110 59 veram.
1879 1629 77 59 vbi
1924 1629 122 59 gratia.
2012 1629 77 59 sit
2056 1629 66 59 a.
2089 1629 122 59 aliquod
2167 1629 77 59 singu

1307 1676 96 61 lare
1367 1676 96 61 actu
1427 1676 144 61 existens
1535 1676 96 61 nunc
1595 1676 96 61 siue
1655 1676 72 61 in
1691 1676 144 61 instanti
1798 1676 168 61 praesente:
1930 1676 96 61 quod
1990 1676 132 61 vocetur
2086 1676 72 61 b.
2122 1676 96 61 quod
2170 1676 72 61 nunc

1305 1720 72 60 a.
1341 1720 119 60 possit
1424 1720 84 60 non
1472 1720 95 60 esse
1532 1720 119 60 potest
1615 1720 155 60 intelligi
1735 1720 72 60 3.
1771 1720 84 60 vno
1818 1720 95 60 modo
1878 1720 95 60 quod
1938 1720 95 60 nunc
1997 1720 72 60 a.
2033 1720 119 60 potest
2117 1720 72 60 in
2141 1720 95 60 futuro

1314 1763 88 59 non
1365 1763 113 59 esse.
1440 1763 88 59 ita
1491 1763 101 59 quod
1554 1763 164 59 possibile
1680 1763 88 59 est
1730 1763 101 59 post
1793 1763 101 59 nunc
1856 1763 88 59 seu
1906 1763 101 59 post
1969 1763 139 59 instans
2070 1763 76 59 b.
2108 1763 101 59 hanc
2158 1763 76 59 esse

1319 1805 118 69 veram.
1402 1805 71 69 a.
1437 1805 83 69 non
1485 1805 95 69 est.
1544 1805 142 69 Secundus
1650 1805 118 69 sensus
1733 1805 83 69 est
1780 1805 95 69 quod
1839 1805 95 69 nunc
1898 1805 71 69 a.
1934 1805 118 69 potest
2016 1805 71 69 in
2052 1805 118 69 futuro
2135 1805 83 69 non
2170 1805 71 69 esse

1322 1855 73 52 in
1358 1855 97 52 isto
1419 1855 146 52 instanti
1529 1855 97 52 quod
1590 1855 85 52 est
1638 1855 73 52 b.
1675 1855 85 52 ita
1724 1855 97 52 quod
1784 1855 158 52 possibile
1906 1855 85 52 est
1955 1855 97 52 quod
2016 1855 97 52 post
2077 1855 73 52 b.
2113 1855 85 52 hec
2162 1855 85 52 sit
2198 1855 49 52 ve

1313 1892 83 59 ra.
1361 1892 71 59 a.
1396 1892 83 59 non
1444 1892 83 59 est
1491 1892 71 59 in
1527 1892 71 59 b.
1562 1892 130 59 Tertius
1657 1892 119 59 sensus
1740 1892 83 59 est
1788 1892 95 59 quod
1847 1892 95 59 nunc
1906 1892 71 59 a.
1942 1892 119 59 potest
2025 1892 83 59 non
2072 1892 95 59 esse
2131 1892 107 59 nunc:
2191 1892 59 59 aut

1324 1940 98 59 quod
1385 1940 159 59 possibile
1508 1940 86 59 sit
1557 1940 98 59 hanc
1618 1940 74 59 a.
1655 1940 86 59 non
1704 1940 110 59 esse:
1777 1940 86 59 vel
1826 1940 74 59 a.
1863 1940 86 59 non
1912 1940 86 59 est
1961 1940 74 59 in
1998 1940 74 59 b.
2035 1940 98 59 esse
2096 1940 98 59 nunc
2145 1940 98 59 veram.

1316 1974 70 66 et
1351 1974 105 66 eodem
1421 1974 93 66 modo
1479 1974 116 66 potest
1561 1974 105 66 etiam
1630 1974 70 66 3a
1665 1974 151 66 intelligi
1782 1974 93 66 quod
1840 1974 81 66 res
1886 1974 81 66 que
1933 1974 93 66 nunc
1991 1974 81 66 non
2037 1974 81 66 est
2084 1974 116 66 potest
2154 1974 81 66 esse.

1315 2024 67 59 â‹
1341 2024 161 59 Secundum
1462 2024 134 59 sensum
1556 2024 134 59 primum
1650 2024 175 59 articulus
1785 2024 107 59 iste
1852 2024 94 59 non
1905 2024 121 59 habet
1986 2024 242 59 difficultatem.
2174 2024 67 59 Nam

1317 2068 125 55 certum
1405 2068 100 55 est.
1468 2068 100 55 quod
1530 2068 125 55 potest
1618 2068 88 55 sic
1668 2068 138 55 probari
1768 2068 163 55 breuiter.
1894 2068 138 55 aliquid
1994 2068 100 55 nunc
2057 2068 100 55 est.
2119 2068 100 55 quod
2169 2068 63 55 non

1319 2113 162 53 impossibile
1449 2113 76 53 est
1492 2113 76 53 non
1535 2113 97 53 esse.
1600 2113 86 53 ergo
1654 2113 119 53 aliquid
1741 2113 86 53 nunc
1795 2113 76 53 est
1838 2113 86 53 quod
1892 2113 86 53 nunc
1946 2113 108 53 potest
2022 2113 76 53 non
2065 2113 97 53 esse.
2130 2113 65 53 et
2152 2113 86 53 vltra.

1313 2154 84 68 ergo
1366 2154 116 68 aliquid
1451 2154 106 68 quando
1524 2154 74 68 est
1567 2154 106 68 potest
1641 2154 74 68 non
1683 2154 95 68 esse.
1746 2154 63 68 Et
1778 2154 95 68 eodem
1841 2154 84 68 modo
1894 2154 106 68 potest
1968 2154 95 68 argui
2031 2154 84 68 quod
2084 2154 116 68 aliquid
2158 2154 84 68 quando

1317 2199 77 56 non
1361 2199 88 56 est)
1416 2199 110 56 potest
1494 2199 99 56 esse.
1560 2199 88 56 quia
1615 2199 121 56 aliquid
1703 2199 88 56 nunc
1758 2199 77 56 non
1803 2199 88 56 est:
1858 2199 88 56 quod
1913 2199 77 56 non
1957 2199 77 56 est
2001 2199 166 56 impossibile
2134 2199 88 56 esse
2178 2199 66 56 etc.

1325 2243 169 60 Antecedens
1458 2243 121 60 primum
1543 2243 121 60 patet.
1628 2243 97 60 quia
1688 2243 109 60 multa
1761 2243 97 60 sunt
1821 2243 169 60 singularia
1954 2243 73 60 et
1991 2243 206 60 corruptibilia
2160 2243 73 60 et
2184 2243 61 60 an-

1309 2289 205 56 nihilabilia.
1476 2289 77 56 et
1514 2289 90 56 per
1565 2289 179 56 consequens
1706 2289 90 56 non
1757 2289 205 56 impossibilia
1924 2289 90 56 non
1975 2289 115 56 esse.
2052 2289 90 56 que
2103 2289 115 56 tamen
2167 2289 77 56 nunc

1318 2327 97 64 actu
1378 2327 97 64 sunt
1439 2327 73 64 in
1475 2327 109 64 rerum
1548 2327 133 64 natura.
1645 2327 73 64 et
1681 2327 194 64 consequentie
1838 2327 97 64 sunt
1899 2327 109 64 satis
1972 2327 169 64 euidentes.
2105 2327 61 64 â‹
2117 2327 121 64 Praetere

1314 2375 82 61 si
1355 2375 95 61 hoc
1410 2375 95 61 non
1464 2375 95 61 sit
1518 2375 122 61 verum
1600 2375 163 61 sequitur
1722 2375 109 61 quod
1790 2375 122 61 nihil
1872 2375 95 61 sit
1926 2375 177 61 possibile
2062 2375 95 61 non
2116 2375 109 61 esse
2170 2375 82 61 nisi

1322 2424 117 53 quando
1404 2424 82 53 non
1451 2424 93 53 est.
1509 2424 82 53 nec
1555 2424 128 53 aliquid
1649 2424 152 53 possibile
1765 2424 93 53 esse
1823 2424 93 53 nisi
1882 2424 117 53 quando
1963 2424 93 53 est.
2022 2424 105 53 sicut
2092 2424 128 53 opinati
2173 2424 70 53 sunt

1324 2464 191 56 megarici:
1471 2464 147 56 quorum
1574 2464 206 56 opiniones.
1736 2464 88 56 P.
1780 2464 191 56 reprobat.
1927 2464 88 56 9.
1971 2464 132 56 meta.
2059 2464 103 56 sic
2118 2464 132 56 enim.
2191 2464 59 56 vt

1323 2507 117 61 dicit
1401 2507 104 61 ibi.
1466 2507 78 61 P.
1506 2507 157 61 sequitur
1623 2507 104 61 quod
1688 2507 130 61 habens
1779 2507 117 61 visum
1858 2507 91 61 non
1910 2507 130 61 potest
2001 2507 130 61 videre
2092 2507 104 61 nisi
2145 2507 104 61 quando

1325 2550 110 56 actu
1394 2550 138 56 videt.
1491 2550 97 56 nec
1546 2550 193 56 edificator
1697 2550 138 56 potest
1794 2550 179 56 edificare
1932 2550 110 56 nisi
2001 2550 138 56 quando
2097 2550 110 56 actu
2152 2550 97 56 edifi

1326 2594 101 62 cat:
1389 2594 88 62 nec
1440 2594 139 62 aliquid
1541 2594 101 62 quod
1604 2594 88 62 non
1654 2594 88 62 fit
1704 2594 126 62 potest
1793 2594 126 62 fieri:
1881 2594 88 62 aut
1931 2594 101 62 quod
1994 2594 88 62 non
2044 2594 139 62 mouetur
2133 2594 113 62 moueri.

1323 2643 76 52 et
1361 2643 191 52 generaliter
1514 2643 153 52 tollitur
1629 2643 115 52 omnis
1705 2643 204 52 possibilitas
1870 2643 204 52 generationis
2036 2643 89 52 vel
2074 2643 178 52 corruptionis

1323 2683 109 55 vel
1386 2683 124 55 noue
1463 2683 202 55 mutatonis
1618 2683 93 55 in
1665 2683 171 55 entibus
1789 2683 109 55 qua
1851 2683 140 55 omnia
1944 2683 124 55 sunt
2022 2683 186 55 absurda.
2162 2683 78 55 â‹
2177 2683 78 55 Sed

1320 2724 98 64 contra
1389 2724 69 64 hoc
1428 2724 98 64 potest
1496 2724 98 64 argui.
1565 2724 78 64 quia
1614 2724 59 64 si
1643 2724 108 64 aliquid
1722 2724 98 64 quando
1790 2724 69 64 est
1829 2724 98 64 potest
1898 2724 69 64 non
1937 2724 88 64 esse.
1996 2724 78 64 ergo
2045 2724 98 64 quando
2113 2724 108 64 aliquid
2182 2724 78 64 potest

1330 2771 83 51 esse:
1385 2771 92 51 potest
1450 2771 65 51 non
1487 2771 83 51 esse:
1542 2771 55 51 et
1570 2771 92 51 vltra.
1634 2771 74 51 ergo
1680 2771 101 51 aliquid
1754 2771 83 51 simul
1809 2771 55 51 et
1837 2771 83 51 semel
1892 2771 92 51 potest
1957 2771 74 51 esse
2003 2771 55 51 et
2031 2771 65 51 non
2068 2771 83 51 esse.
2114 2771 129 51 consequentis

1324 2813 120 62 prima
1404 2813 133 62 patet:
1497 2813 107 62 quia
1563 2813 133 62 quando
1657 2813 147 62 aliquid
1763 2813 93 62 est
1816 2813 133 62 potest
1910 2813 120 62 esse.
1990 2813 80 62 2a
2030 2813 133 62 patet:
2123 2813 107 62 quia
2176 2813 80 62 idem

1324 2857 105 56 est
1384 2857 150 56 dictu.
1489 2857 150 56 quando
1595 2857 150 56 potest
1700 2857 120 56 esse
1775 2857 150 56 potest
1880 2857 105 56 non
1940 2857 120 56 esse
2015 2857 90 56 et
2061 2857 135 56 simul
2151 2857 90 56 et
2181 2857 60 56 se

1324 2900 114 59 mel
1389 2900 163 59 potest
1503 2900 130 59 esse
1584 2900 98 59 et
1633 2900 114 59 non
1699 2900 147 59 esse.
1796 2900 81 59 â‹
1829 2900 98 59 Ad
1878 2900 114 59 hoc
1943 2900 163 59 dicunt
2057 2900 163 59 aliqui
2155 2900 114 59 argu-

1317 2952 259 47 mentationem
1524 2952 138 47 esse
1610 2952 276 47 necessariam:
1835 2952 104 47 et
1886 2952 224 47 concedunt
2042 2952 207 47 consequens

1330 2986 137 65 quod
1416 2986 172 65 dicunt
1536 2986 137 65 esse
1622 2986 172 65 verum.
1742 2986 155 65 licet
1845 2986 120 65 non
1914 2986 103 65 in
1965 2986 155 65 sensu
2051 2986 189 65 composito

1328 3029 123 66 quia
1404 3029 231 66 impossibile
1589 3029 108 66 est
1650 3029 123 66 quod
1727 3029 123 66 idem
1804 3029 138 66 simul
1896 3029 108 66 sit
1958 3029 92 66 et
2004 3029 108 66 non
2066 3029 123 66 sit.
2142 3029 77 66 â‹
2158 3029 92 66 Sed.
