2426 3550
366 296 88 58 re
410 296 103 58 vel
469 296 147 58 potius
572 296 117 58 quod
645 296 103 58 res
704 296 117 58 sunt
777 296 147 58 future
880 296 103 58 est
939 296 132 58 causa
1027 296 103 58 vel
1086 296 176 58 concausa
1203 296 88 58 quod

368 341 100 59 deus
430 341 87 59 vel
480 341 149 59 scientia
592 341 87 59 dei
641 341 87 59 sit
691 341 212 59 praescientia.
866 341 112 59 iuxta
940 341 187 59 intellectum
1090 341 125 59 datum:
1177 341 112 59 sicut
1239 341 50 59 et

356 388 100 60 alia
419 388 201 60 consequentia
582 388 151 60 assumpta
695 388 126 60 potest
783 388 151 60 concedi.
896 388 100 60 ergo
959 388 126 60 petrus
1047 388 138 60 sedens:
1147 388 88 60 vel
1198 388 100 60 quod
1248 388 50 60 pe

360 431 123 56 sedet
442 431 96 56 est
497 431 123 56 causa
579 431 109 56 quod
647 431 109 56 illa
716 431 191 56 propositio
866 431 96 56 sit
907 431 96 56 vera.

334 465 141 73 â‹
390 465 506 73 Distinctionis.
812 465 253 73 XXXI.
981 465 337 73 Questio.
1206 465 84 73 I

605 513 178 99 Ircqau
730 513 303 99 distinctionem
980 513 250 99 trigesimam
1158 513 143 99 nonam.

748 560 131 55 Quero
836 560 160 55 pariter
952 560 102 55 cum
1010 560 102 55 ma.
1069 560 131 55 Utrum
1141 560 146 55 scientia

612 599 93 60 vel
665 599 211 60 praescientia
836 599 93 60 dei
889 599 132 60 possit
982 599 132 60 augeri
1074 599 93 60 vel
1127 599 132 60 minui:
1220 599 79 60 Et
1246 599 53 60 ar

614 646 87 67 guo
663 646 112 67 primo
738 646 99 67 quod
800 646 124 67 possit
887 646 136 67 augeri:
986 646 99 67 quia
1048 646 136 67 aliquod
1147 646 99 67 deus
1197 646 99 67 potest

617 691 117 54 scire:
699 691 70 54 et
734 691 164 54 praescire:
863 691 94 54 quod
922 691 82 54 nec
969 691 94 54 scit
1027 691 82 54 nec
1074 691 176 54 praesciuit:
1215 691 70 54 et
1238 691 59 54 cum

609 731 86 58 hoc
658 731 110 58 scire
731 731 98 58 omne
793 731 98 58 quod
854 731 98 58 nunc
916 731 110 58 scit.
989 731 98 58 ergo
1051 731 86 58 dei
1100 731 147 58 scientia
1198 731 98 58 potest

607 779 125 49 augeri.
697 779 182 49 consequentia
845 779 114 49 patet.
924 779 91 49 quia
981 779 136 49 scientia
1083 779 114 49 quanto
1163 779 79 49 est
1197 779 102 49 plurium

363 821 169 56 scitorum:
493 821 117 56 tanto
571 821 91 56 est
623 821 143 56 maiori.
727 821 182 56 Antecedens
869 821 156 56 probatur
986 821 195 56 dupliciter.
1142 821 130 56 Primo:
1220 821 78 56 quia

367 867 120 56 sicut
447 867 120 56 dicit
527 867 93 56 ma.
580 867 80 56 in
620 867 160 56 littera.
740 867 160 56 scientia
860 867 93 56 dei
913 867 93 56 non
967 867 93 56 est
1020 867 107 56 nisi
1087 867 80 56 de
1127 867 93 56 his
1180 867 93 56 que
1220 867 80 56 sunt

366 906 92 59 vel
418 906 145 59 fuerunt
524 906 92 59 vel
576 906 131 59 erunt:
668 906 79 59 et
708 906 210 59 praescientia
878 906 92 59 non
931 906 105 59 nisi
997 906 79 59 de
1036 906 158 59 futuris.
1154 906 105 59 deus
1207 906 92 59 autem

372 952 134 63 potest
465 952 134 63 multas
559 952 94 63 res
612 952 134 63 facere
706 952 107 63 quas
773 952 147 63 nunquam
880 952 147 63 faciet:
987 952 80 63 et
1027 952 94 63 per
1080 952 187 63 consequens
1214 952 80 63 mul-

365 995 86 55 te
408 995 158 55 possunt
522 995 115 55 esse
594 995 143 55 future
695 995 100 55 que
752 995 100 55 non
809 995 115 55 sunt
881 995 158 55 future.
996 995 86 55 Si
1039 995 115 55 ille
1111 995 129 55 autem
1182 995 115 55 essent

376 1039 142 55 future:
479 1039 129 55 essent
569 1039 129 55 vtique
660 1039 64 55 a
685 1039 90 55 deo
737 1039 116 55 scite
814 1039 77 55 et
853 1039 180 55 praescite:
995 1039 90 55 que
1046 1039 116 55 tamen
1124 1039 103 55 nunc
1188 1039 90 55 non
1227 1039 77 55 sunt

376 1087 118 52 scite
455 1087 92 52 nec
507 1087 184 52 praescite.
651 1087 79 52 2o
691 1087 105 52 quia
756 1087 144 52 aliquis
861 1087 92 52 non
914 1087 92 52 est
966 1087 105 52 cras
1032 1087 157 52 lecturus
1150 1087 92 52 qui
1189 1087 105 52 potest

367 1130 107 57 esse
433 1130 173 57 lecturus.
567 1130 107 57 ergo
633 1130 107 57 deus
700 1130 147 57 aliquem
807 1130 93 57 non
860 1130 107 57 scit
927 1130 93 57 nec
980 1130 160 57 praescit
1100 1130 107 57 esse
1153 1130 147 57 lecturum:

375 1169 104 63 quem
440 1169 117 63 tamen
518 1169 104 63 esse
583 1169 156 63 lecturum
699 1169 104 63 cras
764 1169 104 63 deus
829 1169 130 63 potest
920 1169 169 63 prescire.
1050 1169 65 63 â‹
1075 1169 78 63 2o
1114 1169 156 63 arguitur
1218 1169 78 63 quod

368 1214 82 60 dei
415 1214 140 60 scientia
520 1214 116 60 potest
601 1214 116 60 minui.
683 1214 93 60 quia
741 1214 128 60 aliquid
834 1214 93 60 deus
892 1214 93 60 scit
951 1214 93 60 quod
1009 1214 116 60 potest
1090 1214 82 60 non
1137 1214 116 60 scire:
1218 1214 70 60 et
1242 1214 58 60 ali

371 1264 97 54 quid
432 1264 170 54 praesciuit
566 1264 97 54 quod
626 1264 122 54 potest
712 1264 85 54 non
760 1264 170 54 praescire.
894 1264 97 54 ergo
955 1264 97 54 etc.
1016 1264 146 54 Probatur
1125 1264 170 54 assumptum.
1247 1264 61 54 Nam

369 1306 113 54 deus
440 1306 113 54 scit
511 1306 85 54 me
553 1306 142 54 legere
653 1306 113 54 nunc
723 1306 99 54 seu
780 1306 85 54 in
823 1306 113 54 isto
894 1306 156 54 tempore
1007 1306 184 54 praesenti
1135 1306 170 54 demonstra-

372 1344 79 54 to
411 1344 105 54 quod
477 1344 145 54 vocetur
583 1344 79 54 a.
622 1344 79 54 et
662 1344 92 54 hoc
714 1344 105 54 deus
780 1344 132 54 potest
872 1344 92 54 non
925 1344 132 54 scire.
1017 1344 92 54 Nam
1070 1344 92 54 die
1123 1344 158 54 crastina
1228 1344 79 54 deus

378 1387 97 62 non
434 1387 125 62 sciet
517 1387 83 62 me
558 1387 138 62 legere
655 1387 83 62 in
696 1387 83 62 a.
738 1387 152 62 quamuis
849 1387 125 62 sciet
932 1387 83 62 me
973 1387 152 62 legisse
1084 1387 83 62 in
1125 1387 83 62 a.
1153 1387 152 62 Similiter

375 1436 127 56 aliqua
464 1436 89 56 res
515 1436 127 56 futura
604 1436 127 56 potest
693 1436 114 56 fieri
769 1436 165 56 praesens:
896 1436 76 56 et
934 1436 102 56 tunc
998 1436 89 56 non
1049 1436 102 56 erit
1112 1436 178 56 praescita:
1239 1436 64 56 que

378 1484 152 55 tamen
479 1484 135 55 modo
564 1484 118 55 est
614 1484 186 55 prescita-

361 1519 92 105 In
407 1519 200 105 oppositum
561 1519 200 105 arguitur.
714 1519 123 105 quia
791 1519 185 105 scientia
930 1519 108 105 dei
991 1519 108 105 est
1053 1519 154 105 omnino
1145 1519 154 105 intrans-

710 1572 198 61 mutabilis:
865 1572 99 61 cum
922 1572 113 61 ipsa
992 1572 99 61 sit
1049 1572 127 61 deus.
1134 1572 113 61 ergo
1204 1572 99 61 est
1247 1572 56 61 in

377 1612 275 59 augmentabilis:
606 1612 92 59 et
637 1612 214 59 immutabilis.

348 1648 240 103 Sistinguo
532 1648 166 103 primo
643 1648 222 103 duplicem
809 1648 185 103 sensum
939 1648 277 103 questionis:
1142 1648 166 103 quorum.

660 1695 107 52 pri
721 1695 107 52 mus
782 1695 91 52 et
827 1695 122 52 quem
904 1695 91 52 de
949 1695 168 52 virtute
1071 1695 183 52 sermonis
1193 1695 107 52 facit

376 1741 117 49 est.
450 1741 132 49 Utrum
538 1741 117 49 illa
611 1741 103 49 res
670 1741 103 49 pro
729 1741 103 49 qua
787 1741 176 49 supponit
919 1741 103 49 hic
978 1741 176 49 terminus
1110 1741 176 49 scientia
1228 1741 73 49 vel

384 1785 231 50 praescientia
572 1785 101 50 dei
629 1785 145 50 possit
731 1785 145 50 augeri
832 1785 101 50 vel
890 1785 145 50 minui:
991 1785 87 50 et
1035 1785 87 50 in
1078 1785 101 50 hoc
1136 1785 130 50 sensu
1208 1785 87 50 que:

372 1828 126 54 stio
451 1828 237 54 determinata
641 1828 111 54 est
704 1828 126 54 apud
783 1828 142 54 omnem
878 1828 221 54 catholicum
1051 1828 95 54 ad
1099 1828 158 54 partem
1193 1828 111 54 nega-

378 1871 132 56 tiuam.
470 1871 92 56 cum
523 1871 92 56 dei
576 1871 158 56 scientia
695 1871 92 56 non
747 1871 92 56 sit
800 1871 119 56 aliud
880 1871 106 56 quam
946 1871 92 56 dei
998 1871 145 56 esentia
1104 1871 79 56 et
1130 1871 172 56 substantia:

377 1916 106 55 que
438 1916 152 55 omnino
544 1916 228 55 immutabilis
726 1916 122 55 est.
802 1916 137 55 Alius
894 1916 152 55 sensus
1000 1916 106 55 est
1061 1916 122 55 quem
1122 1916 182 55 disputato-

376 1958 107 58 res
437 1958 107 58 per
498 1958 122 58 hanc
574 1958 214 58 questionem
742 1958 214 58 intendunt:
910 1958 92 58 et
956 1958 122 58 est:
1032 1958 137 58 vtrum
1124 1958 122 58 deus
1185 1958 122 58 possit

368 2006 144 52 aliquid
473 2006 183 52 perfectius
617 2006 92 52 vel
669 2006 210 52 imperfectius
839 2006 118 52 scire
918 2006 92 52 vel
970 2006 183 52 praescire:
1115 2006 105 52 quam
1180 2006 118 52 scit:
1246 2006 65 52 aut

383 2046 131 52 plura
471 2046 102 52 vel
529 2046 189 52 pauciora:
674 2046 102 52 his
733 2046 116 52 enim
805 2046 131 52 modis
893 2046 189 52 consuetum
1038 2046 102 52 est
1096 2046 131 52 dici:
1184 2046 116 52 quod
1242 2046 58 52 in

373 2087 125 57 nobis
457 2087 153 57 augetur
568 2087 97 57 vel
623 2087 167 57 minuitur
749 2087 181 57 scientia.
888 2087 83 57 Et
929 2087 83 57 in
971 2087 97 57 hoc
1027 2087 125 57 sensu
1110 2087 125 57 etiam
1180 2087 125 57 quantum

373 2139 91 49 ad
418 2139 152 49 primam
524 2139 152 49 partem
631 2139 136 49 huius
722 2139 243 49 disiunctiue:
919 2139 167 49 questio
1040 2139 106 49 non
1101 2139 136 49 habet
1177 2139 136 49 dubium:

387 2175 150 60 quaniam
496 2175 136 60 certum
592 2175 95 60 est
646 2175 109 60 quod
714 2175 136 60 nullam
810 2175 95 60 rem
864 2175 95 60 vel
919 2175 150 60 aliquid
1028 2175 163 60 cognitum
1150 2175 68 60 a
1177 2175 95 60 deo
1218 2175 82 60 deus

375 2217 95 58 vno
430 2217 150 58 tempore
539 2217 191 58 perfectius
689 2217 177 58 cognoscit
825 2217 109 58 quam
893 2217 123 58 alio:
975 2217 95 58 nec
1029 2217 123 58 etiam
1098 2217 204 58 imperfectius.

379 2264 101 55 non
436 2264 116 55 enim
509 2264 173 55 proficit
639 2264 101 55 nec
696 2264 159 55 deficit
812 2264 87 55 in
855 2264 217 55 cognitione.
1029 2264 72 55 â‹
1057 2264 87 55 Et
1101 2264 87 55 ad
1144 2264 101 55 hoc
1187 2264 116 55 suffi-

375 2310 108 52 ciat
442 2310 189 52 auctoritas
590 2310 121 52 Augu.
671 2310 94 52 cum
725 2310 108 52 eius
792 2310 202 52 probatione.
954 2310 94 52 15.
1008 2310 81 52 de
1048 2310 108 52 tri.
1115 2310 94 52 vbi
1169 2310 108 52 ait.
1223 2310 81 52 quod

375 2351 189 53 vniuersas
521 2351 189 53 creaturas
667 2351 116 53 suas
739 2351 87 53 et
783 2351 218 53 spirituales
958 2351 87 53 et
1001 2351 218 53 corporales:
1176 2351 102 53 non
1220 2351 87 53 quia

381 2403 108 44 sunt
449 2403 108 44 ideo
517 2403 135 44 nouit:
612 2403 95 44 sed
666 2403 108 44 ideo
733 2403 122 44 sunt:
815 2403 108 44 quia
882 2403 135 44 nouit:
977 2403 81 44 et
1018 2403 176 44 sequitur.
1153 2403 95 44 nec
1194 2403 108 44 aliter

379 2437 145 56 sciuit
481 2437 87 56 ea
525 2437 145 56 creata
626 2437 116 56 quam
699 2437 174 56 creanda:
829 2437 102 56 non
887 2437 116 56 enim
960 2437 116 56 eius
1032 2437 189 56 sapientie
1177 2437 160 56 aliquid

372 2481 173 55 accessit
501 2481 86 55 ex
544 2481 115 55 eis:
616 2481 101 55 sed
674 2481 130 55 illis
760 2481 230 55 existentibus
947 2481 130 55 sicut
1034 2481 187 55 oportebat
1177 2481 86 55 et
1206 2481 101 55 quam-

385 2528 83 48 do
427 2528 194 48 oportebat:
579 2528 97 48 ita
634 2528 138 48 mansit
731 2528 83 48 vt
773 2528 125 48 erat:
856 2528 97 48 ita
911 2528 83 48 et
953 2528 166 48 scriptum
1078 2528 97 48 est
1133 2528 83 48 in
1175 2528 125 48 libro
1244 2528 69 48 ec-

387 2567 205 55 clesiastico:
554 2567 154 55 antequam
669 2567 180 55 crearentur
811 2567 128 55 omnia.
900 2567 103 55 nota
965 2567 103 55 sunt
1029 2567 115 55 illi:
1106 2567 90 55 sic
1157 2567 77 55 et
1183 2567 128 55 postquam

385 2615 169 54 consummata
518 2615 109 54 sunt.
590 2615 85 54 sic
639 2615 121 54 inquit
724 2615 85 54 non
772 2615 133 54 aliter:
869 2615 73 54 et
905 2615 145 54 antequam
1014 2615 181 54 crearentur:
1159 2615 73 54 et
1183 2615 121 54 postquam

380 2665 137 50 creata
476 2665 123 50 sunt.
558 2665 96 50 sic
613 2665 82 50 ei
653 2665 109 50 nota
722 2665 123 50 sunt:
804 2665 96 50 hec
858 2665 123 50 ipse.
940 2665 68 50 â‹
968 2665 96 50 Pro
1022 2665 82 50 2a
1063 2665 109 50 vero
1131 2665 123 50 parte
1200 2665 109 50 disiu-

385 2699 130 56 ctiue.
476 2699 117 56 vtrum
554 2699 156 56 scilicet
671 2699 104 56 deus
736 2699 117 56 plura
814 2699 91 56 vel
865 2699 156 56 pauciora
982 2699 130 56 possit
1073 2699 169 56 praescire
1203 2699 91 56 vel
1242 2699 65 56 sci

387 2750 89 49 re.
438 2750 165 49 praemitto
565 2750 140 49 aliquas
667 2750 216 49 distinctiones
845 2750 76 49 de
883 2750 114 49 istis
960 2750 153 49 terminis
1074 2750 153 49 scientia
1189 2750 76 49 et
1214 2750 89 49 scire

387 2783 126 59 secundum
482 2783 84 59 quod
535 2783 169 59 contrahuntur
672 2783 63 59 ad
704 2783 116 59 standum
788 2783 126 59 praecise
883 2783 74 59 pro
925 2783 126 59 scientia
1020 2783 84 59 dei.
1072 2783 74 59 Nam
1114 2783 74 59 vno
1157 2783 95 59 modo:
1209 2783 95 59 possunt

380 2836 127 47 accipi
469 2836 190 47 communiter.
622 2836 89 47 non
672 2836 114 47 quide
748 2836 140 47 sumendo
850 2836 102 47 hanc
913 2836 203 47 communitatem
1079 2836 152 47 secundum
1180 2836 127 47 multitu-

385 2874 121 53 dinem
465 2874 148 53 persone
573 2874 188 53 inferiorum
721 2874 94 53 seu
775 2874 215 53 singularium:
950 2874 121 53 quasi
1031 2874 121 53 multe
1112 2874 108 53 sint
1165 2874 135 53 scientie

380 2916 104 56 dei.
445 2916 91 56 Nam
497 2916 91 56 dei
549 2916 156 56 scientia
666 2916 117 56 vnica
744 2916 130 56 tantum
835 2916 78 56 et
873 2916 143 56 simplex
977 2916 104 56 est.
1042 2916 91 56 sed
1094 2916 156 56 secundum
1198 2916 104 56 multi-

384 2964 152 52 tudinem
494 2964 193 52 cognitorum
646 2964 96 52 vel
701 2964 179 52 scitorum:
839 2964 165 52 respectu
963 2964 138 52 quorum
1059 2964 152 52 dicitur
1156 2964 152 52 scientia:

382 3004 90 54 et
427 3004 106 54 sic
487 3004 226 54 generaliter
668 3004 166 54 sumendo
789 3004 181 54 respectu
925 3004 211 54 cuiuslibet
1091 3004 75 54 a
1121 3004 106 54 deo
1181 3004 121 54 noti
1242 3004 75 54 vel

377 3051 168 49 cogniti
499 3051 198 49 consueuit
652 3051 153 49 vocari
758 3051 183 49 scientia
896 3051 198 49 simplicis
1048 3051 168 49 notitie
1171 3051 107 49 seu
1216 3051 92 49 sim-

398 3089 149 69 pliciter
510 3089 137 69 notitia
609 3089 87 69 vel
659 3089 162 69 cognitio.
783 3089 100 69 Alio
846 3089 100 69 modo
908 3089 124 69 potest
995 3089 100 69 sumi
1057 3089 199 69 specialiter:
1219 3089 75 69 et
1244 3089 62 69 hoc

1335 276 208 66 dupliciter.
1501 276 166 66 secundum
1626 276 111 66 quod
1695 276 194 66 cognitorum
1847 276 138 66 quedam
1944 276 111 66 sunt
2013 276 97 66 res
2068 276 97 66 vel
2110 276 152 66 entitates

1332 326 164 61 actuales
1455 326 95 61 vel
1510 326 218 61 potentiales:
1687 326 136 61 quedam
1782 326 109 61 sunt
1850 326 232 61 enunciabilia:
2041 326 82 61 et
2082 326 164 61 praecise
2191 326 68 61 per

1333 371 255 60 propositiones
1543 371 105 60 vel
1603 371 255 60 enunciationes
1813 371 105 60 vel
1873 371 180 60 terminos
2008 371 105 60 eis
2053 371 210 60 equivalentes

1337 411 267 67 significabilia:
1562 411 127 67 sicut
1647 411 84 67 me
1689 411 155 67 legere:
1801 411 99 67 seu
1858 411 113 67 quod
1928 411 99 67 ego
1984 411 113 67 lego
2055 411 113 67 quod
2125 411 99 67 ego
2167 411 99 67 legi:

1332 459 100 59 vel
1389 459 100 59 sum
1446 459 186 59 lecturus:
1589 459 86 59 et
1632 459 157 59 similia
1746 459 100 59 que
1803 459 100 59 per
1860 459 243 59 enunciationes
2046 459 214 59 significamus.

1331 502 83 59 Et
1373 502 165 59 secundum
1496 502 110 59 hunc
1565 502 124 59 modum
1648 502 138 59 aliqui
1744 502 151 59 antiqui
1854 502 220 59 distinxerunt
2033 502 179 59 scientiam
2171 502 96 59 dei
2212 502 55 59 in

1335 544 146 59 scientiam
1447 544 190 59 enunciabilium
1603 544 67 59 et
1637 544 146 59 scientiam
1749 544 112 59 rerum.
1827 544 123 59 Proprie
1917 544 101 59 autem
1984 544 67 59 et
2018 544 123 59 stricte
2107 544 134 59 secundum
2197 544 67 59 vsum

1343 588 244 59 disputantium:
1543 588 172 59 scientia
1672 588 244 59 enunciabilium
1873 588 158 59 dicitur
1987 588 172 59 iudicium
2116 588 158 59 euidens
2217 588 57 59 et

1337 634 128 56 certum
1427 634 141 56 ipsorum
1530 634 231 56 enunciabilium:
1723 634 77 56 et
1761 634 90 56 sic
1812 634 180 56 accipiendo
1954 634 154 56 scientia
2069 634 116 56 rerum
2134 634 128 56 signifi-

1342 675 107 59 ficat
1413 675 154 59 scientiam
1532 675 83 59 dei
1579 675 142 59 secundum
1686 675 95 59 quod
1745 675 83 59 est
1793 675 130 59 simplex
1888 675 178 59 apprehemodo
2030 675 166 59 entitatum.
2148 675 119 59 Scientia

1335 721 108 61 vero
1402 721 229 61 enunciabilium
1590 721 188 61 significat
1738 721 134 61 eandem
1832 721 161 61 secundum
1953 721 108 61 quod
2020 721 94 61 est
2074 721 148 61 euidens
2168 721 94 61 iudi-

1326 772 101 56 cium
1390 772 126 56 eorum.
1478 772 126 56 Rursus
1567 772 114 56 primo
1642 772 101 56 modo
1706 772 126 56 potest
1794 772 126 56 accipi
1883 772 202 56 tripliciter.
2047 772 89 56 Nam
2098 772 89 56 vno
2148 772 101 56 modo
2199 772 63 56 ge-

1326 808 185 59 neraliter
1468 808 171 59 respectu
1597 808 200 59 cuiuslibet
1754 808 185 59 entitatis
1896 808 200 59 praeterite
2053 808 200 59 praesentis
2196 808 71 59 vel

1331 852 139 57 future
1428 852 97 57 aut
1484 852 195 57 possibilis
1637 852 125 57 fore:
1721 852 83 57 et
1762 852 97 57 sic
1818 852 209 57 simpliciter
1985 852 153 57 vocatur
2096 852 153 57 notitia
2193 852 70 57 seu

1331 893 171 65 scientia
1459 893 185 65 simplicis
1601 893 171 65 notitie.
1729 893 85 65 2o
1772 893 213 65 specialiter
1943 893 171 65 respectu
2071 893 128 65 earum
2156 893 100 65 que
2199 893 85 65 sunt

1344 942 91 56 vel
1396 942 143 56 fuerunt
1500 942 91 56 aut
1552 942 130 56 future
1643 942 104 56 sunt
1708 942 156 56 tantumo:
1826 942 78 56 et
1865 942 91 56 sic
1917 942 169 56 consueuit
2047 942 78 56 ab
2086 942 169 56 aliquibus
2203 942 65 56 vo-

1346 978 96 61 cari
1406 978 144 61 scientia
1514 978 156 61 visionis:
1634 978 72 61 et
1670 978 60 61 a
1694 978 120 61 mteri.
1778 978 72 61 in
1814 978 84 61 hac
1861 978 192 61 distinctione
2017 978 180 61 simpliciter
2149 978 120 61 vocatur.

1336 1023 167 66 scientia.
1464 1023 77 66 3o
1503 1023 64 66 a
1528 1023 102 66 dhuc
1592 1023 179 66 specialius
1733 1023 154 66 scilicet
1849 1023 154 66 respectu
1964 1023 167 66 futurorum
2092 1023 141 66 tantum:
2194 1023 77 66 et
2220 1023 64 66 sic

1352 1070 120 63 vocatur
1440 1070 186 63 praescientia.
1593 1070 99 63 Eodem
1659 1070 88 63 modo
1713 1070 88 63 modo
1768 1070 110 63 potest
1845 1070 142 63 distingui
1954 1070 77 63 seu
1998 1070 99 63 eodem
2064 1070 88 63 modo
2119 1070 142 63 distincte
2217 1070 55 63 si-

1351 1113 154 66 gnificari
1469 1113 83 66 dei
1517 1113 142 66 scientia
1623 1113 142 66 secundum
1730 1113 95 66 quod
1789 1113 95 66 illa
1848 1113 83 66 est
1895 1113 142 66 iudicium
2002 1113 213 66 enunciabilium.
2167 1113 95 66 potest

1342 1157 103 58 enim
1406 1157 103 58 sumi
1471 1157 154 58 secundum
1586 1157 103 58 quod
1650 1157 180 58 cuiuslibet
1792 1157 206 58 enunciabilis
1959 1157 193 58 affirmatiue
2113 1157 90 58 vel
2151 1157 116 58 negati-

1346 1204 85 57 ue
1388 1204 85 57 de
1431 1204 141 57 inesse
1529 1204 99 57 vel
1586 1204 184 57 modaliter
1727 1204 212 57 cathegoriae
1897 1204 99 57 vel
1953 1204 141 57 ypothe
2052 1204 99 57 aut
2109 1204 141 57 aliquo
2193 1204 85 57 alio

1345 1249 98 55 modo
1406 1249 86 55 est
1455 1249 135 55 euidens
1554 1249 160 55 iudicium.
1676 1249 98 55 Alio
1738 1249 98 55 modo
1799 1249 147 55 secundum
1910 1249 98 55 quod
1971 1249 86 55 est
2020 1249 147 55 iudicium
2119 1249 147 55 determina-

1340 1289 77 58 te
1379 1289 180 58 aliquorum.
1520 1289 77 58 et
1558 1289 90 58 hoc
1610 1289 218 58 multipliciter
1789 1289 128 58 posset
1879 1289 180 58 distingui.
2020 1289 116 58 valet
2097 1289 154 58 secundum
2200 1289 77 58 vsum

1341 1332 148 60 communem
1452 1332 172 60 dupliciter
1587 1332 172 60 accipitur.
1723 1332 86 60 Uno
1772 1332 99 60 modo
1833 1332 148 60 respectu
1944 1332 209 60 enunciabilium
2117 1332 74 60 de
2141 1332 136 60 praesenti

1352 1376 84 60 vel
1400 1376 72 60 de
1436 1376 168 60 praeterito
1568 1376 84 60 vel
1616 1376 72 60 de
1652 1376 132 60 futuro.
1748 1376 72 60 et
1784 1376 84 60 sic
1831 1376 132 60 vocatur
1927 1376 144 60 scientia
2035 1376 84 60 vel
2083 1376 144 60 scientia
2179 1376 96 60 visio-

1344 1424 98 55 nis.
1405 1424 73 55 2o
1441 1424 171 55 specialius
1576 1424 147 55 scilicet
1686 1424 147 55 respectu
1796 1424 122 55 talium
1881 1424 208 55 enunciabilium
2052 1424 73 55 de
2089 1424 122 55 futuro
2162 1424 110 55 tantum:

1348 1465 72 58 et
1384 1465 96 58 tunc
1444 1465 132 58 dicitur
1540 1465 204 58 praescientia.
1708 1465 120 58 Preter
1792 1465 108 58 autem
1865 1465 84 58 hec
1913 1465 120 58 nomina
1997 1465 96 58 sunt
2057 1465 120 58 quadam
2141 1465 96 58 alia
2189 1465 84 58 vsita

1336 1509 81 61 ta
1377 1509 81 61 in
1418 1509 190 61 scripturis
1567 1509 81 61 ad
1607 1509 230 61 significandum
1797 1509 176 61 scientiam
1933 1509 108 61 dei:
2001 1509 95 61 que
2055 1509 122 61 tamen
2136 1509 122 61 dicta
2204 1509 54 61 de

1347 1550 97 59 deo
1402 1550 166 59 respectu
1527 1550 180 59 aliquorum
1665 1550 97 59 non
1720 1550 138 59 tantum
1817 1550 207 59 significant
1983 1550 97 59 deu
2038 1550 111 59 illa
2107 1550 138 59 nosse:
2204 1550 97 59 sed

1351 1594 116 61 etiam
1429 1594 168 61 diligere:
1558 1594 90 61 vel
1609 1594 142 61 aliquid
1713 1594 116 61 circa
1790 1594 103 61 illa
1855 1594 142 61 operari
1958 1594 90 61 vel
2010 1594 155 61 facturum
2126 1594 116 61 esse:
2191 1594 90 61 sicut

1346 1639 198 59 dispositio:
1504 1639 211 59 prouidentia:
1676 1639 251 59 praedestinatio:
1887 1639 79 59 et
1927 1639 198 59 reprobatio:
2085 1639 79 59 et
2111 1639 172 59 approbatio:

1340 1685 89 58 et
1385 1685 134 58 forte
1474 1685 149 58 aliqua
1578 1685 119 58 alia
1652 1685 89 58 de
1697 1685 149 58 quibus
1801 1685 134 58 aliis
1890 1685 134 58 locis
1979 1685 178 58 videndum
2098 1685 74 58 est

1312 1721 87 106 â‹
1346 1721 122 106 his
1416 1721 226 106 premissig
1590 1721 157 106 primo
1694 1721 209 106 videndum
1851 1721 139 106 est.
1938 1721 157 106 vtrum
2042 1721 139 106 deus
2112 1721 157 106 potesti

1720 1777 129 50 plura
1805 1777 100 50 vel
1863 1777 172 50 pauciora
1991 1777 143 50 scire:
2091 1777 100 50 vel
2134 1777 129 50 praesci

1351 1814 80 56 re
1391 1814 106 56 quam
1457 1814 106 56 scit
1524 1814 93 56 vel
1577 1814 146 56 prescit
1683 1814 160 56 loquendo
1803 1814 80 56 de
1843 1814 160 56 scientia
1963 1814 133 56 rerum.
2056 1814 146 56 Secundo
2162 1814 106 56 idem
2215 1814 67 56 vi-

1339 1863 158 60 dendum
1450 1863 110 60 est
1513 1863 189 60 loquendo
1655 1863 95 60 de
1702 1863 189 60 scientia
1828 1863 253 60 enunciabilium.

1320 1891 195 108 Quantum
1462 1891 106 108 ad
1515 1891 177 108 primum
1639 1891 141 108 pono
1727 1891 301 108 principaliter
1975 1891 124 108 sex
2028 1891 265 108 conclusiones.

1623 1958 137 46 Prima
1714 1958 122 46 est:
1790 1958 122 46 quod
1866 1958 137 46 omnem
1957 1958 106 46 rem
2018 1958 182 46 actualem
2154 1958 106 46 aut
2200 1958 76 46 po-

1345 1988 170 61 tentialem
1476 1988 196 61 praeteritam
1632 1988 91 61 vel
1685 1988 183 61 praesentem
1829 1988 91 61 vel
1881 1988 144 61 futuram
1985 1988 105 61 deus
2051 1988 105 61 actu
2116 1988 170 61 cognoscit
2234 1988 52 61 et

1353 2033 110 57 scit.
1426 2033 147 57 loquendo
1536 2033 73 57 de
1573 2033 147 57 scientia
1683 2033 183 57 simpliciter
1829 2033 86 57 seu
1878 2033 147 57 scientia
1988 2033 159 57 simplicis
2110 2033 134 57 notitia
2196 2033 73 57 Pro-

1344 2083 124 53 batur
1427 2083 193 53 auctoritas
1578 2083 165 53 apostoli
1702 2083 83 53 ad
1743 2083 96 53 Ro.
1798 2083 83 53 4o
1839 2083 96 53 vbi
1894 2083 110 53 ait.
1963 2083 110 53 quod
2032 2083 110 53 deus
2101 2083 124 53 vocat
2183 2083 83 53 ea
2211 2083 83 53 quae

1345 2131 95 54 non
1400 2131 122 54 sunt:
1481 2131 149 54 tanquam
1589 2131 81 54 ea
1630 2131 108 54 quae
1697 2131 122 54 sunt.
1779 2131 81 54 Et
1819 2131 81 54 ad
1860 2131 135 54 hebre.
1955 2131 81 54 4o
1995 2131 122 54 omnia
2076 2131 135 54 inquit
2171 2131 108 54 nuda
2239 2131 81 54 et

1355 2171 151 50 aporta
1461 2171 121 50 sunt
1536 2171 151 50 oculis
1642 2171 136 50 eius.
1733 2171 91 50 Et
1779 2171 197 50 sapientie
1930 2171 76 50 o
1960 2171 91 50 de
2006 2171 197 50 sapientia
2142 2171 151 50 increata

1350 2209 166 58 scribitur
1478 2209 102 58 quod
1541 2209 102 58 ipsa
1605 2209 102 58 scit
1669 2209 115 58 omnia
1745 2209 76 58 et
1783 2209 191 58 intelligit.
1936 2209 64 58 â‹
1961 2209 76 58 Ad
2000 2209 89 58 hoc
2051 2209 115 58 etiam
2127 2209 102 58 sunt
2178 2209 89 58 proba

1353 2252 115 63 tiones
1433 2252 103 63 facte
1502 2252 80 63 pro
1547 2252 103 63 prima
1616 2252 172 63 conclusione
1754 2252 103 63 primi
1823 2252 149 63 articuli:
1937 2252 172 63 praecedenti
2075 2252 183 63 quaestionis.
2224 2252 57 63 â‹
2235 2252 46 63 2a

1353 2297 130 64 onclusio
1451 2297 87 64 est:
1505 2297 87 64 quod
1559 2297 141 64 quamlibet
1667 2297 141 64 entitatem
1776 2297 130 64 actualem
1873 2297 76 64 vel
1917 2297 163 64 potentialem
2046 2297 87 64 etc.
2101 2297 87 64 deus
2144 2297 130 64 necessario

1357 2341 185 62 cognoscit.
1502 2341 79 62 Et
1541 2341 92 62 hec
1594 2341 145 62 probata
1700 2341 92 62 est
1752 2341 79 62 in
1792 2341 198 62 praecedenti
1950 2341 185 62 quaestione
2095 2341 92 62 ar.
2148 2341 79 62 3o
2188 2341 79 62 Ex
2214 2341 66 62 his

1354 2384 121 56 autem
1434 2384 134 56 duabus
1528 2384 134 56 infero
1622 2384 148 56 quasdam
1730 2384 134 56 alias.
1824 2384 94 56 Una
1877 2384 94 56 est
1931 2384 107 56 quod
1998 2384 134 56 nullam
2092 2384 94 56 rem
2146 2384 107 56 quam
2199 2384 81 56 deus

1346 2429 122 59 nescit
1431 2429 122 59 potest
1517 2429 122 59 scire.
1603 2429 147 59 loquendo
1713 2429 73 59 de
1750 2429 147 59 scientia
1860 2429 98 59 modo
1921 2429 171 59 praemisso:
2056 2429 73 59 et
2092 2429 159 59 probatur:
2203 2429 73 59 quia

1345 2471 135 58 nullam
1439 2471 108 58 deus
1506 2471 148 58 nescit.
1614 2471 108 58 Alia
1681 2471 94 58 est
1735 2471 108 58 quod
1802 2471 135 58 nullam
1896 2471 108 58 quam
1964 2471 108 58 scit
2031 2471 135 58 potest
2125 2471 94 58 non
2165 2471 108 58 scire:

1351 2515 152 65 probatur:
1468 2515 93 65 quia
1527 2515 152 65 quamlibet
1643 2515 93 65 scit
1702 2515 175 65 necessario.
1842 2515 70 65 Et
1877 2515 82 65 pro
1924 2515 82 65 hac
1970 2515 117 65 potest
2052 2515 105 65 argui
2122 2515 93 65 quod
2181 2515 70 65 si
2204 2515 70 65 ali-

1356 2556 108 59 quam
1423 2556 108 59 quam
1491 2556 108 59 scit
1558 2556 135 59 potest
1653 2556 95 59 non
1707 2556 135 59 scire:
1801 2556 135 59 maxime
1896 2556 95 59 hoc
1950 2556 81 59 de
1990 2556 122 59 rebus
2071 2556 189 59 videretur:
2206 2556 81 59 quae

1355 2603 98 56 sunt
1416 2603 73 56 et
1452 2603 134 56 possunt
1550 2603 85 56 non
1599 2603 110 56 esse:
1672 2603 85 56 ita
1721 2603 98 56 quod
1782 2603 110 56 sicut
1855 2603 85 56 res
1904 2603 171 56 desinerent
2038 2603 98 56 esse
2099 2603 85 56 sic
2148 2603 98 56 deus
2197 2603 85 56 desi-

1355 2645 133 58 neret
1444 2645 133 58 illas
1532 2645 147 58 scire.
1635 2645 103 58 Sed
1694 2645 103 58 hoc
1753 2645 103 58 est
1812 2645 162 58 falsum:
1930 2645 118 58 quia
2003 2645 103 58 non
2062 2645 133 58 minus
2150 2645 118 58 ipse
2209 2645 74 58 co-

1363 2690 130 63 gnouit
1454 2690 91 63 res
1506 2690 195 63 praeteritas
1662 2690 104 63 quam
1727 2690 195 63 praesentes.
1882 2690 104 63 Unde
1947 2690 104 63 Aug.
2012 2690 91 63 15.
2064 2690 78 63 de
2103 2690 130 63 trini.
2194 2690 104 63 Deus
2246 2690 52 63 sa

1357 2732 143 67 pientia
1461 2732 91 67 sua
1513 2732 117 67 nouit
1591 2732 130 67 omnia:
1682 2732 91 67 ita
1734 2732 78 67 vt
1773 2732 91 67 nec
1825 2732 104 67 quae
1889 2732 156 67 dicuntur
2006 2732 182 67 praeterita
2149 2732 91 67 ibi
2188 2732 104 67 prete-

1351 2777 140 58 reant:
1449 2777 98 58 nec
1505 2777 84 58 ea
1547 2777 112 58 quae
1616 2777 168 58 dicuntur
1742 2777 98 58 ibi
1798 2777 140 58 futura
1896 2777 126 58 quasi
1980 2777 140 58 desint
2077 2777 210 58 expectentur
2231 2777 56 58 vt

1356 2830 137 48 veniant:
1459 2830 80 48 sed
1504 2830 69 48 et
1539 2830 160 48 praeterita
1665 2830 69 48 et
1699 2830 115 48 futura
1779 2830 80 48 cum
1825 2830 183 48 praesentibus
1974 2830 92 48 sunt
2031 2830 115 48 cuncta
2111 2830 160 48 praesentia
2226 2830 57 48 nec

1359 2867 153 55 singula
1470 2867 208 55 cogitantur:
1637 2867 97 55 nec
1693 2867 83 55 ab
1734 2867 125 55 aliis
1818 2867 83 55 ad
1859 2867 111 55 alia
1929 2867 181 55 cogitando
2068 2867 194 55 transitur:
2207 2867 69 55 sed

1360 2910 95 61 vno
1415 2910 163 61 conceptu
1537 2910 122 61 simul
1619 2910 150 61 praesto
1728 2910 109 61 sunt
1796 2910 177 61 vniuersa.
1932 2910 82 61 Et
1973 2910 136 61 postea
2068 2910 150 61 loquens
2177 2910 82 61 de
2204 2910 95 61 patre

1357 2951 66 65 et
1390 2951 99 65 filio
1456 2951 110 65 dicit:
1534 2951 88 65 quod
1589 2951 166 65 vnusquisque
1721 2951 99 65 eorum
1787 2951 99 65 omnia
1854 2951 88 65 quae
1909 2951 88 65 sunt
1964 2951 66 65 in
1997 2951 99 65 eorum
2063 2951 132 65 scientia
2163 2951 99 65 simul
2218 2951 55 65 vi-

1354 2998 105 55 det:
1420 2998 92 55 ita
1472 2998 79 55 vt
1512 2998 132 55 aliqua
1604 2998 132 55 videre
1696 2998 92 55 non
1749 2998 132 55 possit
1841 2998 92 55 non
1894 2998 132 55 videns
1986 2998 119 55 alia:
2065 2998 92 55 sed
2118 2998 119 55 simul
2184 2998 92 55 omnia

1363 3040 112 63 cidet:
1441 3040 112 63 quorum
1520 3040 112 63 nullum
1598 3040 90 63 est:
1655 3040 90 63 quod
1711 3040 79 63 non
1756 3040 112 63 semper
1834 3040 112 63 videt.
1913 3040 67 63 et
1946 3040 146 63 allegatur
2059 3040 67 63 in
2092 3040 146 63 praesenti
2193 3040 90 63 distin

1359 3086 136 62 vione.
1455 3086 150 62 Ratione
1564 3086 136 62 quoque
1659 3086 109 62 idem
1727 3086 136 62 patet.
1823 3086 109 62 quia
1891 3086 123 62 alias
1973 3086 150 62 obliuio
2082 3086 150 62 caderet
2191 3086 82 62 in
2218 3086 68 62 deo
