2441 3551
382 281 151 67 nigrum
487 281 181 67 postquam
623 281 121 67 fuit
698 281 136 67 album
789 281 121 67 sine
864 281 121 67 eius
939 281 211 67 mutatione:
1105 281 151 67 posset
1196 281 105 67 tamen

389 338 139 52 illud
481 338 155 52 facere
590 338 155 52 nigrum
698 338 124 52 sine
775 338 186 52 motione.
914 338 124 52 quia
992 338 155 52 posset
1100 338 139 52 illud
1177 338 124 52 facere

383 373 148 65 numquam
490 373 134 65 fuisse
584 373 121 65 album
665 373 81 65 et
705 373 134 65 semper
799 373 134 65 fuisse
893 373 148 65 nigrum.
1000 373 81 65 et
1041 373 94 65 ita
1095 373 81 65 de
1135 373 121 65 aliis
1202 373 94 65 exem-

390 416 111 69 plis
460 416 180 69 diceretur
598 416 97 69 suo
654 416 125 69 modo.
737 416 69 69 ⁋
765 416 83 69 Ad
806 416 153 69 quartam
917 416 194 69 instaretur
1070 416 180 69 similiter
1209 416 83 69 de
1237 416 56 69 fu

384 458 112 67 turo
454 458 112 67 quod
524 458 98 67 non
580 458 140 67 posset
678 458 126 67 fieri
762 458 98 67 non
818 458 154 67 futurum
931 458 112 67 sic.
1001 458 154 67 ponatur
1113 458 112 67 quod
1183 458 98 67 hac
1225 458 70 67 di-

396 499 93 67 fiat
454 499 93 67 quod
512 499 185 67 antichristus
663 499 81 67 non
709 499 81 67 sit
755 499 139 67 futurus.
859 499 93 67 tunc
917 499 81 67 hoc
963 499 81 67 est
1010 499 104 67 vera.
1079 499 93 67 nunc
1137 499 104 67 primo
1195 499 104 67 fcontum

397 544 89 72 est
448 544 101 72 quod
511 544 202 72 antichristus
676 544 89 72 non
726 544 89 72 est
777 544 152 72 futurus.
891 544 101 72 ergo
954 544 89 72 non
1004 544 89 72 est
1055 544 152 72 futurus.
1169 544 76 72 Et
1207 544 76 72 ex
1232 544 76 72 alia

382 589 135 75 parte
472 589 195 75 sequitur:
623 589 120 75 quod
698 589 180 75 antequam
833 589 105 75 hoc
893 589 150 75 factum
998 589 150 75 fieret
1104 589 120 75 fuit
1164 589 135 75 futurus

392 631 121 64 ergo
468 631 136 64 adhuc
558 631 106 64 est
619 631 166 64 futurus
740 631 151 64 posito
846 631 121 64 quod
922 631 136 64 simus
1012 631 136 64 adhuc
1103 631 91 64 in
1134 631 166 64 instanti-

389 674 91 67 in
434 674 107 67 quo
495 674 122 67 erat
571 674 167 67 futurus
693 674 183 67 antequam
830 674 107 67 hoc
891 674 167 67 fieret.
1013 674 76 67 ⁋
1043 674 91 67 Ad
1089 674 183 67 rationem
1211 674 91 67 dice

384 716 112 67 retur
458 716 137 67 negando
558 716 112 67 illam
632 716 211 67 consequentia.
806 716 87 67 qua
856 716 75 67 ex
894 716 75 67 eo
931 716 100 67 quod
993 716 137 67 ponitur
1093 716 100 67 ista
1155 716 87 67 die
1192 716 112 67 factum:

385 760 119 69 quod
460 760 149 69 mundus
564 760 105 69 non
624 760 149 69 fuerit
729 760 179 69 infertur
863 760 134 69 istam
953 760 119 69 esse
1027 760 149 69 veram.
1132 760 119 69 nunc
1191 760 105 69 primo

389 814 121 56 factum
474 814 85 56 est
522 814 97 56 quod
583 814 121 56 mundus
667 814 85 56 non
716 814 133 56 fuerit.
813 814 97 56 quia
873 814 85 56 non
922 814 85 56 est
970 814 133 56 positum
1067 814 73 56 in
1103 814 182 56 antecedente
1236 814 73 56 quod

387 850 111 66 nunc
456 850 125 66 primo
540 850 125 66 fiat:
623 850 97 66 aut
678 850 97 66 sit
734 850 139 66 factum
831 850 111 66 quod
900 850 125 66 mudus
983 850 97 66 non
1039 850 125 66 fuit:
1122 850 83 66 et
1163 850 97 66 hoc
1219 850 83 66 si
1247 850 55 66 po

387 893 152 64 neretur
498 893 166 64 negandum
622 893 138 64 esset:
719 893 111 64 quia
788 893 97 64 non
844 893 97 64 est
899 893 180 64 possibile
1037 893 83 64 vt
1079 893 111 64 deus
1148 893 138 64 faciat
1231 893 69 64 nun

384 936 145 63 mundum
486 936 102 63 non
544 936 160 63 fuisse:
661 936 116 63 quin
734 936 145 63 semper
835 936 160 63 fecerit
952 936 145 63 mundum
1054 936 102 63 non
1112 936 160 63 fuisse:
1214 936 87 63 siut

386 981 111 65 non
450 981 111 65 est
513 981 207 65 possibile
672 981 127 65 nunc
752 981 127 65 esse
831 981 127 65 deum
911 981 111 65 non
974 981 175 65 fecisse
1101 981 175 65 mundum:
1213 981 95 65 quin

398 1024 156 64 semper
507 1024 156 64 fuerit
616 1024 156 64 verum.
725 1024 124 64 Unde
803 1024 218 64 ymaginatio
974 1024 202 64 argumenti
1129 1024 140 64 vadit
1207 1024 109 64 quasi

393 1068 144 57 detur.
494 1068 115 57 quod
566 1068 115 57 deus
638 1068 144 57 potest
739 1068 144 57 mundum
840 1068 173 57 postquam
970 1068 115 57 fuit
1042 1068 144 57 facere
1143 1068 101 57 non
1187 1068 115 57 fuiss-

396 1111 136 61 quasi
486 1111 211 61 transmutet
652 1111 91 61 de
698 1111 151 61 fuisse
803 1111 91 61 in
848 1111 106 61 non
909 1111 166 61 fuisse:
1029 1111 106 61 que
1090 1111 211 61 ymaginatio
1241 1111 75 61 est

394 1155 253 61 impossibilis
599 1155 95 61 vt
647 1155 142 61 supra
742 1155 158 61 dictum
852 1155 111 61 est
915 1155 95 61 ad
963 1155 253 61 auctoritatem
1168 1155 126 61 Aug.
1231 1155 79 61 Nec

392 1199 122 62 hunc
468 1199 152 62 sensum
574 1199 213 62 concipiunt
741 1199 106 62 qui
802 1199 152 62 tenent
909 1199 122 62 viam
985 1199 152 62 istam:
1091 1199 106 62 sed
1152 1199 137 62 sicut
1228 1199 76 62 est

390 1245 239 61 intelligendum
586 1245 112 61 quod
657 1245 154 61 futurum
769 1245 168 61 antequam
895 1245 126 61 fiat.
979 1245 112 61 deus
1049 1245 140 61 potest
1148 1245 140 61 facere
1232 1245 70 61 non

391 1287 189 63 futurum.
533 1287 110 63 non
596 1287 126 63 quia
674 1287 157 63 posset
784 1287 142 63 ipsum
879 1287 236 63 transmutare
1067 1287 94 63 de
1115 1287 126 63 esse
1177 1287 142 63 futurum

390 1335 84 54 in
432 1335 98 54 non
488 1335 112 54 esse
559 1335 169 54 futurum:
685 1335 98 54 sed
741 1335 112 54 quia
811 1335 140 54 potest
910 1335 98 54 non
966 1335 112 54 esse
1036 1335 169 54 facturus
1162 1335 140 54 ipsum.
1247 1335 70 54 sic

396 1375 203 59 intelligendum
563 1375 83 59 est
611 1375 95 59 quod
670 1375 179 59 praeteritum
813 1375 119 59 potest
897 1375 119 59 facere
980 1375 83 59 non
1028 1375 131 59 fuisse:
1123 1375 95 59 quia
1183 1375 119 59 potest
1254 1375 60 59 il-

398 1417 107 62 lud
459 1417 168 62 numquam
581 1417 183 62 fecisse.
718 1417 76 62 ⁋
749 1417 92 62 Ad
795 1417 168 62 quintam
917 1417 137 62 primo
1009 1417 153 62 posset
1115 1417 168 62 instari
1222 1417 92 62 dedu

401 1470 142 51 cendo
496 1470 95 51 ad
544 1470 253 51 inconueniens
749 1470 142 51 idem:
844 1470 111 51 tam
907 1470 95 51 in
955 1470 285 51 reuelationibus
1192 1470 95 51 de
1224 1470 79 51 pre

387 1506 129 57 senti
473 1506 115 57 quam
545 1506 172 57 futuris.
674 1506 101 57 Nam
731 1506 144 57 posset
832 1506 172 57 reuelare
961 1506 115 57 quod
1033 1506 144 57 petrus
1133 1506 101 57 est
1191 1506 129 57 rome:
1263 1506 57 57 et

397 1550 121 62 tamen
477 1550 134 62 petrum
571 1550 215 62 annichilare.
745 1550 81 62 Et
786 1550 134 62 posset
880 1550 161 62 reuelare
1000 1550 107 62 quod
1067 1550 215 62 antichristus
1228 1550 81 62 erit

400 1592 72 62 a.
436 1592 155 62 instanti:
555 1592 72 62 et
591 1592 107 62 tamen
663 1592 191 62 antichristum
818 1592 131 62 nunquam
913 1592 143 62 causare:
1021 1592 72 62 et
1056 1592 155 62 vtrobique
1164 1592 143 62 mentiretur

389 1634 191 62 consequentia
544 1634 119 62 patet:
628 1634 95 62 quia
687 1634 107 62 prima
759 1634 155 62 reuelatio
878 1634 83 62 est
926 1634 155 62 distincta
1045 1634 83 62 res
1092 1634 60 62 a
1116 1634 107 62 petro
1188 1634 72 62 et
1224 1634 72 62 2a
1247 1634 60 62 ali

398 1682 197 56 antichristo:
558 1682 86 56 vel
607 1682 111 56 esset
681 1682 160 56 distincta
804 1682 74 56 si
841 1682 197 56 antichristus
1000 1682 123 56 esset.
1087 1682 160 56 Diceretur
1210 1682 98 56 ergo
1259 1682 49 56 ad

396 1722 190 59 argumentum
545 1722 108 59 quod
613 1722 135 59 vtique
708 1722 108 59 deus
776 1722 135 59 posset
870 1722 135 59 facere
965 1722 108 59 adam
1033 1722 95 59 non
1087 1722 149 59 fuisse.
1195 1722 81 59 et
1222 1722 95 59 illam

393 1767 177 51 entitatem
530 1767 109 51 quae
598 1767 109 51 fuit
666 1767 191 51 reuelatio:
817 1767 123 51 nihil
898 1767 150 51 fuisse:
1008 1767 96 51 non
1062 1767 123 51 tamen
1144 1767 137 51 fuisse
1226 1767 82 51 reue

391 1808 176 57 lationem.
527 1808 135 57 posset
621 1808 108 57 enim
689 1808 95 57 eam
743 1808 149 57 fecisse
851 1808 135 57 absque
945 1808 176 57 subiecto:
1080 1808 95 57 aut
1134 1808 122 57 nulli
1215 1808 95 57 per
1256 1808 54 57 i-

394 1852 101 60 lam
451 1852 159 60 aliquid
567 1852 246 60 significasse.
770 1852 130 60 sicut
856 1852 159 60 dicedum
972 1852 130 60 esset
1059 1852 87 60 de
1088 1852 231 60 reuelationibus

406 1893 66 62 de
439 1893 165 62 prasesunti.
571 1893 66 62 et
604 1893 66 62 de
637 1893 121 62 futuro:
725 1893 66 62 et
758 1893 77 62 sic
802 1893 77 62 non
846 1893 132 62 sequitur
946 1893 88 62 quod
1001 1893 143 62 infertur.
1111 1893 77 62 hoc
1155 1893 88 62 modo
1199 1893 121 62 responde-

399 1940 112 56 rent
469 1940 98 56 qui
525 1940 126 56 huius
609 1940 126 56 dubii
693 1940 140 56 partem
791 1940 224 56 affirmatiuam
974 1940 182 56 tenerent.
1114 1940 70 56 ⁋
1142 1940 98 56 Qui
1198 1940 112 56 vero
1254 1940 56 56 te

403 1984 117 53 nent
476 1984 190 53 negatiuam
622 1984 160 53 possent
739 1984 88 53 ad
783 1984 175 53 rationes
914 1984 102 53 pro
972 1984 175 53 opposita
1104 1984 131 53 parte
1177 1984 131 53 adducta

397 2027 122 55 etiam
479 2027 204 55 respondere.
642 2027 109 55 Unde
709 2027 81 55 ad
750 2027 136 55 primam
845 2027 95 55 cum
899 2027 149 55 dicitur
1008 2027 81 55 ad
1049 2027 109 55 adam
1116 2027 95 55 non
1171 2027 136 55 fuisse
1252 2027 68 55 non

384 2068 167 57 sequitur
509 2068 139 57 primum
607 2068 195 57 principium
760 2068 97 57 non
816 2068 111 57 esse
885 2068 139 57 verum.
983 2068 97 57 hoc
1039 2068 97 57 non
1094 2068 125 57 esset
1164 2068 153 57 conceden-

391 2112 114 54 dum.
462 2112 86 54 Ad
505 2112 214 54 probationem
677 2112 186 54 diceretur
820 2112 114 54 quod
891 2112 100 54 non
948 2112 186 54 sequitur:
1091 2112 100 54 non
1148 2112 114 54 plus
1206 2112 114 54 potest

399 2156 149 66 probari
508 2156 108 66 quod
575 2156 81 66 ad
616 2156 108 66 adam
683 2156 95 66 non
738 2156 135 66 fuisse
832 2156 162 66 sequitur
954 2156 135 66 primum
1049 2156 189 66 principium
1197 2156 95 66 non
1238 2156 81 66 esse

398 2198 131 60 verum:
490 2198 105 60 quam
556 2198 105 60 quod
621 2198 79 60 ad
661 2198 210 60 antichristum
832 2198 92 60 non
884 2198 118 60 fore.
963 2198 105 60 ergo
1029 2198 92 60 non
1081 2198 105 60 pius
1147 2198 158 60 sequitur
1265 2198 79 60 ad

394 2245 123 62 adam.
477 2245 82 62 et
518 2245 82 62 c.
559 2245 82 62 Et
600 2245 96 62 est
655 2245 123 62 ratio
737 2245 110 62 quia
806 2245 110 62 sunt
874 2245 123 62 multa
956 2245 110 62 quae
1025 2245 178 62 includunt
1162 2245 96 62 vel
1203 2245 110 62 antece

408 2294 98 56 dunt
469 2294 73 56 ad
506 2294 232 56 contradictoria:
701 2294 73 56 et
738 2294 110 56 tamen
811 2294 86 56 non
860 2294 122 56 potest
946 2294 159 56 euidenter
1068 2294 135 56 ostendi
1166 2294 98 56 quod
1215 2294 98 56 contra

409 2327 164 59 dictoria
532 2327 192 59 includant.
683 2327 123 59 verbi
765 2327 151 59 gratia.
875 2327 109 59 quod
943 2327 109 59 deus
1011 2327 96 59 non
1066 2327 96 59 sit
1121 2327 137 59 trinus
1203 2327 123 59 persona

397 2372 120 61 liter
477 2372 133 61 vtique
570 2372 160 61 includit
690 2372 266 61 contradictionem:
916 2372 80 61 et
956 2372 120 61 tamen
1036 2372 93 61 non
1090 2372 133 61 potest
1169 2372 147 61 euidenter

389 2416 180 54 oestendi.
528 2416 180 54 Similiter
667 2416 167 54 secundum
792 2416 139 54 multos
889 2416 167 54 doctores
1014 2416 97 54 non
1069 2416 180 54 euidenter
1194 2416 125 54 ostendi

390 2465 135 63 potest
485 2465 108 63 quod
553 2465 162 63 includat
674 2465 257 63 contradictionem
891 2465 108 63 esse
958 2465 135 63 plures
1053 2465 122 63 deos:
1134 2465 81 63 et
1174 2465 122 63 tamen
1242 2465 81 63 cer-

398 2505 94 56 tum
451 2505 94 56 est
505 2505 108 56 quod
573 2505 175 56 includit.
708 2505 94 56 Sic
761 2505 175 56 diceretur
896 2505 81 56 in
937 2505 189 56 proposito.
1085 2505 81 56 Et
1125 2505 108 56 ideo
1193 2505 121 56 licet
1260 2505 54 56 se

399 2555 151 50 quatur.
509 2555 82 50 ad
550 2555 96 50 hoc
605 2555 96 50 non
660 2555 165 50 sequitur
783 2555 137 50 primum
879 2555 192 50 principium
1030 2555 96 50 non
1085 2555 110 50 esse
1153 2555 137 50 verum:
1236 2555 82 50 ergo

395 2596 91 52 hoc
447 2596 129 52 potest
537 2596 91 52 per
589 2596 142 52 diuinam
692 2596 168 52 potentiam
822 2596 103 52 esse
886 2596 129 52 verum.
977 2596 91 52 non
1029 2596 116 52 tamen
1106 2596 155 52 sequitur
1223 2596 91 52 non
1261 2596 52 52 ap

398 2636 126 61 paret
482 2636 98 61 vel
538 2636 98 61 non
594 2636 140 61 potest
691 2636 154 61 ostendi
803 2636 112 61 quod
873 2636 84 61 ad
915 2636 98 61 hoc
971 2636 168 61 sequitur
1096 2636 140 61 primum
1180 2636 140 61 principi

391 2691 79 45 um
430 2691 92 45 non
483 2691 105 45 esse
549 2691 132 45 verum.
641 2691 132 45 igitur
733 2691 92 45 hoc
786 2691 132 45 potest
878 2691 92 45 per
930 2691 145 45 diuinam
1036 2691 171 45 potentiam
1167 2691 105 45 esse
1220 2691 92 45 verum

399 2724 83 59 Et
441 2724 96 59 hoc
496 2724 124 59 ideo.
578 2724 110 59 quia
647 2724 96 59 non
702 2724 179 59 sequitur.
839 2724 96 59 non
894 2724 138 59 potest
991 2724 151 59 ostendi
1101 2724 110 59 quod
1169 2724 83 59 ad
1211 2724 96 59 hoc
1252 2724 55 59 se

399 2771 173 55 quitur
520 2771 173 55 primum
641 2771 242 55 principium
831 2771 121 55 non
901 2771 138 55 esse
987 2771 173 55 verum.
1108 2771 138 55 ergo
1195 2771 104 55 ad
1229 2771 87 55 hoc

394 2809 95 52 non
449 2809 164 52 sequitur
572 2809 136 52 primum
667 2809 191 52 principium
817 2809 95 52 non
872 2809 109 52 esse
940 2809 123 52 verum
1022 2809 82 52 vt
1063 2809 123 52 patet
1144 2809 82 52 in
1172 2809 136 52 exemplis

399 2853 197 57 premissis.
554 2853 70 57 ⁋
582 2853 84 57 Ad
624 2853 127 57 illud
708 2853 127 57 autem
793 2853 113 57 quod
863 2853 211 57 annectitur.
1032 2853 113 57 quia
1102 2853 127 57 ista.
1186 2853 113 57 adam
1243 2853 70 57 non

394 2904 86 52 fuit
448 2904 140 52 aliquando
556 2904 86 52 fuit
610 2904 97 52 vera:
674 2904 140 52 diceretur
782 2904 86 52 quod
836 2904 97 52 licet
900 2904 140 52 aliquando
1008 2904 86 52 fuit
1062 2904 97 52 vera.
1126 2904 65 52 et
1159 2904 75 52 per
1191 2904 129 52 consequens

399 2947 83 54 non
446 2947 83 54 per
494 2947 71 54 se
529 2947 165 54 antecedens
659 2947 71 54 ad
694 2947 224 54 contradictoria.
883 2947 106 54 tamen
953 2947 94 54 quia
1012 2947 94 54 nunc
1071 2947 83 54 sua
1119 2947 142 54 opposita
1225 2947 83 54 est
1260 2947 59 54 ne-

397 2982 163 54 cessaria
519 2982 149 54 propter
628 2982 217 54 transitionem
804 2982 81 54 in
845 2982 203 54 praeteritum
1007 2982 108 54 ipsa
1075 2982 95 54 est
1116 2982 203 54 impossibilis.

392 3028 72 49 et
428 3028 84 49 per
476 3028 168 49 consequens
608 3028 72 49 ad
644 3028 108 49 ipsam
716 3028 96 49 esse
776 3028 108 49 veram
848 3028 144 49 sequitur
956 3028 120 49 primum
1040 3028 168 49 principium
1172 3028 84 49 non
1220 3028 96 49 esse
1268 3028 48 49 ve

391 3071 109 57 rum.
460 3071 82 57 et
501 3071 109 57 ipsa
569 3071 191 57 necessario
719 3071 123 57 libet
801 3071 96 57 per
856 3071 164 57 accidens
979 3071 178 57 antecedit
1115 3071 82 57 ad
1142 3071 178 57 contradicto

1351 272 117 56 ria.
1424 272 73 56 ⁋
1453 272 87 56 Ad
1497 272 102 56 2am
1556 272 175 56 negarent
1687 272 204 56 antecedens
1847 272 87 56 et
1891 272 87 56 ad
1935 272 219 56 probationem
2109 272 175 56 dicerent
2226 272 73 56 non

1355 308 106 61 esse
1421 308 132 61 simile
1513 308 79 61 de
1553 308 132 61 futuro
1646 308 132 61 nondum
1738 308 132 61 posito
1831 308 79 61 in
1870 308 119 61 esse:
1950 308 79 61 et
1989 308 79 61 de
2029 308 185 61 praeterito
2174 308 93 61 iam
2214 308 66 61 po-

1358 353 116 59 sito
1431 353 87 59 in
1475 353 131 59 esse.
1562 353 102 59 sam
1620 353 87 59 vt
1664 353 145 59 dictum
1765 353 102 59 est
1824 353 102 59 hec
1882 353 102 59 est
1940 353 131 59 facta
2027 353 218 59 necessaria.
2187 353 87 59 adam

1349 397 119 60 fuit.
1428 397 79 60 et
1468 397 93 60 per
1521 397 185 60 consequens
1666 397 106 60 adam
1732 397 93 60 non
1785 397 132 60 fuisse
1877 397 93 60 est
1930 397 211 60 impossibile.
2102 397 79 60 ex
2142 397 93 60 quo
2181 397 93 60 vltra

1341 440 162 63 sequitur
1463 440 108 63 quod
1531 440 108 63 deum
1598 440 95 63 non
1652 440 162 63 voluisse
1774 440 203 63 eternaliter
1936 440 176 63 aliquando
2071 440 176 63 producere
2193 440 81 63 adam

1358 483 91 61 est
1410 483 207 61 impossibile.
1578 483 91 61 non
1630 483 91 61 sic
1681 483 78 61 de
1720 483 207 61 antichristo.
1888 483 103 61 quia
1953 483 103 61 ista
2017 483 91 61 non
2069 483 91 61 est
2108 483 168 61 necessaria:

1347 528 101 59 sed
1404 528 115 59 mere
1476 528 216 59 contingens.
1650 528 231 59 antichristus
1837 528 130 59 erit.
1924 528 72 59 ⁋
1953 528 87 59 Ad
1996 528 159 59 tertiam
2111 528 173 59 rationem
2227 528 72 59 qua

1345 575 171 60 infertur:
1477 575 106 60 quod
1543 575 106 60 deus
1609 575 132 60 posset
1701 575 145 60 mentiri
1806 575 145 60 patebit
1912 575 158 60 responio
2031 575 79 60 in
2070 575 185 60 quaestione
2202 575 66 60 se-

1349 615 161 63 quenti.
1466 615 73 63 ⁋
1495 615 88 63 Ad
1539 615 234 63 auctoritatem
1729 615 117 63 Aug.
1802 615 117 63 dici
1875 615 161 63 posset.
1992 615 117 63 quod
2065 615 117 63 illa
2124 615 175 63 comperatio

1351 656 88 60 est
1402 656 88 60 sic
1452 656 202 60 intelligenda
1617 656 101 60 quod
1680 656 114 60 sicut
1756 656 190 60 simpliciter
1907 656 190 60 impossibile
2059 656 88 60 est
2109 656 177 60 praeterita
2236 656 63 60 non

1344 703 153 58 fuisse
1451 703 153 58 facta.
1558 703 107 58 sic
1619 703 229 58 impossibile
1802 703 107 58 est
1863 703 92 58 vt
1909 703 153 58 aliqua
2016 703 122 58 sint
2093 703 107 58 vel
2138 703 138 58 fuerint

1343 747 172 57 futura.
1469 747 94 57 et
1516 747 110 57 non
1578 747 141 57 fiant
1672 747 141 57 sicut
1766 747 172 57 fuerunt
1892 747 172 57 futura.
2017 747 78 57 ⁋
2048 747 94 57 Ad
2095 747 157 57 ansel.
2189 747 110 57 dice-

1344 800 138 52 retur:
1441 800 111 52 quod
1510 800 111 52 ideo
1579 800 124 52 dicit
1662 800 97 52 non
1717 800 124 52 recte
1800 800 111 52 dici
1869 800 207 52 impossibile
2035 800 111 52 etc.
2104 800 111 52 quia
2174 800 111 52 quod
2229 800 69 52 hoc

1346 833 94 62 non
1399 833 134 62 posset
1493 833 94 62 non
1547 833 94 62 est
1600 833 80 62 ex
1641 833 107 62 eius
1708 833 174 62 impoetia.
1842 833 94 62 sed
1895 833 107 62 quia
1963 833 121 62 illud
2043 833 94 62 non
2097 833 94 62 est
2137 833 134 62 possibi-

1355 879 78 57 le
1394 879 130 57 fieri.
1485 879 78 57 et
1524 879 104 57 ideo
1589 879 117 57 recte
1666 879 117 57 illud
1744 879 143 57 dicitur
1848 879 91 57 non
1900 879 117 57 posse
1978 879 130 57 fieri.
2068 879 91 57 Non
2120 879 117 57 autem
2185 879 91 57 recte

1345 921 162 59 dicitur:
1467 921 108 59 quod
1535 921 108 59 deus
1602 921 95 59 non
1656 921 135 59 potest
1751 921 122 59 illud
1832 921 149 59 facere.
1940 921 68 59 ⁋
1967 921 81 59 Ex
2007 921 95 59 hoc
2061 921 122 59 etiam
2142 921 108 59 vult
2196 921 68 59 di-

1353 963 130 62 cere.
1439 963 101 62 cum
1497 963 115 62 ait:
1569 963 115 62 quod
1641 963 101 62 sua
1698 963 173 62 voluntas
1828 963 130 62 nulli
1914 963 173 62 subditur
2044 963 216 62 necessitati
2202 963 72 62 vel

1354 1008 266 58 impossibilitati.
1580 1008 106 58 quod
1646 1008 106 58 vero
1713 1008 160 58 vlterius
1833 1008 146 58 diciter
1939 1008 80 58 de
1979 1008 106 58 illa
2046 1008 213 58 necessitate:
2205 1008 67 58 con

1348 1059 123 53 sequens
1438 1059 79 53 non
1482 1059 79 53 est
1527 1059 123 53 contra:
1617 1059 90 53 quia
1673 1059 101 53 libet
1740 1059 79 53 ibi
1785 1059 101 53 dicat
1853 1059 90 53 esse
1909 1059 101 53 talem
1976 1059 180 53 necessitatem
2111 1059 168 53 consequentie:

1356 1099 67 56 et
1389 1099 78 56 hoc
1434 1099 123 56 commune
1524 1099 78 56 sit
1568 1099 67 56 ad
1602 1099 89 56 tria
1658 1099 134 56 tempora.
1758 1099 78 56 cum
1803 1099 78 56 hoc
1848 1099 101 56 tamen
1915 1099 89 56 stat
1971 1099 89 56 quod
2027 1099 67 56 in
2060 1099 157 56 praeterito
2184 1099 78 56 sit
2217 1099 56 56 ne-

1354 1139 155 62 cessitas
1471 1139 91 62 est
1522 1139 181 62 antecedens
1665 1139 78 62 de
1704 1139 91 62 qua
1755 1139 155 62 loquitur
1872 1139 91 62 nec
1924 1139 168 62 oppositum
2053 1139 116 62 huius
2131 1139 91 62 ibi
2169 1139 104 62 dicit.

1352 1181 70 66 ⁋
1380 1181 112 66 Ecce
1450 1181 126 66 posui
1534 1181 182 66 vtriusque
1674 1181 140 66 partis
1772 1181 210 66 probationem
1940 1181 84 66 et
1982 1181 224 66 defensiones:
2150 1181 112 66 quarum

1348 1223 119 65 que
1416 1223 238 65 preferenda
1603 1223 119 65 sit
1671 1223 204 65 doctorum
1824 1223 187 65 iudicio
1960 1223 204 65 reliquo.
2113 1223 85 65 ⁋
2147 1223 102 65 Ad
2181 1223 119 65 argu-

1347 1272 125 63 menta
1430 1272 138 63 contra
1527 1272 97 63 2am
1583 1272 222 63 conclusione.
1763 1272 69 63 ⁋
1790 1272 83 63 Ad
1832 1272 138 63 primum
1929 1272 111 63 nego
1998 1272 249 63 consequentiam.
2192 1272 69 63 Non

1354 1314 109 63 enim
1422 1314 177 63 sequitur:
1558 1314 177 63 quamlibet
1694 1314 177 63 entitatem
1830 1314 109 63 quam
1898 1314 109 63 deus
1966 1314 136 63 potest
2061 1314 163 63 coagente
2170 1314 95 63 crea-

1362 1355 110 67 tura
1431 1355 192 67 producere:
1582 1355 137 67 potest
1678 1355 124 67 nullo
1761 1355 165 67 coagente
1884 1355 192 67 producere.
2035 1355 110 67 ergo
2104 1355 110 67 deus
2159 1355 110 67 potest

1356 1412 136 47 nullo
1447 1412 181 47 coagente
1582 1412 196 47 producere
1733 1412 136 47 actum
1824 1412 211 47 culpabilem
1990 1412 106 47 seu
2051 1412 196 47 peccatum.
2186 1412 76 47 sed

1352 1444 164 64 sequitur.
1478 1444 101 64 ergo
1541 1444 113 64 actum
1617 1444 176 64 culpabilem
1755 1444 88 64 vel
1805 1444 151 64 peccatum
1919 1444 126 64 potest
2007 1444 101 64 deus
2070 1444 113 64 nullo
2145 1444 101 64 alio
2196 1444 76 64 coa-

1361 1484 128 72 gente
1446 1484 198 72 producere.
1602 1484 99 72 nec
1658 1484 85 72 ex
1701 1484 113 72 ista
1772 1484 170 72 sequitur
1899 1484 142 72 prior.
1999 1484 128 72 Sicut
2084 1484 99 72 non
2126 1484 156 72 sequitur:

1360 1536 157 56 mortuum
1474 1536 143 56 potest
1574 1536 115 56 deus
1646 1536 143 56 facere
1746 1536 157 56 viuens.
1861 1536 115 56 ergo
1932 1536 115 56 deus
2004 1536 143 56 potest
2104 1536 143 56 facere
2190 1536 86 56 mor-

1352 1578 130 60 tuum
1433 1578 179 60 viuens.
1563 1578 114 60 Nam
1629 1578 147 60 prima
1726 1578 114 60 est
1791 1578 147 60 vera.
1889 1578 130 60 siue
1971 1578 212 60 subiectum
2117 1578 163 60 supponat

1371 1620 82 65 pro
1418 1620 70 65 eo
1453 1620 94 65 quod
1512 1620 94 65 est:
1570 1620 94 65 siue
1629 1620 82 65 pro
1675 1620 70 65 eo
1711 1620 94 65 quod
1769 1620 117 65 potest
1851 1620 94 65 esse
1909 1620 140 65 mortuum.
2015 1620 70 65 et
2050 1620 70 65 2a
2085 1620 82 65 est
2132 1620 117 65 falsa.
2202 1620 70 65 quia

1362 1668 106 58 hec.
1428 1668 106 58 deus
1495 1668 120 58 facit
1575 1668 146 58 mortuum
1681 1668 146 58 viuens.
1788 1668 93 58 non
1841 1668 93 58 est
1894 1668 200 58 possibilis:
2054 1668 106 58 quod
2120 1668 120 58 tamen
2187 1668 93 58 seque

1366 1710 102 58 retur
1434 1710 68 58 si
1468 1710 91 58 illa
1525 1710 102 58 esset
1593 1710 102 58 vera.
1661 1710 79 58 Sic
1706 1710 91 58 haoc
1763 1710 79 58 est
1808 1710 91 58 vera
1865 1710 102 58 actum
1933 1710 159 58 culpabilem
2058 1710 114 58 potest
2138 1710 91 58 deus
2183 1710 91 58 facere

1351 1749 123 61 nullo
1433 1749 109 61 alio
1502 1749 178 61 coagente.
1638 1749 96 61 Nam
1693 1749 123 61 illam
1775 1749 178 61 entitatem
1912 1749 109 61 quae
1980 1749 96 61 est
2035 1749 123 61 actus
2103 1749 164 61 culpabilis

1375 1793 93 64 vel
1428 1793 120 64 etiam
1508 1793 107 64 quae
1574 1793 133 64 potest
1668 1793 107 64 esse
1734 1793 120 64 actus
1814 1793 200 64 culpabilis:
1974 1793 107 64 deus
2040 1793 133 64 potest
2134 1793 120 64 nullo
2200 1793 80 64 alio

1367 1843 179 53 coagente
1501 1843 208 53 producere.
1665 1843 104 53 nec
1724 1843 119 53 pius
1799 1843 193 53 denotatur
1948 1843 104 53 per
2007 1843 134 53 illam
2082 1843 193 53 propositio-

1355 1889 104 54 nem.
1420 1889 91 54 sed
1472 1889 143 54 sccunda
1576 1889 91 54 est
1627 1889 130 54 falsa.
1718 1889 104 54 quia
1783 1889 91 54 hec
1835 1889 91 54 est
1887 1889 221 54 impossibilis.
2068 1889 104 54 deus
2133 1889 117 54 nullo
2198 1889 78 54 alio

1362 1926 168 57 coagente
1488 1926 126 57 facit
1572 1926 126 57 actum
1657 1926 210 57 culpabilem:
1825 1926 98 57 que
1881 1926 126 57 tamen
1965 1926 98 57 per
2021 1926 154 57 priorem
2120 1926 154 57 denotatur

1366 1969 98 57 esse
1427 1969 185 57 possibilis.
1575 1969 74 57 ex
1612 1969 74 57 eo
1649 1969 148 57 scilicet
1759 1969 98 57 quod
1821 1969 98 57 illa
1882 1969 86 57 est
1932 1969 185 57 singularis.
2079 1969 111 57 cuius
2141 1969 135 57 subiectum

1372 2012 79 58 est
1417 2012 102 58 nomen
1485 2012 136 58 proprium
1587 2012 68 58 et
1621 2012 102 58 actum
1689 2012 158 58 culpabilem
1813 2012 124 58 ponitur
1904 2012 57 58 a
1926 2012 102 58 parte
1994 2012 170 58 praedicati:
2130 2012 91 58 quod
2175 2012 102 58 secundu

1361 2053 164 61 logicos
1480 2053 149 61 semper
1585 2053 179 61 appellat
1719 2053 119 61 suam
1793 2053 179 61 propriam
1927 2053 164 61 formam.
2047 2053 119 61 Unde
2121 2053 89 61 si
2151 2053 134 61 aliquam

1369 2102 168 53 entitatem
1498 2102 90 53 que
1550 2102 90 53 est
1602 2102 90 53 vel
1653 2102 129 53 potest
1744 2102 103 53 esse
1808 2102 116 53 actus
1886 2102 194 53 culpabilis.
2041 2102 103 53 deus
2105 2102 142 53 faceret
2196 2102 77 53 nul-

1369 2142 77 59 lo
1408 2142 102 59 alio
1472 2142 166 59 coagente.
1599 2142 90 59 non
1651 2142 115 59 tamen
1727 2142 90 59 hec
1778 2142 102 59 tunc
1842 2142 115 59 esset
1919 2142 115 59 vera.
1996 2142 102 59 deus
2060 2142 115 59 facit
2136 2142 115 59 actum
2200 2142 77 59 cul-

1369 2185 155 64 pabilem.
1485 2185 103 64 quia
1550 2185 103 64 ille
1614 2185 103 64 tunc
1679 2185 90 64 non
1731 2185 116 64 esset
1808 2185 116 64 actus
1886 2185 194 64 culpabilis.
2041 2185 65 64 ⁋
2067 2185 90 64 Sed
2118 2185 129 64 contra
2196 2185 103 64 potest

1357 2229 129 58 argui
1443 2229 115 58 sic.
1514 2229 115 58 hunc
1586 2229 129 58 actum
1672 2229 115 58 deus
1744 2229 143 58 potest
1844 2229 143 58 facere
1944 2229 129 58 nullo
2030 2229 115 58 alio
2102 2229 186 58 coagente.
2231 2229 57 58 et

1365 2273 91 59 hic
1417 2273 117 59 actus
1495 2273 91 59 non
1547 2273 130 59 potest
1639 2273 104 59 esse
1704 2273 91 59 non
1756 2273 195 59 culpabilis.
1912 2273 104 59 ergo
1977 2273 104 59 deus
2042 2273 130 59 potest
2134 2273 130 59 facere
2212 2273 65 59 etc

1376 2321 139 52 Antecedens
1485 2321 109 52 quantum
1564 2321 59 52 ad
1594 2321 99 52 primam
1663 2321 99 52 partem
1733 2321 99 52 patet.
1802 2321 79 52 quia
1851 2321 119 52 sequitur
1940 2321 59 52 ex
1970 2321 59 52 2a
2000 2321 149 52 conclusione
2119 2321 129 52 quicumque
2208 2321 69 52 ectus

1365 2364 231 55 demonstretur.
1556 2364 82 55 Et
1597 2364 95 55 quo
1651 2364 82 55 ad
1692 2364 150 55 secudam
1801 2364 150 55 partem.
1909 2364 122 55 etiam
1991 2364 136 55 patet.
2086 2364 109 55 quia
2154 2364 122 55 odium
2222 2364 68 55 dei

1363 2406 92 58 non
1415 2406 131 58 potest
1507 2406 105 58 esse
1572 2406 92 58 non
1625 2406 183 58 culpabile.
1769 2406 79 58 et
1808 2406 144 58 ponatur
1913 2406 105 58 quod
1978 2406 144 58 aliquod
2083 2406 118 58 odium
2161 2406 92 58 dei
2200 2406 92 58 demon

1369 2446 130 61 stretur
1463 2446 71 61 in
1499 2446 130 61 vtraque
1593 2446 106 61 parte
1664 2446 200 61 antecedentis.
1829 2446 188 61 Consequentia
1982 2446 153 61 probatur:
2100 2446 94 61 quia
2158 2446 71 61 si
2182 2446 106 61 ponatur

1369 2497 81 53 in
1410 2497 122 53 esse.
1491 2497 108 53 quod
1559 2497 122 53 illum
1640 2497 122 53 actum
1721 2497 108 53 deus
1789 2497 149 53 faciat.
1897 2497 108 53 tunc
1965 2497 108 53 iste
2032 2497 135 53 essent
2127 2497 122 53 simul
2195 2497 81 53 vere

1363 2532 131 63 hunc
1444 2532 147 63 actum
1542 2532 131 63 deus
1624 2532 147 63 facit
1722 2532 147 63 nullo
1820 2532 131 63 alio
1902 2532 212 63 coagente.
2065 2532 114 63 hic
2131 2532 147 63 actus
2212 2532 82 63 est

1355 2584 133 58 actus
1444 2584 221 58 culpabilis.
1621 2584 89 58 Et
1665 2584 89 58 ex
1709 2584 133 58 istis
1798 2584 221 58 expositorie
1975 2584 192 58 sequitur.
2123 2584 118 58 ergo
2182 2584 103 58 actum

1353 2625 190 56 culpabilem
1503 2625 109 56 deus
1571 2625 122 56 facit
1652 2625 109 56 etc.
1720 2625 95 56 que
1774 2625 122 56 certe
1855 2625 204 56 conuertitur
2018 2625 81 56 in
2059 2625 136 56 istam.
2154 2625 109 56 deus
2208 2625 68 56 nul

1359 2665 94 60 lo
1406 2665 125 60 alio
1485 2665 188 60 coagente
1626 2665 141 60 facit
1720 2665 141 60 actum
1814 2665 235 60 culpabilem.
2001 2665 78 60 ⁋
2033 2665 204 60 Respondeo
2174 2665 125 60 negan-

1352 2707 73 66 do
1388 2707 171 66 antecedens
1523 2707 134 66 ratione
1620 2707 73 66 2a
1657 2707 134 66 partis.
1754 2707 73 66 Et
1791 2707 85 66 hoc
1840 2707 98 66 ideo
1901 2707 98 66 quia
1962 2707 110 66 odium
2035 2707 85 66 dei
2084 2707 122 66 potest
2169 2707 98 66 esse
2218 2707 61 66 non

1351 2751 134 66 odium.
1444 2751 107 66 Unde
1512 2751 80 66 si
1552 2751 121 66 illum
1632 2751 121 66 actum
1713 2751 94 66 qui
1766 2751 94 66 est
1820 2751 121 66 odium
1900 2751 107 66 dei.
1968 2751 94 66 vbi
2021 2751 148 66 gratia.
2128 2751 94 66 qui
2182 2751 94 66 est
2222 2751 54 66 in

1353 2798 137 61 mente
1444 2798 182 61 dyaboli.
1581 2798 106 61 aut
1641 2798 106 61 qui
1702 2798 106 61 est
1763 2798 213 61 possibilis
1930 2798 121 61 esse
2006 2798 91 61 in
2051 2798 137 61 mente
2127 2798 152 61 alicuius

1354 2847 114 54 deus
1425 2847 156 54 faceret
1538 2847 114 54 sine
1609 2847 170 54 subiecto
1737 2847 128 54 sicut
1822 2847 114 54 bene
1893 2847 156 54 posset:
2007 2847 114 54 tunc
2078 2847 114 54 ille
2149 2847 99 54 non
2192 2847 99 54 esset

1354 2884 135 63 odium.
1448 2884 121 63 sicut
1528 2884 108 63 tunc
1596 2884 135 63 nullus
1690 2884 188 63 formaliter
1838 2884 81 63 eo
1878 2884 121 63 esset
1959 2884 148 63 odiens.
2067 2884 202 63 impossibile
2215 2884 67 63 est

1350 2929 111 59 enim
1419 2929 152 59 aliquid
1530 2929 111 59 esse
1599 2929 139 59 odium.
1696 2929 111 59 nisi
1766 2929 97 59 sit
1821 2929 83 59 eo
1863 2929 152 59 aliquid
1973 2929 139 59 odiens
2070 2929 125 59 sicut
2140 2929 152 59 impossibi

1352 2977 78 56 le
1391 2977 91 56 est
1443 2977 143 56 aliquid
1547 2977 104 56 esse
1611 2977 130 56 amorem
1702 2977 104 56 nisi
1767 2977 91 56 sit
1819 2977 143 56 aliquid
1923 2977 78 56 eo
1962 2977 117 56 amans
2040 2977 156 56 secundum
2156 2977 104 56 Aug.
2221 2977 78 56 9.
2247 2977 52 56 de

1354 3022 106 51 tri.
1420 3022 106 51 immo
1487 3022 120 51 forte
1567 3022 120 51 sicut
1646 3022 133 51 aliqui
1739 3022 146 51 dicunt:
1846 3022 80 51 si
1886 3022 146 51 entitas
1992 3022 106 51 illa
2059 3022 133 51 fieret
2152 3022 67 51 a
2178 3022 106 51 solo
2232 3022 67 51 deo

1355 3059 90 62 in
1400 3059 120 62 ipsa
1475 3059 209 62 voluntate:
1639 3059 135 62 adhuc
1729 3059 105 62 non
1789 3059 135 62 esset
1878 3059 150 62 odium:
1983 3059 105 62 nec
2043 3059 179 62 voluntas
2177 3059 90 62 ea
2207 3059 75 62 for
