2379 3547
334 278 57 88 ⁋
356 278 126 88 Rspono.
448 278 92 88 quod
505 278 103 88 sicut
574 278 172 88 illimitatum
712 278 69 88 et
746 278 149 88 infinitum
861 278 138 88 secundum
964 278 149 88 essentiam
1079 278 115 88 potest
1147 278 115 88 intelli-

340 348 61 65 gi
370 348 143 65 dupliciter
483 348 123 65 scilicet
575 348 133 65 extensiue
677 348 61 65 et
708 348 143 65 intensiue:
820 348 72 65 sic
861 348 72 65 per
902 348 133 65 oppositum
1005 348 113 65 finitum
1086 348 123 65 secundum
1168 348 82 65 essen-

345 389 93 60 tiam
403 389 116 60 potest
485 389 93 60 capi
543 389 174 60 dupliciter:
682 389 70 60 si
717 389 93 60 ergo
775 389 70 60 in
810 389 163 60 praedicato
938 389 128 60 maioris
1031 389 128 60 finitum
1124 389 139 60 capiatur
1217 389 46 60 vt

344 428 126 66 opponit
435 428 138 66 infinito
539 428 138 66 secundum
642 428 149 66 essentiam
757 428 161 66 extensiue:
884 428 80 66 sic
930 428 126 66 concedo
1022 428 184 66 conclusionem
1160 428 103 66 accipi-

346 471 108 69 endo
413 471 81 69 in
453 471 81 69 ea
494 471 121 69 eodem
574 471 108 69 modo
642 471 162 69 terminum
763 471 135 69 illum.
857 471 94 69 Nam
911 471 148 69 constat
1019 471 108 69 quod
1086 471 108 69 deus
1153 471 94 69 non
1194 471 67 69 est

351 519 180 66 quodlibet
490 519 97 66 ens
545 519 97 66 vel
601 519 125 66 entia
684 519 180 66 infinita:
822 519 97 66 sed
878 519 111 66 vnum
947 519 180 66 singulare
1086 519 111 66 immo
1141 519 111 66 vnici-

339 557 69 75 et
373 557 114 75 maxime
453 557 103 75 vnum:
522 557 69 75 et
556 557 92 75 ideo
613 557 80 75 non
659 557 80 75 est
705 557 149 75 infinitus
819 557 149 75 extensiue
934 557 137 75 secundum
1037 557 160 75 essentiam.
1162 557 69 75 Si
1185 557 69 75 vero

351 606 169 62 accipiatur
483 606 157 62 infinitum
604 606 144 62 secundum
712 606 157 62 essentiam
833 606 169 62 intensiue:
965 606 84 62 sic
1013 606 157 62 quocumque
1134 606 96 62 modo
1182 606 72 62 acci

335 647 150 73 piatur
440 647 90 73 in
485 647 180 73 exemplis
619 647 180 73 adductis
754 647 210 73 prosvlleti
919 647 135 73 maior
1009 647 105 73 est
1068 647 150 73 falsa.
1173 647 75 73 ⁋
1203 647 90 73 Ad

350 697 66 60 2am
387 697 123 60 respondo.
482 697 76 60 quod
529 697 151 60 consequentia
652 697 66 60 non
690 697 104 60 apparet
765 697 142 60 necessaria:
879 697 170 60 qualitercumque
1021 697 85 60 etiam
1077 697 57 60 in
1106 697 142 60 consequente
1210 697 47 60 ac-

352 741 159 59 cipiatur
471 741 133 59 mouere
564 741 159 59 scilicet
683 741 106 59 siue
749 741 93 59 pro
802 741 146 59 motione
908 741 199 59 successiua:
1067 741 106 59 siue
1134 741 93 59 pro
1173 741 80 59 muta

341 779 128 61 tione
426 779 156 61 subita.
539 779 99 61 Nam
596 779 99 61 hoc
653 779 114 61 solo
724 779 156 61 posito:
837 779 114 61 quod
908 779 156 61 aliquod
1022 779 142 61 corpus
1107 779 156 61 qualiter-

348 820 127 67 cumque
437 820 76 67 et
476 820 216 67 quantumcumque
654 820 165 67 velociter
781 820 127 67 motum:
870 820 89 67 vel
921 820 165 67 possibile
1048 820 140 67 moueri:
1150 820 76 67 in
1176 820 76 67 infi

345 863 131 67 nitum
433 863 174 67 velocius
563 863 116 67 deus
636 863 145 67 posset
737 863 160 67 mouere:
854 863 203 67 saluaretur
1013 863 145 67 optime
1100 863 160 67 infinitas

344 905 88 68 sue
395 905 163 68 virtutis:
520 905 88 68 nec
571 905 176 68 sequeretur
709 905 75 68 ex
747 905 88 68 hoc
797 905 101 68 quod
860 905 126 68 posset
948 905 75 68 in
985 905 163 68 instanti.
1111 905 138 68 Secundo
1199 905 63 68 di-

351 952 80 66 co.
396 952 91 66 quod
453 952 68 66 si
487 952 137 66 capiatur
590 952 114 66 mouere
670 952 103 66 large
738 952 80 66 pro
784 952 137 66 scilicet
887 952 114 66 subita
966 952 148 66 mutatione
1081 952 91 66 quod
1126 952 137 66 consequens

340 997 93 61 non
393 997 93 61 est
446 997 132 61 falsum
538 997 106 61 etc.
604 997 66 61 ⁋
631 997 106 61 Tunc
697 997 159 61 probatio
816 997 119 61 prima
895 997 93 61 non
948 997 93 61 est
1001 997 79 61 ad
1040 997 198 61 propositum:
1186 997 79 61 quia

358 1038 144 66 mutatio
463 1038 131 66 subita
554 1038 92 66 non
606 1038 92 66 est
659 1038 196 66 successiua.
816 1038 78 66 Ad
855 1038 118 66 aliam
933 1038 92 66 aut
985 1038 92 66 cum
1038 1038 144 66 dicitur
1142 1038 105 66 quod
1195 1038 65 66 tun

354 1080 113 66 mobile
433 1080 101 66 esset
500 1080 101 66 simul
568 1080 68 66 in
602 1080 124 66 omnibus
692 1080 135 66 partibus
793 1080 124 66 spatii.
883 1080 113 66 potest
962 1080 158 66 dupliciter
1086 1080 169 66 responderi.
1210 1080 56 66 vno

359 1127 102 65 modo
423 1127 77 65 vt
461 1127 128 65 aliqui
551 1127 140 65 dicunt:
653 1127 102 65 quod
717 1127 115 65 illud
793 1127 89 65 non
845 1127 166 65 sequitur.
972 1127 89 65 Nam
1023 1127 128 65 posset
1113 1127 102 65 deus
1164 1127 102 65 corpus

350 1181 96 54 de
398 1181 177 54 extremo
527 1181 96 54 ad
575 1181 193 54 extremum
720 1181 161 54 subito
832 1181 177 54 mutare:
961 1181 113 54 non
1025 1181 177 54 mutando
1137 1181 129 54 ipatut

358 1220 91 63 per
410 1220 144 63 medium:
515 1220 118 63 sicut
593 1220 131 63 corpus
684 1220 157 63 christi:
802 1220 157 63 existens
919 1220 78 63 in
959 1220 104 63 celo
1024 1220 144 63 accedit
1128 1220 78 63 ad
1154 1220 118 63 altare:

358 1259 100 62 non
415 1259 172 62 accedens
544 1259 86 62 ad
587 1259 143 62 aliqua
687 1259 114 62 loca
758 1259 143 62 media.
858 1259 72 62 ⁋
887 1259 114 62 Alio
959 1259 114 62 modo
1030 1259 186 62 respondeo
1173 1259 86 62 et
1202 1259 57 62 di

355 1301 89 62 co:
406 1301 102 62 quod
470 1301 76 62 si
508 1301 102 62 deus
572 1301 140 62 vellet:
674 1301 127 62 posset
763 1301 115 62 etiam
840 1301 89 62 per
891 1301 127 62 medium
980 1301 127 62 subito
1069 1301 127 62 corpus
1158 1301 76 62 de
1184 1301 89 62 extre

353 1342 76 63 mo
391 1342 76 63 ad
429 1342 152 63 extremum
543 1342 139 63 mutare:
645 1342 76 63 et
683 1342 101 63 tunc
746 1342 76 63 in
784 1342 101 63 illo
848 1342 152 63 instanti
962 1342 114 63 illud
1038 1342 127 63 corpus
1127 1342 114 63 simul
1190 1342 76 63 esse

355 1385 73 66 in
391 1385 133 66 omnibus
488 1385 145 66 partibus
597 1385 133 66 spatii:
694 1385 73 66 et
730 1385 97 66 post
791 1385 109 66 illud
863 1385 133 66 instans
960 1385 85 66 non
1009 1385 109 66 esset
1081 1385 97 66 nisi
1142 1385 73 66 in
1166 1385 109 66 termino

367 1432 67 64 ad
400 1432 101 64 quem:
467 1432 78 64 nec
512 1432 101 64 illud
579 1432 78 64 est
624 1432 179 64 impossibile:
769 1432 101 64 sicut
836 1432 78 64 nec
881 1432 89 64 quod
937 1432 89 64 idem
993 1432 78 64 sit
1037 1432 112 64 corpus
1116 1432 78 64 per
1160 1432 112 64 tempus
1227 1432 45 64 in

349 1475 158 64 pluribus
468 1475 119 64 locis
547 1475 132 64 simul:
639 1475 106 64 quod
705 1475 132 64 vtique
798 1475 106 64 deus
864 1475 132 64 potest
956 1475 145 64 facere.
1062 1475 66 64 ⁋
1088 1475 79 64 Ad
1128 1475 92 64 3am
1168 1475 92 64 proba

361 1519 114 65 tionem
441 1519 160 65 falsitatis
566 1519 103 65 dicti
635 1519 194 65 consequentis:
794 1519 126 65 concedo
886 1519 148 65 similiter
1000 1519 91 65 quod
1057 1519 91 65 deus
1114 1519 114 65 posset
1183 1519 91 65 subito

349 1570 169 62 complete
476 1570 183 62 reuoluere
616 1570 141 62 celum.
715 1570 84 62 Et
757 1570 127 62 dico:
842 1570 113 62 quod
912 1570 113 62 tunc
982 1570 127 62 celum
1067 1570 127 62 esset
1137 1570 127 62 mutatum

365 1617 74 49 et
402 1617 86 49 cum
451 1617 147 49 probatur
561 1617 98 49 quod
623 1617 86 49 non
672 1617 98 49 dico
733 1617 98 49 quod
795 1617 86 49 non
844 1617 160 49 sequitur.
967 1617 86 49 hoc
1016 1617 86 49 est
1065 1617 74 49 in
1102 1617 111 49 eodem
1176 1617 98 49 loco
1225 1617 49 49 in

363 1651 75 61 quo
406 1651 97 61 prius
471 1651 97 61 fuit.
536 1651 86 61 ergo
590 1651 75 61 non
633 1651 75 61 est
676 1651 119 61 mutatum
762 1651 129 61 secundum
859 1651 108 61 locum:
935 1651 86 61 quia
989 1651 65 61 si
1021 1651 97 61 simul
1086 1651 75 61 cum
1129 1651 75 61 hoc
1172 1651 86 61 quod
1215 1651 54 61 est

355 1689 124 66 eodem
438 1689 111 66 loco
507 1689 83 66 in
549 1689 97 66 quo
604 1689 124 66 prius
687 1689 124 66 fuit:
770 1689 97 66 sit
825 1689 124 66 etiam
908 1689 83 66 in
949 1689 138 66 aliquo
1046 1689 83 66 in
1088 1689 97 66 quo
1143 1689 124 66 prius
1212 1689 69 66 non

358 1741 118 58 fuit:
437 1741 131 58 vtique
528 1741 118 58 ipsum
607 1741 92 58 est
659 1741 157 58 mutatum.
777 1741 157 58 Exemplum
895 1741 79 58 in
934 1741 170 58 mutatione
1065 1741 157 58 secundum
1170 1741 105 58 formam

356 1781 148 65 posito
460 1781 119 65 quod
534 1781 104 65 aer
593 1781 207 65 tenebrosus
756 1781 104 65 sit
816 1781 178 65 calidus:
949 1781 148 65 deinde
1053 1781 119 65 nlla
1112 1781 163 65 mutatione

359 1833 112 52 facta
433 1833 75 52 in
471 1833 100 52 ipso
533 1833 150 52 secundum
646 1833 150 52 calorem:
758 1833 100 52 fiat
821 1833 150 52 lucidus:
933 1833 100 52 tunc
996 1833 112 52 verum
1071 1833 87 52 est
1121 1833 137 52 dicere:
1208 1833 75 52 aer-

353 1874 93 54 est
406 1874 93 54 sub
459 1874 120 54 eadem
540 1874 120 54 forma
620 1874 93 54 sub
673 1874 93 54 qua
727 1874 120 54 prius
807 1874 120 54 fuit:
887 1874 80 54 et
927 1874 120 54 tamen
1007 1874 134 54 falsum
1100 1874 93 54 est
1154 1874 107 54 quod
1207 1874 67 54 non

364 1913 80 59 sit
409 1913 126 59 mutatus
501 1913 126 59 secundu
593 1913 126 59 formam:
685 1913 69 59 et
719 1913 149 59 similiter
834 1913 69 59 si
868 1913 92 59 vnum
925 1913 115 59 corpus
1006 1913 138 59 existens
1109 1913 69 59 in
1143 1913 115 59 oriete
1212 1913 69 59 deus

353 1955 163 67 poneret
471 1955 89 67 in
516 1955 192 67 occidente
663 1955 103 67 non
723 1955 192 67 remouendo
870 1955 133 67 ipsum
959 1955 89 67 de
1003 1955 148 67 priori
1107 1955 133 67 loco:
1181 1955 103 67 sicut

362 2000 98 59 bene
423 2000 135 59 posset:
521 2000 110 59 adhuc
595 2000 110 59 illud
668 2000 110 59 esset
742 2000 135 59 mutatum
840 2000 147 59 secundum
950 2000 110 59 locum
1024 2000 135 59 quamuis
1122 2000 110 59 esset
1195 2000 74 59 in
1220 2000 49 59 eo

362 2045 89 58 dem
413 2045 102 58 loco
477 2045 76 58 in
515 2045 89 58 quo
566 2045 114 58 prius
642 2045 114 58 fuit.
718 2045 89 58 Sic
769 2045 76 58 in
807 2045 165 58 proposito
934 2045 140 58 quamuis
1036 2045 114 58 celum
1112 2045 114 58 esset
1188 2045 76 58 in
1213 2045 64 58 il-

375 2086 72 60 lo
411 2086 144 60 instanti
519 2086 108 60 ipsum
591 2086 72 60 et
627 2086 108 60 omnes
699 2086 96 60 eius
759 2086 120 60 partes
843 2086 72 60 in
879 2086 108 60 eodem
951 2086 96 60 loco
1011 2086 72 60 in
1047 2086 84 60 quo
1095 2086 108 60 prius
1167 2086 120 60 erant:
1239 2086 48 60 ni

369 2141 161 50 hilominus
493 2141 74 50 in
530 2141 112 50 eodem
604 2141 149 50 instanti
716 2141 112 50 ipsum
790 2141 74 50 et
828 2141 149 50 qualibet
939 2141 99 50 pars
1001 2141 99 50 eius
1063 2141 112 50 esset
1138 2141 74 50 in
1175 2141 99 50 alio
1224 2141 50 50 lo

365 2175 75 58 co
402 2175 75 58 in
439 2175 87 58 quo
489 2175 112 58 prius
563 2175 87 58 non
613 2175 112 58 fuit:
687 2175 75 58 et
725 2175 99 58 ideo
787 2175 87 58 non
836 2175 112 58 esset
911 2175 112 58 verum
985 2175 112 58 ipsum
1060 2175 87 58 non
1110 2175 99 58 esse
1159 2175 112 58 mutatum

367 2217 69 59 ⁋
395 2217 83 59 Ad
436 2217 97 59 3am
492 2217 138 59 potest
588 2217 124 59 primo
671 2217 138 59 negari
768 2217 221 59 consequentia
948 2217 124 59 sicut
1031 2217 83 59 et
1073 2217 194 59 precedens.
1211 2217 69 59 Nam

368 2262 190 59 sufficeret
518 2262 82 59 ad
559 2262 204 59 infinitatem
722 2262 163 59 virtutis
844 2262 109 59 quod
912 2262 217 59 quantocumque
1089 2262 136 59 calore
1170 2262 109 59 finito

365 2305 176 66 possibili
501 2305 136 66 posset
596 2305 108 66 deus
664 2305 136 66 facere
759 2305 217 66 intensiorem:
935 2305 81 66 et
976 2305 176 66 quaelibet
1098 2305 176 66 multitudin-

379 2352 171 54 possibili
510 2352 132 54 finita
603 2352 158 54 maiorem:
721 2352 79 54 et
761 2352 211 54 quantocumque
932 2352 171 54 possibili
1063 2352 132 54 finito
1155 2352 132 54 maius:
1234 2352 53 54 et

369 2394 236 62 quantocumque
561 2394 133 62 etiam
649 2394 162 62 corpore
767 2394 147 62 finito
870 2394 192 62 possibili
1018 2394 147 62 posset
1121 2394 133 62 maius
1195 2394 88 62 moue

375 2437 84 59 re
417 2437 112 59 dato
487 2437 112 59 quod
557 2437 98 59 non
614 2437 140 59 posset
712 2437 140 59 facere
810 2437 154 59 calorem
922 2437 196 59 infinitum:
1077 2437 98 59 aut
1119 2437 168 59 multitudi-

380 2478 88 64 nem
431 2478 88 64 aut
481 2478 202 64 magnitudinem
646 2478 101 64 actu
709 2478 177 64 infinitam.
848 2478 139 64 Secundo
949 2478 139 64 concedo
1050 2478 177 64 consequens
1176 2478 114 64 quantum

374 2522 78 62 ad
413 2522 156 62 singulas
530 2522 104 62 tres
595 2522 130 62 partes
686 2522 143 62 primas:
790 2522 78 62 et
829 2522 182 62 probabitur
972 2522 78 62 in
1011 2522 156 62 sequenti
1115 2522 169 62 quaestione:

382 2568 147 62 similiter
495 2568 124 62 quantum
585 2568 68 62 ad
619 2568 124 62 vltimam
710 2568 136 62 concedo:
811 2568 90 62 quod
868 2568 90 62 deus
924 2568 124 62 quantum
1015 2568 79 62 est
1060 2568 68 62 ex
1094 2568 181 62 sufficientia
1229 2568 57 62 suc

387 2609 167 61 virtutis
513 2609 139 61 vtique
610 2609 139 61 posset
708 2609 139 61 mouere
805 2609 139 61 corpus
903 2609 195 61 infinitum.
1056 2609 84 61 Si
1098 2609 125 61 autem
1182 2609 98 61 non
1223 2609 70 61 pos

382 2652 102 62 set:
446 2652 102 62 quod
510 2652 89 62 non
561 2652 140 62 assero:
663 2652 89 62 hoc
714 2652 115 62 esset
791 2652 166 62 praecise:
919 2652 102 62 quia
982 2652 115 62 illud
1059 2652 128 62 moueri
1149 2652 89 62 non
1187 2652 102 62 posset

389 2700 59 66 ⁋
413 2700 71 66 Ad
448 2700 71 66 4.
483 2700 141 66 quicquid
589 2700 82 66 sit
636 2700 71 66 de
672 2700 200 66 consequentia.
836 2700 129 66 concedo
930 2700 118 66 primum
1013 2700 165 66 consequens
1142 2700 82 66 sed
1177 2700 118 66 vlterio-

380 2743 80 58 rem
425 2743 91 58 nego
482 2743 194 58 consequentia.
642 2743 68 58 Ad
676 2743 171 58 probationem
813 2743 148 58 dicendum:
926 2743 91 58 quod
983 2743 103 58 illud
1052 2743 114 58 dictum
1132 2743 80 58 non
1177 2743 80 58 est
1211 2743 80 58 intel

385 2783 155 63 ligendum
502 2783 78 63 de
541 2783 168 63 distantia
670 2783 91 63 vel
722 2783 220 63 propinquitate
903 2783 155 63 secundum
1020 2783 155 63 excessum
1137 2783 143 63 maiorem
1227 2783 65 63 ve-

390 2828 153 59 minorem
501 2828 223 59 perfectionis
682 2828 139 59 diuine
780 2828 84 59 ad
822 2828 111 59 alia
891 2828 139 59 entia.
989 2828 97 59 Nam
1044 2828 181 59 quamlibet
1170 2828 125 59 excedit

388 2874 158 60 infinite
506 2874 118 60 libet
585 2874 145 60 excessu
690 2874 171 60 equiuoco:
822 2874 79 60 et
861 2874 105 60 ideo
927 2874 92 60 nec
979 2874 145 60 proprie
1085 2874 105 60 vnam
1150 2874 118 60 magis
1216 2874 79 60 exce

384 2916 82 61 dit
431 2916 93 61 quam
489 2916 117 61 aliam:
571 2916 82 61 sed
618 2916 82 61 est
665 2916 198 61 intelligendum
828 2916 140 61 secundum
933 2916 128 61 maiorem
1026 2916 82 61 vel
1073 2916 128 61 minorem
1155 2916 140 61 similitudi

393 2962 82 58 nem
440 2962 82 58 vel
487 2962 212 58 conuenientiam:
664 2962 141 58 secundum
769 2962 94 58 quam
828 2962 129 58 aliquid
922 2962 129 58 commune
1016 2962 129 58 vniuoce
1110 2962 129 58 dicitur
1204 2962 71 58 de
1239 2962 82 58 deo

399 3003 122 67 aliis:
484 3003 73 67 et
521 3003 147 67 secundum
631 3003 110 67 talem
705 3003 122 67 maiore
791 3003 86 67 vel
840 3003 135 67 minorem
938 3003 208 67 conuenientiam
1109 3003 110 67 debet
1170 3003 135 67 intelligi

385 3052 116 58 maior
462 3052 77 58 et
501 3052 116 58 minor
578 3052 167 58 perfectio
707 3052 154 58 aliorum.
822 3052 64 58 ⁋
848 3052 90 58 hoc
899 3052 116 58 autem
977 3052 90 58 non
1028 3052 167 58 impeditur
1157 3052 141 58 propter
1247 3052 51 58 in

388 3092 168 69 finitatem
517 3092 103 69 dei:
582 3092 116 69 sicut
660 3092 103 69 esto
724 3092 103 69 quod
789 3092 116 69 esset
866 3092 91 69 vna
918 3092 129 69 albedo
1009 3092 155 69 infinita
1125 3092 181 69 intensiue:
1254 3092 52 69 et

1316 260 107 82 vna
1377 260 184 82 nigredo.
1515 260 92 82 10
1561 260 184 82 graduum:
1699 260 92 82 et
1745 260 199 82 similiter
1898 260 107 82 vna
1960 260 153 82 rubedo
2067 260 92 82 10
2098 260 153 82 graduum:

1306 315 171 69 quamuis
1431 315 93 69 ia
1477 315 155 69 albedo
1586 315 202 69 excederet
1742 315 171 69 excessu
1866 315 187 69 graduali
2006 315 109 69 tam
2052 315 187 69 nigredinem

1301 361 110 71 quam
1370 361 178 71 rubedinem
1507 361 123 71 datam
1589 361 178 71 infinite:
1726 361 96 71 nec
1781 361 110 71 vnam
1850 361 110 71 plus
1918 361 110 71 quam
1987 361 137 71 aliam.
2083 361 123 71 Adhuc
2151 361 96 71 tamen

1314 405 120 67 maior
1394 405 120 67 esset
1473 405 213 67 conuenientia
1646 405 120 67 inter
1726 405 120 67 illam
1806 405 173 67 albedinem
1939 405 80 67 et
1979 405 186 67 rubedinem:
2126 405 106 67 quam
2179 405 53 67 in

1315 455 91 58 ter
1367 455 169 58 albedinem
1497 455 78 58 et
1536 455 195 58 nigredinem.
1692 455 78 58 Et
1731 455 143 58 propter
1834 455 91 58 hoc
1886 455 130 58 posset
1977 455 104 58 dici
2042 455 104 58 quod
2107 455 78 58 ia
2133 455 104 58 albedo

1305 492 126 67 magis
1389 492 239 67 appropinquret
1586 492 84 67 et
1628 492 126 67 minus
1712 492 182 67 distaret:
1852 492 84 67 et
1894 492 98 67 per
1950 492 98 67 hoc
2006 492 126 67 esset
2077 492 168 67 perfectior

1310 544 107 64 quam
1377 544 147 64 nigredo
1484 544 120 64 data.
1564 544 80 64 Ad
1604 544 120 64 aliud
1684 544 107 64 quod
1751 544 147 64 additur
1858 544 161 64 dicendum
1979 544 107 64 quod
2046 544 147 64 quamuis
2139 544 94 64 mensu

1315 578 81 69 ra
1355 578 94 69 que
1409 578 94 69 est
1462 578 94 69 per
1516 578 242 69 replicationem:
1717 578 81 69 vt
1758 578 107 69 vlna
1825 578 81 69 et
1865 578 121 69 vncia
1946 578 81 69 et
1986 578 107 69 alie
2053 578 134 69 quibus
2134 578 107 69 quanta

1318 622 184 66 mensurantur
1465 622 86 66 sit
1514 622 98 66 quid
1575 622 135 66 minimum
1674 622 147 66 secundum
1784 622 196 66 quantitatem:
1944 622 74 66 ad
1980 622 110 66 bonum
2054 622 110 66 tamen
2115 622 123 66 intelle-

1314 664 103 70 ctum
1378 664 90 70 qui
1430 664 141 70 habetur
1533 664 77 70 10
1571 664 116 70 meta.
1649 664 141 70 mensura
1751 664 116 70 tamen
1829 664 154 70 secundum
1944 664 206 70 perfectionem
2112 664 129 70 qualis
2202 664 90 70 est

1307 714 104 65 deus
1372 714 143 65 mensura
1476 714 143 65 aliorum
1579 714 143 65 entium)
1683 714 91 65 non
1735 714 143 65 oportet
1838 714 104 65 quod
1903 714 91 65 sit
1955 714 143 65 minimum
2059 714 156 65 secundum
2162 714 104 65 perfe-

1312 755 190 71 ctionem:
1455 755 127 71 vnde
1534 755 158 71 albedo
1645 755 111 71 que
1708 755 174 71 ponitur
1834 755 174 71 mensura
1961 755 95 71 in
2009 755 158 71 genere
2104 755 142 71 colorum

1311 799 98 65 non
1367 799 98 65 est
1423 799 140 65 minima
1521 799 168 65 secundum
1647 799 224 65 perfectionem
1830 799 126 65 inter
1914 799 168 65 colores:
2040 799 98 65 sed
2082 799 168 65 primaxima:

1305 843 106 67 sic
1366 843 91 67 in
1411 843 213 67 proposito.
1579 843 91 67 Et
1624 843 91 67 si
1670 843 213 67 argumentum
1837 843 167 67 valeret
1959 843 106 67 non
2020 843 137 67 solum
2096 843 152 67 probaret

1308 883 109 71 deum
1376 883 109 71 esse
1444 883 95 71 non
1499 883 163 71 infinite
1621 883 231 71 perfectionis:
1812 883 109 71 quin
1880 883 109 71 immo
1948 883 109 71 quod
2016 883 122 71 esset
2097 883 136 71 minime
2179 883 68 71 im-

1310 921 105 77 ter
1370 921 150 77 cetera
1475 921 150 77 entia:
1581 921 120 77 quod
1656 921 181 77 absurdum
1792 921 120 77 est.
1867 921 75 77 ⁋
1897 921 90 77 Ad
1942 921 181 77 rationes
2062 921 196 77 principales

1309 973 108 70 dico:
1381 973 96 70 quod
1441 973 108 70 maior
1513 973 96 70 illa
1572 973 84 70 est
1620 973 120 70 falsa:
1704 973 132 70 quoniam
1800 973 180 70 naturaliter
1944 973 84 70 est
1992 973 144 70 ponendum
2099 973 96 70 deum
2147 973 108 70 intelli

1312 1017 101 75 gere
1375 1017 113 75 omnia
1451 1017 101 75 alia
1514 1017 63 75 a
1539 1017 88 75 se:
1589 1017 113 75 sicut
1665 1017 113 75 supra
1740 1017 176 75 monstratum
1879 1017 101 75 est:
1942 1017 76 75 et
1979 1017 113 75 tamen
2055 1017 88 75 dum
2105 1017 63 75 a
2118 1017 113 75 propos-

1308 1065 77 64 to
1347 1065 103 64 hanc
1411 1065 155 64 materiam
1528 1065 129 64 Arist.
1618 1065 181 64 tractauit:
1760 1065 168 64 oppositum
1889 1065 129 64 sensit
1980 1065 142 64 quamuis
2083 1065 77 64 in
2122 1065 90 64 hoc
2161 1065 77 64 sibi

1318 1103 111 69 alibi
1392 1103 222 69 contradixerit:
1576 1103 74 69 vt
1613 1103 123 69 supra.
1699 1103 98 69 dis.
1761 1103 86 69 3o.
1810 1103 123 69 patet:
1896 1103 74 69 et
1933 1103 111 69 sicut
2007 1103 86 69 hec
2056 1103 86 69 ita
2106 1103 111 69 multa
2167 1103 74 69 alia

1316 1149 120 65 sunt
1391 1149 165 65 ponenda
1511 1149 225 65 naturaliter
1691 1149 180 65 loquendo
1827 1149 90 65 de
1872 1149 105 65 deo
1932 1149 105 65 que
1992 1149 120 65 ipse
2067 1149 105 65 non
2112 1149 135 65 posuit.

1316 1191 99 65 Unde
1378 1191 124 65 potest
1465 1191 99 65 dici
1527 1191 99 65 quod
1589 1191 112 65 talis
1664 1191 211 65 argumentatio.
1838 1191 87 65 hoc
1887 1191 87 65 non
1937 1191 124 65 posuit
2024 1191 199 65 philosophus.
2173 1191 75 65 ergo

1313 1236 102 65 non
1372 1236 102 65 est
1430 1236 189 65 ponendum:
1575 1236 102 65 non
1633 1236 102 65 est
1691 1236 233 65 rotocinatiua
1881 1236 131 65 neque
1968 1236 233 65 demostratiua
2142 1236 102 65 neque

1314 1280 191 77 probabilis:
1467 1280 89 77 sed
1518 1280 89 77 est
1570 1280 128 77 tantum
1659 1280 166 77 accusatio
1787 1280 115 77 eius:
1863 1280 102 77 quia
1927 1280 89 77 hoc
1978 1280 128 77 ponere
2067 1280 140 77 debuit:
2157 1280 89 77 sicut

1314 1322 137 72 contra
1410 1322 164 72 negantes
1533 1322 137 72 casum:
1628 1322 96 72 per
1683 1322 96 72 pea
1738 1322 109 72 quia
1806 1322 150 72 antiqui
1915 1322 123 72 nihil
1997 1322 109 72 sunt
2065 1322 137 72 locuti
2161 1322 82 72 de
2188 1322 55 72 eo

1321 1365 140 67 dicit
1414 1365 233 67 Comentator.
1600 1365 93 67 2o
1646 1365 124 67 phy.
1724 1365 78 67 ⁋
1755 1365 140 67 Ratio
1848 1365 155 67 Ansel.
1956 1365 93 67 ad
2003 1365 155 67 partem
2096 1365 140 67 opposi-

1314 1412 107 67 tam:
1381 1412 148 67 quamuis
1488 1412 121 67 verum
1568 1412 188 67 concludat:
1716 1412 94 67 non
1770 1412 94 67 est
1823 1412 121 67 tamen
1904 1412 94 67 meo
1957 1412 148 67 iudicio
2051 1412 188 67 demonstrati-

1313 1458 89 63 ua:
1364 1458 114 63 sicut
1440 1458 101 63 ipse
1503 1458 139 63 putauit
1605 1458 127 63 dicens
1693 1458 76 63 in
1731 1458 139 63 prologo
1833 1458 89 63 suo
1883 1458 114 63 supra
1959 1458 190 63 prososibis.
2111 1458 101 63 quod
2162 1458 76 63 ipsa

1326 1503 125 61 nullo
1409 1503 111 61 alio
1479 1503 152 61 indiget
1590 1503 83 61 ad
1631 1503 83 61 se
1673 1503 194 61 probandum.
1825 1503 111 61 Unde
1894 1503 125 61 primo
1978 1503 180 61 ostendam:
2116 1503 111 61 quod
2172 1503 69 61 mo-

1320 1544 103 62 dus
1379 1544 177 62 arguendi
1512 1544 103 62 non
1571 1544 103 62 est
1630 1544 177 62 efficax:
1763 1544 148 62 deinde
1866 1544 148 62 soluam
1970 1544 192 62 rationem.
2117 1544 74 62 ⁋
2132 1544 118 62 Primum

1316 1586 117 77 patet:
1398 1586 94 77 quia
1457 1586 70 77 si
1492 1586 94 77 ille
1550 1586 105 77 modus
1620 1586 140 77 arguendi
1726 1586 105 77 esset
1796 1586 117 77 bonus:
1878 1586 152 77 similiter
1994 1586 117 77 posset
2076 1586 140 77 probari.
2170 1586 70 77 quod

1321 1639 91 55 est
1373 1639 130 55 aliqua
1464 1639 130 55 albedo
1556 1639 91 55 qua
1608 1639 117 55 maius
1686 1639 143 55 aliquid
1791 1639 157 55 cogitari
1908 1639 91 55 non
1960 1639 143 55 potest:
2064 1639 117 55 patet
2130 1639 117 55 arguen-

1321 1674 83 69 do
1363 1674 83 69 in
1404 1674 97 69 sua
1459 1674 124 69 forma
1542 1674 111 69 sic:
1611 1674 138 69 albedo
1708 1674 111 69 quae
1777 1674 97 69 non
1832 1674 138 69 potest
1929 1674 152 69 aliquid
2040 1674 124 69 maius
2109 1674 138 69 cogitari

1327 1719 76 61 est
1370 1719 65 61 in
1403 1719 162 61 intellectu:
1533 1719 65 61 et
1565 1719 76 61 non
1608 1719 65 61 in
1641 1719 86 61 solo
1695 1719 162 61 intellectu.
1824 1719 86 61 ergo
1878 1719 76 61 est
1922 1719 65 61 in
1954 1719 76 61 re.
1997 1719 173 61 consequentia
2138 1719 108 61 patet:
2203 1719 43 61 vt

1323 1770 99 59 sua.
1384 1770 74 59 Et
1421 1770 111 59 prima
1496 1770 99 59 pars
1557 1770 198 59 antecedentis
1718 1770 161 59 probatur:
1841 1770 99 59 quia
1903 1770 136 59 audiens
2002 1770 86 59 hoc
2051 1770 99 59 quod
2113 1770 99 59 dico
2163 1770 86 59 albe-

1326 1814 81 65 do
1367 1814 95 65 qua
1421 1814 95 65 non
1476 1814 136 65 potest
1571 1814 149 65 aliquid
1680 1814 122 65 maius
1761 1814 177 65 cogitari:
1897 1814 190 65 intelligit
2046 1814 109 65 quod
2114 1814 136 65 audit.
2196 1814 54 65 et

1332 1848 89 66 quod
1388 1848 156 66 intelligit
1510 1848 78 66 est
1555 1848 67 66 in
1589 1848 156 66 intellectu
1711 1848 89 66 eius
1767 1848 89 66 etc.
1823 1848 67 66 Et
1856 1848 123 66 secunda
1946 1848 67 66 et
1979 1848 89 66 pars
2035 1848 145 66 similiter
2147 1848 78 66 sue
2180 1848 67 66 pro-

1328 1890 115 66 batur:
1409 1890 92 66 quia
1467 1890 69 66 si
1501 1890 69 66 in
1536 1890 92 66 solo
1593 1890 161 66 intellectu
1720 1890 115 66 potest
1801 1890 138 66 cogitari
1904 1890 92 66 esse
1962 1890 69 66 in
1997 1890 69 66 re
2031 1890 92 66 quod
2089 1890 104 66 maius
2158 1890 92 66 est:
2204 1890 46 66 et

1319 1939 98 62 sic
1375 1939 183 62 albedinie
1516 1939 98 62 qua
1572 1939 127 62 maius
1656 1939 169 62 cogitari
1783 1939 98 62 non
1839 1939 141 62 potest
1938 1939 155 62 aliquid
2050 1939 127 62 maius
2120 1939 127 62 cogita-

1320 1982 77 73 ri
1359 1982 142 73 potest:
1462 1982 77 73 et
1500 1982 167 73 similiter
1629 1982 129 73 cetere
1719 1982 193 73 probationes
1874 1982 90 73 sue
1925 1982 142 73 possunt
2028 1982 77 73 ad
2067 1982 90 73 hoc
2105 1982 142 73 applicari

1340 2023 62 68 ⁋
1364 2023 124 68 Rspono
1451 2023 99 68 ergo
1514 2023 75 68 ad
1551 2023 162 68 rationem:
1675 2023 112 68 sicut
1750 2023 112 68 supra
1824 2023 112 68 facta
1899 2023 99 68 est:
1961 2023 87 68 cum
2011 2023 99 68 enim
2073 2023 149 68 arguitur
2172 2023 75 68 sic.

1330 2064 147 68 sequendo
1440 2064 147 68 rationem
1550 2064 159 68 naturalem
1673 2064 86 68 est
1722 2064 147 68 ponendum
1832 2064 135 68 aliquid
1930 2064 98 68 esse
1992 2064 74 68 in
2028 2064 110 68 rerum
2102 2064 123 68 natura
2175 2064 74 68 quae

1324 2119 120 54 maius
1403 2119 93 54 non
1457 2119 133 54 potest
1549 2119 173 54 cogitari.
1682 2119 106 54 ergo
1749 2119 159 54 sequendo
1868 2119 173 54 naturalem
2001 2119 159 54 rationem
2107 2119 133 54 ponendum

1324 2156 93 60 est
1377 2156 146 60 aliquid
1483 2156 159 60 infinite
1602 2156 159 60 virtutis
1721 2156 185 60 intensiue.
1866 2156 106 60 Dico
1932 2156 106 60 quod
1999 2156 132 60 duplex
2091 2156 132 60 potest
2171 2156 79 60 esse

1341 2199 109 61 sensus
1418 2199 186 61 antecedentis:
1571 2199 88 61 vnus
1625 2199 131 61 secundum
1724 2199 88 61 quod
1779 2199 77 61 ly.
1822 2199 98 61 maius
1888 2199 109 61 potest
1965 2199 142 61 intelligi
2074 2199 153 61 praecedere
2183 2199 77 61 totum

1339 2246 101 57 illud:
1409 2246 101 57 potest
1480 2246 131 57 cogitari.
1581 2246 91 57 Alius
1641 2246 121 57 secundum
1732 2246 81 57 quod
1782 2246 101 57 potest
1852 2246 101 57 sequi:
1923 2246 60 57 et
1953 2246 70 57 hoc
1993 2246 81 57 bene
2044 2246 121 57 differt:
2134 2246 91 57 sicut
2185 2246 70 57 patet

1339 2287 80 62 in
1379 2287 160 62 exemplo:
1498 2287 173 62 supposito
1631 2287 106 62 quod
1698 2287 199 62 impossibile
1857 2287 93 62 sit
1910 2287 146 62 aliquam
2017 2287 106 62 esse
2083 2287 160 62 formicam
2190 2287 66 62 ma-

1335 2334 138 58 iorem
1427 2334 215 58 elephante:
1596 2334 107 58 hec
1657 2334 107 58 est
1719 2334 123 58 vera
1795 2334 138 58 nulla
1887 2334 169 58 formica
2010 2334 138 58 maior
2087 2334 169 58 elephante

1342 2375 114 67 potest
1421 2375 148 67 cogitari:
1535 2375 102 67 patet
1603 2375 91 67 quia
1660 2375 80 67 sua
1705 2375 205 67 contradictoria
1876 2375 80 67 est
1921 2375 102 67 falsa
1989 2375 136 67 scilicet
2092 2375 114 67 aliqua
2160 2375 102 67 formica

1340 2419 120 60 maior
1420 2419 174 60 elephante
1554 2419 134 60 potest
1647 2419 174 60 cogitari:
1781 2419 134 60 nullam
1874 2419 107 60 enim
1941 2419 187 60 singularem
2088 2419 120 60 habet
2155 2419 107 60 veram:

1336 2462 90 61 sed
1387 2462 166 61 quaelibet
1515 2462 179 61 singularis
1656 2462 90 61 est
1707 2462 115 61 falsa
1784 2462 141 61 propter
1887 2462 128 61 falsam
1976 2462 218 61 implicationem
2156 2462 64 61 a
2168 2462 90 61 parte

1342 2504 165 63 subiecti:
1469 2504 102 63 siue
1533 2504 228 63 demonstraretur
1723 2504 140 63 formica
1825 2504 165 63 existens:
1951 2504 102 63 siue
2015 2504 89 63 non
2066 2504 165 63 existens.
2193 2504 63 63 ⁋
2205 2504 51 63 Et

1339 2554 138 58 tamen.
1436 2554 83 58 si
1477 2554 96 58 ly.
1532 2554 124 58 maior
1614 2554 206 58 postponatur
1779 2554 110 58 sic:
1848 2554 124 58 nulla
1931 2554 151 58 formica
2041 2554 138 58 potest
2123 2554 138 58 cogitari

1337 2592 118 63 maior
1416 2592 184 63 elephante.
1560 2592 105 63 ipsa
1625 2592 92 63 est
1678 2592 131 63 falsa:
1770 2592 118 63 nihil
1848 2592 105 63 enim
1914 2592 157 63 prohibet
2032 2592 144 63 aliquam
2137 2592 105 63 immo
2189 2592 66 63 cer

1336 2642 87 55 te
1380 2642 189 55 quamlibet
1525 2642 174 55 formicam
1656 2642 174 55 quemquam
1787 2642 174 55 cogitare
1917 2642 116 55 esse
1990 2642 160 55 maiorem
2092 2642 174 55 elephante.

1337 2679 64 65 Si
1369 2679 75 65 aut
1412 2679 150 65 antecedens
1530 2679 118 65 sumatur
1615 2679 96 65 primo
1680 2679 96 65 modo.
1744 2679 86 65 Dico
1797 2679 86 65 quod
1851 2679 160 65 philosophus
1979 2679 64 65 et
2011 2679 128 65 quilibet
2108 2679 107 65 tenens
2172 2679 96 65 aliquid

1341 2725 99 62 vnum
1402 2725 223 62 perfectissimum
1588 2725 74 62 in
1625 2725 148 62 entibus:
1736 2725 74 62 et
1774 2725 111 62 illud
1848 2725 99 62 esse
1910 2725 87 62 non
1959 2725 148 62 infinite
2070 2725 148 62 virtutis
2169 2725 87 62 inten

1340 2767 85 65 siue
1394 2767 160 65 concederet:
1522 2767 64 65 et
1554 2767 149 65 antecedens
1671 2767 64 65 et
1703 2767 117 65 negaret
1788 2767 181 65 consequentia:
1938 2767 64 65 et
1970 2767 181 65 propositionem
2119 2767 139 65 assumptam
2215 2767 43 65 ad

1341 2812 162 72 probationem
1471 2812 151 72 consequent
1590 2812 130 72 scilicet
1687 2812 97 72 illam
1752 2812 130 72 qualibet
1849 2812 76 72 non
1893 2812 130 72 infinite
1990 2812 130 72 virtutis
2087 2812 97 72 maius
2152 2812 108 72 potest
2217 2812 54 72 co-

1338 2860 151 66 gitari)
1448 2860 151 66 diceret
1558 2860 110 66 esse
1627 2860 151 66 falsam:
1736 2860 151 66 quamuis
1846 2860 192 66 concederet
1997 2860 124 66 istam
2080 2860 165 66 quolibet
2189 2860 69 66 non

1343 2897 154 68 infinite
1459 2897 154 68 virtutis
1574 2897 141 68 aliquid
1677 2897 128 68 potest
1767 2897 154 68 cogitari
1883 2897 103 68 esse
1947 2897 128 68 maius)
2037 2897 90 68 sed
2088 2897 90 68 per
2140 2897 116 68 istam
2204 2897 64 68 non

1341 2942 139 76 probaretur
1450 2942 159 76 consequentia
1580 2942 60 76 vt
1609 2942 99 76 patet.
1679 2942 60 76 Si
1709 2942 70 76 aut
1748 2942 139 76 antecedens
1858 2942 109 76 sumatur
1937 2942 60 76 2o
1967 2942 79 76 modo
2017 2942 139 76 antecedens
2126 2942 99 76 vtique
2186 2942 79 76 negan-

1347 2985 78 67 dum
1391 2985 89 67 est:
1447 2985 122 67 diceret
1536 2985 89 67 enim
1592 2985 89 67 quod
1647 2985 145 67 quaelibet
1758 2985 156 67 existente:
1881 2985 78 67 aut
1925 2985 100 67 etiam
1992 2985 145 67 possibili
2103 2985 78 67 aut
2137 2985 133 67 cogitabili

1344 3030 138 75 potest
1441 3030 165 75 cogitari
1565 3030 152 75 aliquid
1675 3030 110 75 esse
1744 3030 138 75 maius:
1841 3030 97 75 seu
1896 3030 110 75 vere
1965 3030 97 75 seu
2020 3030 138 75 false.
2116 3030 69 75 ⁋
2144 3030 110 75 Tunc
2213 3030 83 75 ad

1339 3070 184 87 probationem
1486 3070 123 87 Ansel.
1572 3070 86 87 cum
1621 3070 135 87 dicitur
1720 3070 135 87 aliquid
1818 3070 86 87 quo
1867 3070 111 87 maius
1941 3070 148 87 cogitari
2052 3070 86 87 non
2101 3070 123 87 potest
2187 3070 86 87 est
2224 3070 49 87 in
