2421 3550
373 259 92 63 tur:
430 259 149 63 quaelibet
544 259 92 63 pars
602 259 92 63 etc.
659 259 103 63 fuit.
728 259 92 63 ergo
785 259 103 63 omnes
854 259 115 63 partes
934 259 138 63 fuerunt.
1037 259 69 63 si
1072 259 80 63 hoc
1118 259 160 63 consequens
1232 259 69 63 pro-

377 316 87 57 prie
431 316 130 57 sumatur.
529 316 130 57 quicquid
626 316 76 57 sit
670 316 65 57 de
702 316 98 57 prima
767 316 184 57 consequentia.
919 316 87 57 nego
973 316 98 57 aliam
1038 316 195 57 consequentiam:
1201 316 76 57 qua
1233 316 65 57 infe

373 363 109 50 tur.
441 363 109 50 ergo
509 363 95 50 hec
564 363 109 50 tota
631 363 122 50 forma
713 363 122 50 fuit.
794 363 81 50 si
835 363 81 50 ly
876 363 109 50 tota
944 363 149 50 sumatur
1053 363 244 50 cathegoredmaoe
1243 363 54 50 vt

370 403 133 53 oportet:
470 403 67 53 si
503 403 111 53 debeat
581 403 133 53 concludi
681 403 111 53 contra
759 403 167 53 propositum:
892 403 67 53 et
925 403 144 53 similiter
1036 403 78 53 non
1081 403 144 53 sequitur.
1192 403 89 53 ergo
1236 403 56 53 hec

383 446 94 54 forma
445 446 94 54 fuit.
508 446 62 54 et
539 446 73 54 est
580 446 104 54 ratio:
653 446 115 54 quoniam
737 446 115 54 proprie
820 446 125 54 loquendo
914 446 73 54 hoc
955 446 73 54 est
997 446 73 54 non
1039 446 94 54 vera.
1101 446 94 54 omnes
1164 446 104 54 partes
1226 446 73 54 huius

377 487 107 51 forme
448 487 95 51 sunt
508 487 83 51 hec
555 487 119 51 forma.
638 487 107 51 omnes
709 487 95 51 enim
768 487 119 51 partes
851 487 107 51 forme
922 487 95 51 sunt
982 487 119 51 partes
1065 487 119 51 forme:
1148 487 71 51 et
1183 487 95 51 ideo
1231 487 59 51 non

370 531 108 53 sunt
437 531 94 53 hec
491 531 135 53 forma.
585 531 81 53 Et
625 531 81 53 si
666 531 148 53 dicatur
773 531 108 53 quod
840 531 121 53 verum
921 531 94 53 est
975 531 135 53 sumedo
1069 531 81 53 ly
1110 531 135 53 omnes.
1190 531 108 53 distri

377 574 143 51 butiue:
481 574 91 51 sed
533 574 182 51 collectiue
677 574 182 51 accipiendo
820 574 104 51 vere
885 574 143 51 dicitur
989 574 104 51 quod
1054 574 117 51 omnes
1133 574 130 51 partes
1211 574 91 51 forme

374 623 101 48 sunt
438 623 127 48 forma:
526 623 114 48 sicut
602 623 76 48 et
640 623 177 48 cuiuslibet
780 623 127 48 totius
868 623 114 48 omnes
944 623 127 48 partes
1033 623 114 48 simul
1109 623 127 48 sumpte
1198 623 101 48 sunt
1248 623 51 48 to

376 659 84 53 tum:
429 659 63 53 et
461 659 137 53 econverso
566 659 137 53 quodlibet
672 659 95 53 toium
735 659 74 53 est
778 659 95 53 omnes
841 659 74 53 sue
883 659 106 53 partes
957 659 95 53 simul
1020 659 116 53 sumpte.
1105 659 84 53 Dico
1158 659 74 53 est
1200 659 84 53 quod
1242 659 53 53 sic

379 710 108 49 sumpto
455 710 65 49 ly
487 710 108 49 omnes.
562 710 151 49 propositio
681 710 75 49 non
724 710 75 49 est
767 710 86 49 vera
820 710 65 49 de
853 710 118 49 virtute
939 710 140 49 sermomnis
1046 710 118 49 propter
1133 710 108 49 causam
1197 710 97 49 dictam.

370 748 67 57 et
403 748 101 57 vltra
471 748 78 57 hoc
515 748 134 57 implicat
616 748 90 57 vnum
672 748 157 57 impossibil
795 748 134 57 scilicet
896 748 90 57 quod
952 748 101 57 omnes
1019 748 123 57 possint
1109 748 123 57 colligi
1198 748 78 57 seu
1232 748 67 57 col-

377 792 143 53 lectiue
481 792 117 53 sumi:
559 792 104 53 quia
624 792 182 53 quotcumque
767 792 130 53 partes
857 792 169 53 sumantur:
987 792 78 53 ex
1026 792 91 53 quo
1078 792 130 53 sumpta
1169 792 104 53 sunt
1221 792 78 53 par-

371 831 81 61 tes
418 831 139 61 alicuius
522 831 116 61 totius
603 831 174 61 includentis
742 831 93 61 eas:
800 831 69 61 et
835 831 81 61 per
881 831 162 61 consequens
1008 831 139 61 habentis
1113 831 104 61 alias
1182 831 81 61 vel
1217 831 81 61 aliam

376 878 113 56 partem
455 878 125 56 praeter
546 878 91 56 eas:
602 878 68 56 ac
636 878 79 56 per
681 878 79 56 hoc
727 878 113 56 sumpte
806 878 79 56 non
851 878 91 56 sunt
908 878 113 56 omnes:
987 878 68 56 et
1021 878 91 56 ideo
1078 878 91 56 illa
1134 878 159 56 propositio
1248 878 45 56 in

376 924 78 51 sua
420 924 122 51 propria
509 924 200 51 significatione
675 924 78 51 est
720 924 111 51 falsa:
797 924 67 51 et
830 924 144 51 similiter
941 924 89 51 ille
997 924 100 51 omnes
1063 924 111 51 partes
1141 924 100 51 simul
1207 924 89 51 sunt
1252 924 44 51 to

369 967 91 54 tum:
425 967 68 54 et
460 967 102 54 totum
528 967 80 54 est
573 967 102 54 omnes
642 967 114 54 partes
721 967 80 54 sue
767 967 102 54 simul
835 967 125 54 sumpte:
926 967 68 54 he
960 967 102 54 tamen
1028 967 91 54 vere
1085 967 102 54 sunt.
1153 967 102 54 omnia
1210 967 91 54 quorum

379 1007 135 57 quodlibet
483 1007 73 57 est
524 1007 83 57 pars
576 1007 94 57 huius
639 1007 104 57 totius
712 1007 83 57 sunt
764 1007 73 57 hoc
806 1007 104 57 totum:
878 1007 62 57 et
910 1007 135 57 econverso
1014 1007 73 57 hoc
1055 1007 94 57 totum
1118 1007 73 57 est
1160 1007 94 57 omnia
1212 1007 83 57 quorum

386 1061 166 47 quodlibet
514 1061 89 47 est
565 1061 102 47 pars
628 1061 115 47 eius:
705 1061 140 47 sumendo
807 1061 76 47 ly
845 1061 115 47 omnia
922 1061 191 47 collectiue.
1075 1061 76 47 Et
1113 1061 76 47 ad
1151 1061 102 47 hunc
1202 1061 102 47 intel-

368 1099 128 50 lectum
458 1099 179 50 accipiendo
598 1099 102 50 sunt
662 1099 204 50 auctoritates
827 1099 166 50 dicentes:
955 1099 102 50 quod
1019 1099 115 50 totum
1095 1099 89 50 est
1146 1099 89 50 sue
1184 1099 115 50 partes.

378 1148 81 45 vel
425 1148 139 45 similia:
529 1148 69 45 et
563 1148 69 45 in
598 1148 81 45 hoc
644 1148 173 45 intellectum
783 1148 93 45 vtor
841 1148 127 45 talibus
934 1148 220 45 propositionibus
1119 1148 150 45 vbicumque
1223 1148 69 45 vtor

375 1188 99 48 eis.
436 1188 124 48 quibus
523 1188 136 48 quamuis
622 1188 99 48 sint
684 1188 173 48 improprie:
820 1188 185 48 frequentius
968 1188 111 48 tamen
1042 1188 99 48 vtor
1104 1188 74 48 et
1141 1188 136 48 propter
1228 1188 74 48 bre-

376 1223 169 57 uitatem:
503 1223 84 57 et
545 1223 84 57 vt
587 1223 169 57 conforme
714 1223 84 57 me
756 1223 155 57 communi
869 1223 113 57 modo
939 1223 183 57 loquendi.
1080 1223 127 57 iuxta
1150 1223 155 57 doctrinam

373 1271 181 55 philosophi
515 1271 168 55 dicentis.
645 1271 168 55 Loquendum
774 1271 104 55 esse
839 1271 78 55 vt
878 1271 142 55 plures.
981 1271 181 55 sentiendum
1124 1271 116 55 autem
1201 1271 78 55 vt
1227 1271 78 55 pau-

377 1313 88 49 ci.
453 1313 88 49 Sed
503 1313 113 49 adhuc
578 1313 125 49 potest
666 1313 125 49 reduci
754 1313 138 49 arguium
854 1313 113 49 etiam
929 1313 75 49 in
967 1313 238 49 propositionibus
1155 1313 138 49 concessis

380 1359 93 54 sic.
438 1359 127 54 qulibet
531 1359 93 54 pars
589 1359 104 54 huius
658 1359 104 54 forme
728 1359 104 54 fuit.
797 1359 93 54 ergo
855 1359 104 54 omnia
925 1359 116 54 quorum
1006 1359 151 54 quodlibet
1121 1359 81 54 est
1168 1359 93 54 pars
1214 1359 81 54 huius

369 1400 100 47 forme
436 1400 134 47 fuerunt:
536 1400 67 47 et
570 1400 112 47 vltra.
648 1400 89 47 ergo
704 1400 78 47 hec
748 1400 100 47 forma
815 1400 100 47 fuit.
882 1400 67 47 Et
916 1400 100 47 patet
983 1400 67 47 2a
1016 1400 179 47 consequentia
1161 1400 89 47 quia
1206 1400 89 47 huimus

375 1444 78 49 est
420 1444 134 49 concessa
520 1444 67 49 in
554 1444 123 49 simili.
643 1444 101 49 omnia
710 1444 112 49 quorum
788 1444 145 49 quodlibet
900 1444 78 49 est
945 1444 89 49 pars
1001 1444 101 49 huius
1068 1444 101 49 forme
1135 1444 89 49 sunt
1190 1444 78 49 hoc
1224 1444 67 49 for-

379 1491 80 48 ma.
447 1491 148 48 Praeterea
561 1491 114 48 potest
641 1491 125 48 probari
732 1491 102 48 eadem
800 1491 182 48 consequentia
948 1491 80 48 per
994 1491 137 48 sillatum
1096 1491 182 48 expositorium
1233 1491 68 48 sic.

374 1530 87 53 hec
423 1530 112 53 omnia
498 1530 125 53 quorum
585 1530 162 53 quodlibet
710 1530 87 53 est
760 1530 100 53 pars
822 1530 112 53 huius
897 1530 112 53 forme
972 1530 150 53 fuerunt.
1084 1530 87 53 hec
1134 1530 112 53 omnia
1196 1530 100 53 quorum

381 1578 151 56 quodlibet
497 1578 81 56 est
544 1578 93 56 pars
601 1578 104 56 huius
671 1578 104 56 forme
740 1578 93 56 sunt
798 1578 81 56 hec
845 1578 116 56 forma.
926 1578 93 56 ergo
983 1578 81 56 hec
1030 1578 104 56 forma
1099 1578 104 56 fuit.
1180 1578 116 56 Rsponsio

383 1624 62 48 et
414 1624 92 48 sicut
475 1624 92 48 prius
537 1624 113 48 negando
619 1624 164 48 consequentia
752 1624 92 48 illam
814 1624 82 48 2am:
865 1624 62 48 et
896 1624 72 48 est
937 1624 103 48 ratio:
1009 1624 113 48 quoniam
1091 1624 62 48 ex
1122 1624 92 48 illa.
1183 1624 92 48 omnia
1234 1624 62 48 quo-

375 1668 78 46 rum
419 1668 145 46 quodlibet
531 1668 89 46 etc.
587 1668 78 46 non
631 1668 134 46 sequitur
732 1668 89 46 quod
788 1668 78 46 pro
832 1668 112 46 aliquo
910 1668 78 46 vno
955 1668 134 46 instanti
1056 1668 145 46 aliquando
1167 1668 112 46 fuerit
1234 1668 67 46 vera

372 1707 87 58 sua
421 1707 74 58 de
458 1707 174 58 praesunti.
595 1707 74 58 si
632 1707 136 58 formata
731 1707 149 58 fuisset.
843 1707 87 58 cum
893 1707 124 58 verbum
979 1707 112 58 illud
1054 1707 149 58 temporis
1153 1707 149 58 praeteriti

375 1750 86 46 sit
424 1750 147 46 pluralis
534 1750 135 46 numeri.
633 1750 147 46 Exemplum
743 1750 86 46 hec
792 1750 86 46 est
842 1750 74 46 va
878 1750 98 46 Adam
940 1750 74 46 et
977 1750 135 46 Abraham
1075 1750 147 46 fuerunt:
1185 1750 74 46 et
1210 1750 86 46 tamen

374 1794 89 47 hec
425 1794 141 47 nunquam
528 1794 141 47 fuisset
630 1794 115 47 vera:
706 1794 102 47 Adam
770 1794 77 47 et
809 1794 141 47 Abraham
911 1794 115 47 sunt:
987 1794 89 47 sed
1039 1794 77 47 ad
1077 1794 128 47 istam:
1166 1794 89 47 hoc
1205 1794 89 47 forma

382 1832 100 59 fuit.
449 1832 134 59 sequitur
549 1832 89 59 quod
605 1832 78 59 hoc
649 1832 145 59 aliquando
760 1832 122 59 fuisset
850 1832 100 59 vera:
916 1832 78 59 hoc
961 1832 100 59 forma
1028 1832 89 59 est.
1083 1832 67 59 et
1117 1832 100 59 vltra
1173 1832 122 59 sequitur:

370 1881 102 52 quod
434 1881 89 52 hec
485 1881 140 52 fuisset
586 1881 114 52 vera.
663 1881 114 52 omnia
739 1881 127 52 quorum
828 1881 165 52 quodlibet
955 1881 89 52 est
1006 1881 102 52 pars
1069 1881 114 52 huius
1146 1881 114 52 forme
1209 1881 89 52 sunt.

372 1921 83 57 Cum
420 1921 95 57 ergo
479 1921 83 57 hec
527 1921 83 57 non
574 1921 143 57 sequatur
681 1921 71 57 ad
717 1921 119 57 primam
800 1921 71 57 vt
836 1921 119 57 dictum
919 1921 95 57 est:
978 1921 178 57 relinquitur
1121 1921 95 57 quod
1180 1921 107 57 ista.
1240 1921 59 57 hoc

374 1964 107 57 forma
445 1964 107 57 fuit.
516 1964 83 57 non
564 1964 83 57 sit
611 1964 166 57 consequens
741 1964 71 57 ad
777 1964 118 57 illam:
860 1964 83 57 nec
907 1964 142 57 probatio
1014 1964 118 57 valet:
1097 1964 130 57 quoniam
1191 1964 71 57 ex
1215 1964 83 57 illis

381 2011 216 52 propositionibus
563 2011 80 52 non
608 2011 136 52 sequitur
710 2011 68 52 ex
744 2011 102 52 forma
813 2011 91 52 illa
869 2011 148 52 conclusio
983 2011 80 52 sed
1029 2011 80 52 est
1074 2011 102 52 falsa
1142 2011 125 52 propter
1222 2011 68 52 muta

383 2057 104 48 tionem
455 2057 125 48 pluralis
549 2057 104 48 numeri
621 2057 62 48 in
653 2057 156 48 singularem:
777 2057 73 48 sed
819 2057 83 48 bene
871 2057 135 48 sequitur.
974 2057 83 48 ergo
1026 2057 104 48 aliqua
1099 2057 83 48 quae
1151 2057 83 48 sunt
1193 2057 93 48 huiusmb

373 2096 118 50 forma
452 2096 158 50 fuerunt:
570 2096 92 50 qua
622 2096 118 50 tamen
701 2096 92 50 non
754 2096 144 50 infert.
859 2096 92 50 hoc
911 2096 118 50 forma
990 2096 118 50 fuit.
1095 2096 92 50 Per
1148 2096 105 50 idem
1200 2096 92 50 patet

367 2139 102 59 quod
431 2139 102 59 ille
495 2139 154 59 smllacus
610 2139 205 59 expositorius
777 2139 90 59 non
828 2139 128 59 valet:
917 2139 77 59 et
956 2139 128 59 potest
1045 2139 102 59 dari
1109 2139 179 59 instantia.
1237 2139 64 59 Nam

374 2182 117 59 posito
456 2182 94 59 quod
515 2182 94 59 deus
574 2182 94 59 olim
633 2182 141 59 creasset
738 2182 117 59 animam
821 2182 129 59 sortis:
914 2182 70 59 et
950 2182 153 59 similiter
1067 2182 129 59 corpus.
1161 2182 70 59 et
1196 2182 94 59 nunc
1243 2182 59 59 per

374 2233 171 50 euenerint
505 2233 184 50 adinuicem:
650 2233 105 50 quod
716 2233 105 50 bene
782 2233 92 50 est
834 2233 184 50 possibile.
979 2233 79 50 he
1019 2233 118 50 erunt
1098 2233 118 50 vere.
1177 2233 92 50 hec
1216 2233 79 50 sisi

381 2270 109 55 anima
454 2270 73 55 et
490 2270 134 55 corpus)
588 2270 146 55 fuerunt.
697 2270 85 55 hec
746 2270 97 55 sunt
806 2270 134 55 sortis:
904 2270 85 55 non
952 2270 158 55 sequitur.
1074 2270 97 55 ergo
1135 2270 122 55 sortes
1220 2270 109 55 fuit:

374 2313 92 50 cum
426 2313 184 50 consequens
571 2313 92 50 sit
624 2313 92 50 sim
677 2313 79 50 ex
716 2313 118 50 casu.
821 2313 79 50 Ad
861 2313 184 50 probatione
1005 2313 118 50 aliam
1084 2313 105 50 dico
1150 2313 105 50 quod
1203 2313 92 50 vtra-

382 2366 79 45 que
427 2366 101 45 harum
494 2366 79 45 est
539 2366 90 45 nunc
596 2366 79 45 per
641 2366 101 45 vera.
708 2366 146 45 quaelibet
821 2366 90 45 pars
877 2366 101 45 huius
945 2366 158 45 charitatis
1069 2366 101 45 fuit.
1136 2366 146 45 quaelibet
1237 2366 68 45 pars

368 2403 118 45 huius
447 2403 184 45 charitatis
592 2403 105 45 est:
657 2403 79 45 et
697 2403 92 45 ita
749 2403 145 45 oportet
855 2403 79 45 in
894 2403 211 45 quibuscumque
1065 2403 132 45 formis
1157 2403 132 45 factis
1236 2403 53 45 in

384 2444 134 54 tempore
481 2444 146 54 continue
591 2444 146 54 loquendo
701 2444 73 54 de
738 2444 146 54 partibus
848 2444 110 54 earum
921 2444 159 54 infinitis
1043 2444 98 54 siue
1104 2444 134 54 eiusdem
1189 2444 110 54 quanti-

374 2491 104 54 tatis
444 2491 92 54 siue
501 2491 127 54 eiusdem
594 2491 196 54 proportionis.
755 2491 81 54 cum
802 2491 139 54 arguitur
905 2491 92 54 quod
963 2491 81 54 hec
1009 2491 104 54 prius
1079 2491 92 54 fuit
1136 2491 104 54 vera:
1194 2491 104 54 quaeli-

379 2529 91 50 bet
431 2529 104 50 pars
496 2529 117 50 huius
574 2529 182 50 charitatis
717 2529 104 50 est:
782 2529 104 50 quia
847 2529 169 50 quaelibet
976 2529 182 50 propositio
1119 2529 78 50 de
1145 2529 156 50 praeterito

367 2574 102 52 nunc
431 2574 102 52 vera
495 2574 128 52 habuit
584 2574 102 52 vnam
648 2574 77 52 de
686 2574 166 52 praesenti
814 2574 115 52 prius
891 2574 102 52 sibi
954 2574 243 52 correspondentem
1159 2574 128 52 veram.
1235 2574 64 52 Di-

375 2617 65 48 co
408 2617 87 48 quod
462 2617 98 48 illud
527 2617 76 48 non
571 2617 76 48 est
614 2617 98 48 verum
680 2617 65 48 et
712 2617 109 48 maxime
789 2617 65 48 de
821 2617 207 48 propositionibus
995 2617 196 48 vniversalibus:
1158 2617 98 48 sicut
1213 2617 76 48 patet

391 2660 77 50 Nam
435 2660 99 50 sicut
501 2660 77 50 hec
545 2660 77 50 est
590 2660 99 50 vera:
656 2660 143 50 quaelibet
766 2660 88 50 dies
821 2660 155 50 praeterita
943 2660 99 50 fuit:
1009 2660 66 50 et
1042 2660 99 50 tamen
1108 2660 121 50 nunquam
1197 2660 77 50 hoc
1230 2660 66 50 fuit

375 2704 99 56 vera:
441 2704 142 56 quaelibet
550 2704 88 56 dies
605 2704 153 56 praeterita
726 2704 88 56 est:
780 2704 142 56 similiter
890 2704 77 56 hec
934 2704 88 56 nunc
988 2704 77 56 est
1032 2704 99 56 vera.
1098 2704 131 56 quilibet
1196 2704 77 56 qui
1229 2704 66 56 fuit

377 2746 88 55 rex
428 2746 125 55 rancie
515 2746 113 55 fuit:
591 2746 138 55 nunquam
691 2746 113 55 tamen
766 2746 100 55 haec
829 2746 100 55 fuit
891 2746 113 55 vera.
967 2746 150 55 quilibet
1079 2746 88 55 qui
1130 2746 100 55 fuit
1192 2746 88 55 rex
1230 2746 75 55 Fran

374 2795 90 48 cie
426 2795 103 48 est.
490 2795 155 48 Sufficit
607 2795 103 48 enim
671 2795 103 48 quod
736 2795 155 48 cuilibet
852 2795 168 48 singulari
981 2795 220 48 correspondeat
1162 2795 90 48 sua
1214 2795 77 48 de
1239 2795 65 48 pre

375 2833 116 53 senti:
457 2833 93 53 quae
515 2833 151 53 aliquando
631 2833 93 53 fuit
689 2833 105 53 vera:
759 2833 128 53 quamuis
852 2833 81 53 est
898 2833 105 53 forte
968 2833 81 53 non
1014 2833 81 53 sit
1061 2833 116 53 semper
1142 2833 163 53 necessium.
1259 2833 46 53 In

382 2886 166 49 proposito
510 2886 115 49 autem
587 2886 166 49 quaelibet
715 2886 128 49 talis.
805 2886 90 49 hib
856 2886 102 49 pars
920 2886 179 49 charitatis
1061 2886 115 49 fuit:
1137 2886 128 49 habuit
1214 2886 77 49 vnam

380 2917 71 59 de
416 2917 154 59 praesenti
534 2917 95 59 sibi
593 2917 213 59 corrspondentem
771 2917 95 59 vera
830 2917 142 59 scilicet
937 2917 107 59 hanc.
1008 2917 83 59 hec
1055 2917 95 59 pars
1114 2917 166 59 charitatis
1233 2917 59 59 est

377 2965 104 49 eadem
447 2965 104 49 parte
516 2965 185 49 demonstrata:
667 2965 70 49 et
702 2965 81 49 sic
748 2965 93 49 illi
806 2965 162 49 vniversali
934 2965 81 49 non
980 2965 81 49 vna
1026 2965 185 49 vniversalis:
1177 2965 81 49 sed
1212 2965 81 49 multe

374 3013 163 52 singulares
503 3013 70 52 de
538 3013 152 52 praesenti
654 3013 210 52 correspondent:
829 3013 82 52 qua
876 3013 152 52 quandoque
993 3013 105 52 prius
1063 3013 128 52 fuerunt
1156 3013 105 52 vere.
1249 3013 70 52 Ad

377 3055 101 72 aliam
444 3055 169 72 probationem
579 3055 90 72 dico
635 3055 90 72 quod
691 3055 146 72 necessium
804 3055 79 72 est
849 3055 135 72 cuilibet
950 3055 146 72 concedere
1062 3055 90 72 quod
1118 3055 79 72 due
1152 3055 146 72 propositio

1340 254 93 64 nes
1393 254 93 64 vna
1446 254 80 64 de
1486 254 187 64 praeterito
1633 254 133 64 altera
1727 254 80 64 de
1767 254 174 64 praesenti
1900 254 133 64 quales
1994 254 107 64 sunt
2060 254 120 64 ille.
2141 254 107 64 sint
2194 254 80 64 ali-

1339 306 135 58 quando
1433 306 108 58 vere
1501 306 122 58 simul
1582 306 135 58 primo:
1676 306 81 58 et
1717 306 122 58 patet
1798 306 81 58 si
1838 306 108 58 ille
1906 306 176 58 formentur
2041 306 81 58 de
2081 306 162 58 partibus
2189 306 81 58 pro-

1351 353 239 49 portionalibus
1548 353 127 49 forme
1632 353 141 49 finite
1731 353 127 49 facte
1815 353 84 49 in
1858 353 155 49 tempore
1970 353 183 49 continue:
2111 353 99 49 nec
2167 353 99 49 est
2210 353 70 49 si-

1340 396 104 49 mile
1405 396 78 49 de
1444 396 117 49 illis
1523 396 78 49 et
1562 396 78 49 de
1601 396 130 49 istis.
1692 396 130 49 sortes
1783 396 104 49 fuit
1849 396 130 49 sortes
1940 396 104 49 est:
2005 396 104 49 quia
2070 396 78 49 si
2109 396 104 49 iste
2162 396 104 49 vltim-

1332 444 126 44 simul
1416 444 126 44 primo
1500 444 140 44 forent
1597 444 126 44 vere:
1681 444 195 44 sequeretur
1834 444 112 44 quod
1904 444 126 44 eadem
1988 444 98 44 res
2044 444 209 44 demonstrata
2197 444 84 44 fue-

1346 484 84 50 rit
1394 484 72 50 et
1430 484 84 50 non
1478 484 120 50 fuerit
1561 484 120 50 prius.
1645 484 108 50 Ratio
1717 484 96 50 est.
1777 484 96 50 Quia
1836 484 155 50 sequitur.
1956 484 84 50 hec
2004 484 84 50 est
2052 484 108 50 vera.
2124 484 120 50 sortes
2195 484 84 50 fuit.

1342 526 134 49 sortes
1436 526 121 49 prius
1516 526 121 49 fuit.
1597 526 81 49 Et
1637 526 175 49 sequitur:
1772 526 94 49 hec
1825 526 94 49 est
1879 526 108 49 nunc
1946 526 121 49 primo
2027 526 121 49 vera.
2108 526 134 49 sortes
2188 526 81 49 est.

1350 569 94 55 ergo
1409 569 118 55 sortes
1491 569 94 55 nunc
1550 569 106 55 primo
1621 569 94 55 est.
1680 569 71 55 et
1715 569 118 55 vltra.
1797 569 94 55 ergo
1856 569 118 55 sortes
1939 569 82 55 non
1986 569 106 55 prius
2056 569 106 55 fuit:
2127 569 82 55 sed
2174 569 71 55 ex
2198 569 82 55 ista.

1346 614 106 49 hec
1407 614 122 49 nunc
1483 614 137 49 primo
1574 614 106 49 est
1635 614 137 49 vera:
1726 614 182 49 quelibet
1863 614 122 49 pars
1939 614 137 49 huius
2030 614 213 49 charitatis
2182 614 91 49 est.

1330 656 102 52 non
1389 656 175 52 sequitur
1520 656 102 52 hec
1578 656 175 52 quelibet
1710 656 117 52 pars
1783 656 131 52 huius
1870 656 204 52 charitatis
2031 656 117 52 nunc
2104 656 131 52 primo
2176 656 88 52 est:

1341 703 100 47 sed
1398 703 100 47 cum
1455 703 85 47 ea
1497 703 114 47 stat
1568 703 128 47 ista.
1654 703 128 47 nulla
1739 703 114 47 pars
1810 703 199 47 charitatis
1967 703 128 47 huius
2052 703 114 47 nunc
2123 703 128 47 primo
2195 703 85 47 est.

1333 743 79 57 Et
1372 743 93 57 sic
1425 743 93 57 non
1478 743 159 57 sequitur
1598 743 106 57 quod
1664 743 132 57 aliqua
1757 743 106 57 pars
1823 743 119 57 huius
1902 743 185 57 charitatis
2048 743 119 57 prius
2127 743 146 57 fuerit:
2220 743 53 57 et

1340 791 86 46 non
1389 791 110 46 prius
1462 791 135 46 fuerit.
1585 791 74 46 Ad
1622 791 86 46 3am
1671 791 123 46 contra
1757 791 98 46 idem
1818 791 172 46 antecedens
1953 791 172 46 responsio:
2088 791 172 46 concedendo
2210 791 86 46 casum

1349 832 105 56 esse
1414 832 196 56 possibilem.
1571 832 78 56 Et
1610 832 118 56 vltra
1689 832 105 56 dico
1754 832 105 56 quod
1820 832 78 56 in
1859 832 157 56 instanti
1976 832 131 56 finali
2068 832 105 56 hore
2133 832 118 56 nulla
2199 832 78 56 pars

1342 874 182 53 charitatis
1485 874 117 53 erit.
1563 874 78 53 et
1603 874 91 53 cum
1655 874 156 53 probatur
1772 874 169 53 oppositum
1902 874 91 53 per
1954 874 104 53 hoc:
2019 874 104 53 quia
2085 874 78 53 in
2124 874 156 53 instanti
2228 874 52 53 fi

1346 919 116 56 nali
1419 919 131 56 primo
1506 919 145 56 cessat
1608 919 174 56 charitas
1739 919 145 56 creari
1840 919 174 56 concedo.
1971 919 189 56 exponendo
2116 919 87 56 ly
2145 919 131 56 cessat.

1350 967 74 49 per
1393 967 148 49 negationem
1509 967 148 49 praesentis
1625 967 63 49 et
1656 967 148 49 positionem
1773 967 158 49 praeteriti:
1899 967 63 49 et
1931 967 127 49 secundum
2026 967 74 49 hoc
2068 967 84 49 nego
2110 967 169 49 consequentiam:

1342 1011 98 43 qua
1398 1011 167 43 infertur
1523 1011 112 43 quod
1593 1011 98 43 vel
1649 1011 98 43 non
1704 1011 167 43 quelibet
1830 1011 112 43 erit
1900 1011 195 43 annihilata
2053 1011 84 43 in
2095 1011 112 43 illo
2151 1011 125 43 instan-

1338 1048 101 56 ti:
1395 1048 101 56 vel
1453 1048 145 56 aliqua
1555 1048 130 56 simul
1642 1048 246 56 annihilabitur
1844 1048 87 56 et
1888 1048 203 56 creabitur.
2047 1048 130 56 Ratio
2134 1048 130 56 quare
2207 1048 72 56 non

1343 1091 157 53 sequitur
1461 1091 105 53 est:
1526 1091 105 53 quia
1592 1091 118 53 nulla
1671 1091 105 53 erit
1736 1091 118 53 primo
1815 1091 131 53 creata
1907 1091 79 53 in
1946 1091 105 53 illo
2012 1091 170 53 instanti:
2143 1091 92 53 nec
2182 1091 92 53 etiam

1351 1137 131 48 aliqua
1443 1137 105 48 erit
1508 1137 118 48 primo
1586 1137 79 48 in
1626 1137 79 48 eo
1665 1137 196 48 annihilata:
1822 1137 79 48 et
1861 1137 105 48 tota
1927 1137 118 48 ratio
2005 1137 105 48 est:
2071 1137 105 48 quia
2136 1137 118 48 nulla
2201 1137 79 48 erit

1352 1180 138 56 vltima:
1453 1180 75 56 et
1490 1180 163 56 similiter
1616 1180 113 56 nulla
1691 1180 100 56 erit
1753 1180 75 56 in
1791 1180 125 56 aliquo
1879 1180 150 56 instanti
1991 1180 125 56 illius
2079 1180 150 56 temporis
2179 1180 88 56 primo

1338 1223 137 51 creata
1434 1223 82 51 et
1476 1223 206 51 annihilata:
1640 1223 96 51 nec
1695 1223 124 51 etiam
1778 1223 137 51 aliqua
1874 1223 82 51 in
1915 1223 124 51 eadem
1997 1223 124 51 parte
2080 1223 165 51 temporis
2189 1223 69 51 per

1346 1266 164 48 creabitur
1473 1266 76 48 et
1510 1266 227 48 annihilabitur:
1700 1266 88 48 sed
1750 1266 114 48 prius
1826 1266 164 48 creabitur
1952 1266 101 48 quam
2015 1266 227 48 annihilabitur.
2217 1266 63 48 his

1338 1317 127 43 tamen
1423 1317 99 43 non
1479 1317 212 43 obstantibus
1649 1317 85 43 in
1691 1317 113 43 illo
1762 1317 170 43 instanti
1889 1317 141 43 finali
1988 1317 170 43 quelibet
2115 1317 127 43 harum
2186 1317 85 43 erit

1348 1354 119 52 primo
1427 1354 119 52 vera:
1506 1354 158 52 quelibet
1625 1354 106 52 pars
1691 1354 185 52 charitatis
1836 1354 106 52 fuit
1902 1354 145 52 creata:
2007 1354 171 52 quaelibet
2139 1354 106 52 pars
2192 1354 79 52 cha-

1346 1405 166 46 ritatis
1466 1405 120 46 fuit
1542 1405 226 46 annihilata:
1722 1405 135 46 nulla
1813 1405 120 46 pars
1888 1405 211 46 charitatis
2053 1405 120 46 est:
2114 1405 151 46 loquendo

1341 1444 83 45 de
1383 1444 111 45 illa
1452 1444 97 45 vna
1507 1444 138 45 totali
1604 1444 180 45 charitate
1742 1444 111 45 quae
1812 1444 152 45 ponitur
1922 1444 83 45 in
1964 1444 111 45 casu
2033 1444 138 45 creari
2130 1444 111 45 modo
2185 1444 83 45 illo

1347 1485 84 53 et
1389 1485 210 53 annihilari.
1557 1485 84 53 Si
1599 1485 126 53 tamen
1683 1485 154 53 proprie
1795 1485 140 53 posset
1893 1485 112 53 dici
1963 1485 98 53 vna
2019 1485 168 53 charitas
2145 1485 98 53 vel
2187 1485 84 53 cha-

1331 1527 136 49 ritas
1421 1527 90 49 et
1467 1527 105 49 non
1527 1527 151 49 potius
1632 1527 226 49 charitates:
1813 1527 90 49 de
1858 1527 105 49 quo
1918 1527 105 49 non
1979 1527 136 49 facio
2069 1527 105 49 pro
2129 1527 121 49 nunc
2190 1527 90 49 vim:

1348 1571 77 54 et
1387 1571 102 54 quod
1451 1571 90 54 est
1502 1571 128 54 dictum
1592 1571 115 54 patet
1668 1571 77 54 in
1707 1571 141 54 simili.
1809 1571 77 54 Si
1848 1571 102 54 enim
1912 1571 102 54 sint
1976 1571 90 54 duo
2027 1571 141 54 mobilia
2129 1571 128 54 quorum
2206 1571 77 54 vnum

1344 1615 99 48 sit
1400 1615 141 48 altero
1499 1615 169 48 velocius
1625 1615 84 48 in
1668 1615 141 48 duplo:
1766 1615 84 48 et
1808 1615 141 48 distet
1907 1615 141 48 tardum
2006 1615 70 48 a
2034 1615 141 48 puncto
2132 1615 84 48 b.
2174 1615 84 48 et
2203 1615 70 48 im-

1334 1663 151 47 cipiat
1440 1663 151 47 moueri
1545 1663 75 47 a
1575 1663 151 47 puncto
1681 1663 91 47 a.
1726 1663 151 47 versus
1832 1663 91 47 b.
1877 1663 196 47 continue:
2028 1663 91 47 et
2074 1663 151 47 quando
2164 1663 106 47 ipsum

1346 1703 117 45 primo
1424 1703 182 45 transierit
1567 1703 182 45 medietatem
1709 1703 130 45 totius
1800 1703 143 45 spacii:
1904 1703 104 45 quod
1969 1703 91 45 est
2021 1703 117 45 inter
2098 1703 78 45 a.
2137 1703 78 45 et
2176 1703 78 45 b.
2202 1703 78 45 tunc

1346 1745 119 49 simul
1425 1745 119 49 velox
1504 1745 159 49 incipiat
1623 1745 132 49 moueri
1716 1745 79 49 ab
1756 1745 79 49 a.
1795 1745 132 49 versus
1888 1745 79 49 b.
1927 1745 145 49 constat
2033 1745 106 49 quod
2099 1745 79 49 in
2139 1745 119 49 eodem
2205 1745 66 49 in-

1345 1786 140 54 stanti
1443 1786 126 54 primo
1527 1786 154 54 spacium
1639 1786 84 54 a.
1681 1786 84 54 b.
1723 1786 112 54 erit
1793 1786 182 54 transitum
1934 1786 84 54 ab
1976 1786 168 54 vtroque.
2102 1786 84 54 Et
2144 1786 84 54 in
2172 1786 98 54 eodem

1350 1834 167 54 nstanti:
1475 1834 97 54 quo
1531 1834 125 54 primo
1614 1834 111 54 erit
1684 1834 125 54 verum
1767 1834 139 54 dicere
1864 1834 181 54 quamlibet
2003 1834 139 54 partem
2100 1834 139 54 illius
2184 1834 83 54 spa-

1343 1878 87 49 cii
1392 1878 99 49 esse
1454 1878 199 49 pertransitam
1616 1878 62 49 a
1641 1878 137 49 veloci.
1740 1878 99 49 erit
1802 1878 112 49 etiam
1877 1878 112 49 primo
1951 1878 112 49 verum
2026 1878 124 49 dicere
2113 1878 99 49 quod
2162 1878 112 49 quaeli-

1348 1927 93 42 bet
1401 1927 93 42 est
1454 1927 159 42 transita
1573 1927 66 42 a
1599 1927 132 42 tardo:
1692 1927 79 42 et
1731 1927 119 42 tamen
1811 1927 119 42 nulla
1890 1927 106 42 pars
1956 1927 132 42 spacii
2049 1927 79 42 a.
2089 1927 79 42 b.
2128 1927 106 42 erit
2181 1927 93 42 primo

1333 1969 123 49 simul
1415 1969 205 49 pertransita
1580 1969 82 49 ab
1621 1969 164 49 vtroque:
1744 1969 96 49 sed
1798 1969 164 49 quelibet
1921 1969 123 49 primo
2003 1969 109 49 erit
2072 1969 205 49 pertransita
2222 1969 55 49 a.

1349 2012 108 43 tardo
1421 2012 96 43 quam
1481 2012 60 43 a
1505 2012 132 43 veloci:
1600 2012 96 43 quod
1660 2012 120 43 patet:
1744 2012 96 43 quia
1804 2012 72 43 si
1839 2012 120 43 aliqui
1923 2012 84 43 sit
1971 2012 108 43 simul
2043 2012 144 43 transita
2150 2012 72 43 ab
2174 2012 108 43 vtroque

1332 2047 100 54 aut
1389 2047 128 54 prius
1474 2047 71 54 a
1503 2047 157 54 veloci:
1617 2047 171 54 residuum
1745 2047 142 54 spacii
1844 2047 85 54 ab
1887 2047 114 54 illa
1958 2047 128 54 vsque
2044 2047 85 54 ad
2087 2047 85 54 b.
2129 2047 128 54 prius
2201 2047 85 54 erit

1340 2095 240 55 pertransitum
1535 2095 75 55 a
1565 2095 150 55 veloci
1670 2095 120 55 quam
1745 2095 75 55 a
1775 2095 150 55 tardo:
1881 2095 135 55 alias
1971 2095 90 55 in
2016 2095 135 55 eodem
2106 2095 165 55 tempore
2211 2095 75 55 pri

1337 2138 91 50 mo
1382 2138 197 50 transiret
1534 2138 152 50 equale
1640 2138 167 50 spacium
1762 2138 137 50 velox
1853 2138 91 50 et
1898 2138 167 50 tardum:
2020 2138 91 50 et
2065 2138 106 50 sic
2126 2138 106 50 non
2172 2138 106 50 simul

1342 2188 94 47 ab
1389 2188 172 47 vtroque
1514 2188 141 47 primo
1608 2188 125 47 erit
1686 2188 203 47 transitum
1842 2188 172 47 spacium
1967 2188 78 47 a
1999 2188 94 47 b.
2077 2188 94 47 Et
2124 2188 109 47 per
2171 2188 109 47 istum

1345 2230 128 51 modum
1430 2230 170 51 soluitur
1558 2230 128 51 ratio
1643 2230 170 51 2Tenonis
1771 2230 85 51 6o
1813 2230 128 51 phyc.
1898 2230 99 51 que
1955 2230 156 51 vocatur
2069 2230 185 51 achilles:
2211 2230 85 51 de
2239 2230 57 51 et

1341 2269 227 55 velocissimo
1523 2269 212 55 insequente
1690 2269 243 55 tardissimum.
1887 2269 106 55 Sic
1947 2269 91 55 in
1993 2269 197 55 proposito
2144 2269 121 55 dico
2205 2269 91 55 quod

1338 2320 164 48 quelibet
1461 2320 109 48 pars
1530 2320 191 48 charitatis
1680 2320 109 48 erit
1748 2320 96 48 pus
1803 2320 150 48 causata
1912 2320 109 48 quam
1980 2320 205 48 annihilata:
2144 2320 82 48 et
2171 2320 96 48 prius

1347 2357 172 49 causabitur
1482 2357 98 49 quam
1543 2357 221 49 annihilabitur.
1728 2357 74 49 Et
1764 2357 111 49 tamen
1838 2357 86 49 non
1887 2357 98 49 erit
1949 2357 111 49 prius
2022 2357 111 49 verum
2096 2357 135 49 dicere:
2182 2357 86 49 quae-

1348 2399 115 53 libet
1425 2399 102 53 pars
1488 2399 102 53 fuit
1552 2399 89 53 vel
1603 2399 102 53 erit
1666 2399 153 53 causata:
1781 2399 102 53 quam
1845 2399 89 53 sit
1896 2399 115 53 verum
1972 2399 127 53 dicere
2061 2399 102 53 quod
2112 2399 140 53 quaelibet

1343 2447 105 46 est
1403 2447 105 46 vel
1463 2447 120 46 fuit
1538 2447 225 46 annihilata.
1748 2447 90 46 Ad
1793 2447 90 46 4m
1839 2447 120 46 dico
1914 2447 120 46 quod
1989 2447 90 46 si
2034 2447 90 46 in
2064 2447 195 46 casuponatur

1347 2487 115 54 quod
1418 2487 115 54 ille
1490 2487 143 54 partes
1590 2487 115 54 sunt
1662 2487 86 54 in
1705 2487 143 54 finali
1805 2487 172 54 instanti
1934 2487 129 54 hore.
2020 2487 129 54 casus
2092 2487 172 54 tuncimpli-

1348 2536 112 51 cat
1412 2536 273 51 impossibilia:
1637 2536 96 51 et
1685 2536 128 51 ideo
1765 2536 112 51 est
1830 2536 273 51 impossibilis.
2054 2536 112 51 Nam
2118 2536 112 51 per
2167 2536 112 51 casum

1347 2575 107 49 cum
1408 2575 92 49 in
1454 2575 153 49 aliquo
1561 2575 184 49 instanti
1699 2575 122 49 ille
1775 2575 153 49 partes
1882 2575 291 49 continuarentur:
2127 2575 122 49 tunc
2188 2575 92 49 sunt

1342 2615 210 54 continue:
1503 2615 97 54 et
1552 2615 194 54 remanent
1697 2615 113 54 per
1762 2615 145 54 totam
1859 2615 162 54 partem
1972 2615 129 54 hore
2053 2615 210 54 immediate
2198 2615 81 54 se-

1355 2663 162 53 quentem
1473 2663 133 53 vsque
1562 2663 89 53 ad
1606 2663 118 53 eius
1680 2663 162 53 instans
1798 2663 148 53 finale
1901 2663 207 53 exclusiue:
2063 2663 89 53 et
2108 2663 118 53 tunc
2181 2663 89 53 in
2211 2663 59 53 il

1346 2707 94 49 la
1393 2707 299 49 discontinuitate
1645 2707 126 49 sunt
1724 2707 94 49 et
1771 2707 189 49 remanent
1912 2707 236 49 discontinue
2101 2707 110 49 per
2148 2707 126 49 partem

1346 2748 206 51 sequentem
1504 2748 142 51 hore:
1599 2748 142 51 vsque
1694 2748 95 51 ad
1742 2748 127 51 suum
1821 2748 158 51 finale
1932 2748 174 51 instans
2058 2748 222 51 exclusiue.
2217 2748 63 51 Ex

1346 2793 93 52 quo
1399 2793 160 52 sequitur
1519 2793 174 52 manifeste
1653 2793 93 52 per
1706 2793 120 52 casum
1786 2793 107 52 quod
1853 2793 107 52 ille
1920 2793 133 52 partes
2013 2793 160 52 infinite
2133 2793 107 52 sunt
2187 2793 93 52 conti

1339 2843 101 47 nue
1396 2843 101 47 vel
1454 2843 232 47 discontinue:
1643 2843 87 47 et
1686 2843 116 47 quod
1759 2843 101 47 non
1817 2843 101 47 sit
1874 2843 145 47 finale
1976 2843 174 47 alicuius
2106 2843 130 47 vnius
2179 2843 101 47 illa-

1344 2880 96 52 rum
1399 2880 151 52 partium
1509 2880 137 52 tantum
1605 2880 96 52 vel
1659 2880 123 52 inter
1742 2880 151 52 finalia
1851 2880 178 52 instantia
1988 2880 233 52 comprehensum:
2180 2880 82 52 et
2207 2880 69 52 cum

1347 2919 154 57 instans
1459 2919 140 57 finale
1557 2919 140 57 totius
1654 2919 112 57 hore
1724 2919 140 57 nullum
1822 2919 98 57 sit
1878 2919 84 57 ex
1920 2919 210 57 praedictis.
2087 2919 98 57 Iam
2143 2919 98 57 per
2185 2919 98 57 casum

1355 2970 134 48 ponitur
1452 2970 183 48 virtualiter
1599 2970 98 48 quod
1660 2970 73 48 in
1696 2970 146 48 instanti
1806 2970 122 48 finali
1892 2970 85 48 nec
1940 2970 98 48 sint
2001 2970 146 48 continue
2111 2970 85 48 nec
2160 2970 98 48 sint
2209 2970 73 48 dis-

1343 3016 145 48 continue.
1454 3016 78 48 Cum
1499 3016 89 48 ergo
1555 3016 67 48 ex
1588 3016 89 48 alia
1644 3016 100 48 parte
1711 3016 134 48 poteatur
1811 3016 89 48 quod
1867 3016 100 48 sicut
1934 3016 67 48 in
1968 3016 89 48 illo
2023 3016 134 48 instanti
2124 3016 134 48 ponitur:
2213 3016 67 48 quod

1347 3062 119 60 tunc
1422 3062 119 60 sint
1496 3062 179 60 continue
1630 3062 104 60 vel
1689 3062 223 60 discontinue
1868 3062 104 60 cum
1928 3062 119 60 sint
2002 3062 179 60 opposita
2121 3062 149 60 immedia
