2433 3543
363 279 182 70 mediate.
500 279 137 70 omnia
591 279 137 70 autem
682 279 106 70 que
743 279 122 70 deus
819 279 152 70 fecit:
925 279 198 70 voluntate
1077 279 152 70 vtique
1183 279 152 70 fecit:

374 331 94 59 vt
421 331 141 59 dicit
515 331 125 59 Aug.
593 331 94 59 ad
640 331 172 59 Qrosium
765 331 156 59 contra
875 331 313 59 Priscilianistas.
1141 331 125 59 Item
1203 331 94 59 quia

364 377 124 57 deus
442 377 109 57 est
504 377 109 57 sua
566 377 186 57 voluntas
706 377 124 57 omni
784 377 124 57 modo
861 377 109 57 quo
923 377 109 57 est
985 377 124 57 deus
1063 377 140 57 cuius
1156 377 124 57 ipse
1218 377 78 57 est

379 414 115 60 causa
456 414 77 60 et
494 414 153 60 voluntas
609 414 89 60 est
660 414 89 60 est
711 414 128 60 causa.
801 414 64 60 ⁋
826 414 204 60 Confirmatur:
992 414 102 60 quia
1056 414 102 60 quod
1120 414 102 60 fit:
1184 414 89 60 vel
1222 414 64 60 fiu

363 463 195 47 immediate
513 463 75 47 a
543 463 120 47 deo:
618 463 105 47 vel
678 463 90 47 ab
723 463 150 47 aliquo
828 463 120 47 quod
902 463 195 47 immediate
1052 463 105 47 vel
1112 463 165 47 mediate
1217 463 75 47 est

373 509 137 44 factum
469 509 68 44 a
496 509 109 44 deo:
565 509 164 44 alioquin
688 509 150 44 aliquid
797 509 123 44 esset
879 509 109 44 quod
947 509 96 44 nec
1002 509 123 44 esset
1084 509 109 44 deus
1152 509 96 44 nec
1207 509 68 44 a
1221 509 68 44 deo

371 551 113 46 factum:
453 551 82 46 quod
504 551 72 46 est
545 551 102 46 contra
617 551 82 46 Aug.
668 551 92 46 primo
729 551 61 46 de
760 551 82 46 tri.
811 551 72 46 vbi
852 551 184 46 sententialiter
1006 551 72 46 per
1047 551 92 46 talem
1109 551 164 46 consequentia
1232 551 61 46 pro-

381 595 83 52 bat
429 595 119 52 filium
512 595 83 52 dei
560 595 95 52 esse
619 595 107 52 deum:
691 595 119 52 filius
774 595 83 52 dei
822 595 83 52 non
869 595 83 52 est
917 595 131 52 factus:
1012 595 95 52 quia
1072 595 107 52 omnia
1143 595 95 52 quae
1191 595 95 52 fcausa

374 642 117 44 sunt:
452 642 91 44 per
504 642 117 44 ipsum
582 642 117 44 facta
660 642 117 44 sunt.
738 642 78 44 Si
777 642 117 44 autem
854 642 91 44 non
906 642 91 44 est
958 642 143 44 factus:
1062 642 91 44 non
1114 642 91 44 est
1153 642 143 44 creatura.

364 680 83 49 si
406 680 124 49 autem
489 680 97 49 non
544 680 97 49 est
599 680 166 49 creatura
723 680 97 49 est
779 680 152 49 eiusdem
889 680 193 49 substantie
1041 680 97 49 cum
1097 680 138 49 patre.
1193 680 69 49 ⁋
1207 680 83 49 Item

375 728 118 42 format
458 728 106 42 aliam
528 728 71 42 ex
564 728 141 42 opposito
669 728 188 42 consequentis
822 728 106 42 prime
893 728 200 42 consequentie.
1058 728 71 42 si
1093 728 118 42 filius
1176 728 118 42 inquit
1246 728 59 42 non

368 773 81 47 est
415 773 127 47 eiusdem
507 773 162 47 substantie
635 773 104 47 cuius
704 773 81 47 est
751 773 116 47 pater.
832 773 93 47 ergo
890 773 104 47 facta
959 773 162 47 substantia
1087 773 93 47 est:
1144 773 116 47 neutra
1214 773 81 47 autem

374 807 209 60 consequentia
544 807 131 60 vllius
635 807 118 60 esset
713 807 144 60 momenti
818 807 131 60 contra
909 807 91 60 eum
962 807 91 60 qui
1014 807 183 60 opinaretur
1157 807 131 60 filium
1236 807 65 60 non

376 850 107 51 esse
443 850 147 51 factum:
550 850 80 51 et
590 850 120 51 tamen
670 850 80 51 in
710 850 187 51 substantia
858 850 67 51 a
884 850 94 51 deo
938 850 120 51 patre
1018 850 174 51 diuersum:
1152 850 80 51 si
1179 850 107 51 aliqua

379 898 114 52 alia
450 898 100 52 res
507 898 71 52 a
535 898 100 52 deo
592 898 128 52 esset
677 898 100 52 non
734 898 142 52 facta.
834 898 100 52 nam
891 898 156 52 pariter
1004 898 85 52 de
1047 898 128 52 filio
1132 898 128 52 sicut
1218 898 85 52 de
1246 898 57 52 il

376 939 65 57 la
409 939 86 57 dici
462 939 118 57 posset:
548 939 65 57 et
581 939 86 57 ideo
634 939 75 57 ibi
677 939 86 57 Aug.
731 939 97 57 dicit
796 939 183 57 vniversaliter
946 939 86 57 quod
1000 939 97 57 omnis
1064 939 151 57 substantia
1183 939 86 57 quae
1226 939 65 57 deus

367 979 88 62 non
418 979 101 62 est:
481 979 151 62 creatura
594 979 101 62 est:
658 979 76 62 et
695 979 101 62 quae
758 979 151 62 creatura
872 979 88 62 non
923 979 101 62 est:
986 979 101 62 deus
1049 979 101 62 est.
1112 979 63 62 ⁋
1137 979 88 62 Pro
1187 979 88 62 hac
1225 979 76 62 con-

361 1036 192 45 clusione
505 1036 128 45 sunt
585 1036 256 45 auctoritates
793 1036 128 45 Aug.
873 1036 160 45 plures
985 1036 192 45 allegate
1129 1036 96 45 in
1177 1036 112 45 hac
1225 1036 64 45 di

371 1071 211 48 stinctione
537 1071 76 48 a
567 1071 196 48 Magistro.
718 1071 76 48 ⁋
748 1071 106 48 2am
809 1071 242 48 conclusionem
1005 1071 136 48 probo
1096 1071 181 48 expressa
1217 1071 76 48 de-

377 1114 233 52 terminatione
567 1114 117 52 Aug.
640 1114 87 52 7.
683 1114 131 52 super
771 1114 117 52 Gen.
844 1114 87 52 ad
887 1114 189 52 litteram.
1033 1114 102 52 vbi
1091 1114 189 52 opinionem
1222 1114 73 52 opi

367 1162 174 50 positam
494 1162 190 50 recitat.
636 1162 95 50 Et
683 1162 95 50 ex
730 1162 237 50 auctoritate
920 1162 205 50 scripture
1078 1162 190 50 reprobat
1204 1162 95 50 sic.

372 1199 107 57 di.
433 1199 122 57 Sunt
509 1199 122 57 enim
585 1199 107 57 qui
646 1199 229 57 arbitrantur
829 1199 214 57 tantummodo
997 1199 153 57 mundum
1104 1199 137 57 ipsum
1180 1199 122 57 factum

366 1250 74 46 a
396 1250 118 46 deo:
470 1250 148 46 cetera
573 1250 104 46 iam
632 1250 133 46 fieri
721 1250 89 46 ab
766 1250 118 46 ipso
840 1250 148 46 mundo:
943 1250 133 46 sicut
1032 1250 118 46 ille
1106 1250 192 46 ordinauit
1239 1250 59 46 et

368 1286 134 49 iussit.
465 1286 98 49 deum
526 1286 110 49 autem
600 1286 110 49 ipsum
673 1286 110 49 nihil
746 1286 146 49 operari.
856 1286 85 49 hec
904 1286 85 49 est
953 1286 122 49 opinio
1039 1286 98 49 quae
1100 1286 73 49 vt
1136 1286 110 49 patet
1209 1286 85 49 non
1246 1286 61 49 ne-

366 1330 111 55 gat:
435 1330 97 55 sed
491 1330 166 55 affirmat
616 1330 111 55 deum
685 1330 111 55 esse
754 1330 153 55 mediate
865 1330 139 55 causam
962 1330 125 55 eorum
1045 1330 97 55 qua
1101 1330 111 55 nunc
1170 1330 125 55 fiunt
1240 1330 55 55 in

375 1379 153 47 mundo.
482 1379 137 47 iuxta
573 1379 122 47 vnum
649 1379 153 47 sensum
756 1379 214 47 praemissum
924 1379 92 47 de
970 1379 137 47 causa
1061 1379 183 47 mediata:
1198 1379 107 47 sed
1244 1379 61 47 so

369 1417 106 50 lum
429 1417 136 50 negat
520 1417 136 50 ipsum
610 1417 196 50 immediate
761 1417 136 50 talia
852 1417 121 50 nunc
927 1417 166 50 operari
1048 1417 106 50 seu
1108 1417 166 50 facere:
1214 1417 90 50 hanc

366 1463 130 48 autem
452 1463 101 48 mox
510 1463 187 48 reprobans
654 1463 158 48 subdit.
769 1463 144 48 Contra
870 1463 115 48 quos
942 1463 187 48 profertur
1086 1463 115 48 illa
1144 1463 158 48 sententia

375 1504 163 50 domini.
494 1504 134 50 pater
583 1504 134 50 vsque
672 1504 119 50 nunc
746 1504 193 50 operatur.
895 1504 89 50 Et
940 1504 89 50 ne
984 1504 119 50 quis
1058 1504 163 50 putaret
1177 1504 119 50 apud
1237 1504 59 50 se

370 1549 146 46 illum
467 1549 195 46 operari:
613 1549 114 46 sed
678 1549 179 46 operari
808 1549 114 46 non
873 1549 97 46 in
922 1549 114 46 hoc
987 1549 162 46 mundo.
1100 1549 146 46 pater
1198 1549 97 46 in
1230 1549 65 46 me

379 1593 132 50 manens
471 1593 132 50 inquit
563 1593 106 50 ipse
629 1593 119 50 facit
709 1593 119 50 opora
788 1593 106 50 sua:
854 1593 79 50 et
893 1593 119 50 sicut
972 1593 132 50 paiter
1065 1593 158 50 suscitat
1170 1593 119 50 mortuos

373 1636 83 49 et
415 1636 194 49 viuificat:
567 1636 97 49 sic
623 1636 83 49 et
665 1636 139 49 filius
762 1636 111 49 quos
831 1636 111 49 vult
900 1636 194 49 viuificat.
1053 1636 153 49 Denique
1164 1636 111 49 quia
1220 1636 69 49 non

375 1679 127 45 solum
460 1679 127 45 magna
545 1679 127 45 atque
630 1679 198 45 praecipua:
785 1679 127 45 verum
870 1679 127 45 etiam
955 1679 113 45 ista
1026 1679 156 45 terrena
1139 1679 85 45 et
1168 1679 127 45 extrema

377 1720 105 58 ipse
443 1720 171 58 operatur.
574 1720 92 58 Ita
626 1720 118 58 dicit
705 1720 184 58 apostolus.
850 1720 131 58 stulte
941 1720 92 58 tum
994 1720 105 58 quod
1060 1720 144 58 seminas
1165 1720 92 58 non
1204 1720 92 58 viui-

376 1774 169 42 ficatur:
503 1774 113 42 nisi
573 1774 99 42 pus
629 1774 183 42 moriatur:
770 1774 84 42 et
812 1774 113 42 quod
883 1774 155 42 seminas
995 1774 99 42 non
1052 1774 141 42 corpus
1150 1774 113 42 quod
1206 1774 99 42 futu-

375 1812 99 46 rum
431 1812 99 46 est
488 1812 170 46 seminas:
615 1812 99 46 sed
672 1812 127 46 nudum
756 1812 141 46 granum
855 1812 127 46 forte
940 1812 155 46 tritici
1053 1812 99 46 aut
1109 1812 170 46 alicuius
1222 1812 71 46 cen

371 1851 181 51 terorum:
507 1851 121 51 deus
582 1851 136 51 autem
673 1851 106 51 dat
733 1851 121 51 illi
809 1851 151 51 corpus
914 1851 166 51 quomodo
1035 1851 181 51 voluerit
1171 1851 91 51 et
1201 1851 91 51 vni-

386 1900 134 46 tuique
479 1900 147 46 seminum
586 1900 161 46 proprium
707 1900 147 46 corpus.
814 1900 80 46 Et
854 1900 187 46 scribuntur
1001 1900 94 46 hoc
1055 1900 120 46 verba
1135 1900 80 46 ad
1162 1900 134 46 Cortuis.

381 1937 151 50 prime.
487 1937 76 50 ⁋
517 1937 121 50 Item
592 1937 136 50 eodem
683 1937 136 50 libro
774 1937 106 50 Non
834 1937 136 50 solum
925 1937 151 50 inquit
1030 1937 121 50 tunc
1106 1937 121 50 deus
1166 1937 136 50 planta-

367 1984 97 51 uit
423 1984 195 51 paradisum:
576 1984 97 51 sed
631 1984 125 51 etiam
714 1984 111 51 nunc
784 1984 125 51 omnia
867 1984 97 51 qui
923 1984 195 51 nascuntur.
1076 1984 111 51 quis
1145 1984 111 51 enim
1201 1984 97 51 alius

382 2028 116 45 etiam
460 2028 103 45 nunc
524 2028 103 45 ista
589 2028 129 45 creat:
679 2028 103 45 nisi
744 2028 90 45 qui
795 2028 116 45 vsque
873 2028 103 45 nunc
937 2028 168 45 operatur:
1067 2028 90 45 sed
1118 2028 116 45 creat
1196 2028 90 45 hoc
1234 2028 65 45 mo-

382 2073 80 48 do
422 2073 80 48 ex
462 2073 94 48 his
515 2073 107 48 quae
582 2073 94 48 iam
636 2073 120 48 sunt:
716 2073 107 48 tunc
783 2073 120 48 autem
864 2073 80 48 ab
904 2073 107 48 illo
971 2073 94 48 cum
1024 2073 134 48 omnino
1118 2073 120 48 nulla
1185 2073 107 48 essent

384 2112 134 48 creata
477 2112 120 48 sunt.
558 2112 67 48 ⁋
584 2112 120 48 Item.
665 2112 107 48 Quid
732 2112 107 48 enim
799 2112 107 48 quod
866 2112 107 48 post
933 2112 147 48 pluuiam
1040 2112 161 48 exoritur
1160 2112 80 48 ab
1187 2112 107 48 aliquo

378 2154 87 50 fit
427 2154 99 50 nisi
489 2154 74 50 ab
526 2154 111 50 eodem
600 2154 99 50 deo.
662 2154 74 50 Et
699 2154 111 50 infra
773 2154 111 50 dicit
848 2154 99 50 quod
910 2154 74 50 in
947 2154 161 50 principio
1070 2154 111 50 fecit
1145 2154 87 50 hec
1194 2154 99 50 deus
1244 2154 49 50 po

373 2200 139 50 tentia
471 2200 125 50 verbi
554 2200 98 50 sui
610 2200 112 50 sine
680 2200 139 50 pluuia
777 2200 112 50 sine
847 2200 139 50 humano
945 2200 139 50 opere.
1042 2200 98 50 nam
1098 2200 98 50 eta
1154 2200 112 50 nunc
1209 2200 84 50 ipse

377 2242 134 49 facit:
470 2242 93 49 sed
524 2242 93 49 iam
577 2242 93 49 per
630 2242 147 49 pluuiam
737 2242 80 49 et
777 2242 147 49 hominum
884 2242 134 49 manus:
978 2242 147 49 quamuis
1084 2242 120 49 neque
1164 2242 93 49 qui
1205 2242 93 49 plan-

378 2283 103 53 tat
437 2283 103 53 sit
496 2283 161 53 aliquid
613 2283 132 53 neque
701 2283 103 53 qui
759 2283 146 53 rigat:
862 2283 103 53 sed
920 2283 103 53 qui
979 2283 220 53 incrementum
1155 2283 103 53 dat
1198 2283 103 53 deus.

374 2334 74 46 Ex
411 2334 124 46 quibus
497 2334 111 46 patet
572 2334 149 46 secundum
683 2334 173 46 sententiam
819 2334 99 46 Aug.
881 2334 149 46 expresse
993 2334 99 46 quod
1054 2334 74 46 ad
1092 2334 198 46 productionem
1240 2334 62 46 cu-

372 2372 176 51 iuslibet
504 2372 147 51 talium
607 2372 117 51 deus
680 2372 191 51 immediate
827 2372 132 51 simul
915 2372 103 51 cum
973 2372 132 51 aliis
1061 2372 147 51 causis
1149 2372 147 51 secundis

383 2421 77 47 et
422 2421 206 47 principalius
589 2421 103 47 quam
654 2421 103 47 ille
718 2421 180 47 concurrit:
860 2421 142 47 propter
963 2421 103 47 quam
1027 2421 245 47 principalitatem
1221 2421 90 47 dicit

383 2455 183 57 aliquando
523 2455 112 57 ista
594 2455 98 57 non
650 2455 112 57 nisi
720 2455 70 57 a
748 2455 98 57 deo
804 2455 140 57 creari
903 2455 84 57 et
945 2455 140 57 fieri.
1043 2455 70 57 ⁋
1071 2455 112 57 Item
1141 2455 84 57 ad
1170 2455 126 57 conscer

382 2507 128 51 tium.
467 2507 114 51 Quod
538 2507 142 51 queris
638 2507 142 51 inquit
737 2507 128 51 verum
823 2507 142 51 signum
922 2507 199 51 sigillatim
1079 2507 71 51 a
1107 2507 171 51 creatore
1221 2507 71 51 deo

372 2543 176 54 corporum
505 2543 206 54 liniamenta
666 2543 191 54 formentur
813 2543 103 54 non
872 2543 88 54 te
916 2543 162 54 mouebit
1034 2543 88 54 si
1078 2543 162 54 quantum
1180 2543 118 54 potest

373 2594 129 51 huana
458 2594 114 51 mens
530 2594 186 51 potentiam
673 2594 143 51 divine
773 2594 214 51 operationis
944 2594 214 51 intelligas:
1115 2594 100 51 quo
1172 2594 114 51 enim
1230 2594 71 51 ne-

381 2633 113 57 gare
451 2633 183 57 poterimus
592 2633 113 57 deum
662 2633 127 57 etiam
747 2633 113 57 nunc
817 2633 155 57 operari
929 2633 141 57 cuncta
1028 2633 113 57 quae
1098 2633 183 57 creantur.
1225 2633 70 57 cum

388 2673 202 57 consequens
547 2673 145 57 dicat.
648 2673 130 57 Pater
734 2673 116 57 meus
807 2673 130 57 vsque
893 2673 116 57 nunc
966 2673 188 57 operatur.
1110 2673 87 57 Et
1153 2673 145 57 subdit
1240 2673 58 57 mu

378 2717 87 57 ta
422 2717 87 57 ad
466 2717 203 57 propositum
625 2717 160 57 directe
742 2717 87 57 ad
785 2717 218 57 intentionem
959 2717 145 57 istam.
1061 2717 116 57 Item
1134 2717 87 57 in
1177 2717 131 57 libro
1250 2717 58 57 de

380 2767 266 52 cathetiçandis
600 2767 172 52 rudibus
725 2767 110 52 non
787 2767 141 52 longe
881 2767 125 52 ante
960 2767 157 52 finem.
1069 2767 188 52 expresse
1194 2767 110 52 dicit

386 2809 129 55 deum
467 2809 210 55 immediate
629 2809 178 55 operari
758 2809 97 55 ad
806 2809 243 55 formationem
1001 2809 162 55 humani
1114 2809 194 55 corporis
1243 2809 65 55 in

394 2848 129 54 vtero
480 2848 143 54 matris
580 2848 86 54 et
623 2848 115 54 eius
695 2848 229 54 consequenter
881 2848 229 54 incrementum.
1067 2848 86 54 Et
1110 2848 115 54 idem
1168 2848 143 54 iudicium

386 2899 89 48 est
437 2899 76 48 de
475 2899 127 48 ceteri
565 2899 102 48 quae
628 2899 191 48 naturaliter
781 2899 127 48 fiunt.
871 2899 89 48 Ait
922 2899 102 48 enim
985 2899 102 48 sic.
1049 2899 89 48 Ubi
1100 2899 102 48 erat
1164 2899 102 48 ista
1215 2899 89 48 moles

376 2943 187 52 corporis
516 2943 109 52 tui
579 2943 93 52 et
625 2943 124 52 ista
703 2943 140 52 forma
797 2943 249 52 membrorumque
999 2943 171 52 compago
1123 2943 124 52 ante
1186 2943 124 52 paucos

380 2987 121 49 annos
460 2987 121 49 prius
541 2987 108 49 quam
608 2987 135 49 natus:
702 2987 94 49 vel
756 2987 121 49 etiam
837 2987 135 49 prius:
931 2987 108 49 quam
999 2987 81 49 in
1039 2987 135 49 matris
1133 2987 121 49 vtero
1200 2987 108 49 conce-

391 3021 114 58 ptus
462 3021 142 58 esses:
562 3021 100 58 vbi
619 3021 114 58 erat
690 3021 100 58 hoc
747 3021 128 58 moles
832 3021 85 58 et
875 3021 100 58 hoc
932 3021 157 58 statura
1046 3021 171 58 corporis
1174 3021 114 58 tui:
1231 3021 71 58 non

383 3063 97 69 ne
431 3063 97 69 de
480 3063 194 69 occultis
625 3063 145 69 huius
722 3063 194 69 creature
868 3063 194 69 secretis
1013 3063 162 69 domino
1126 3063 113 69 deo
1175 3063 129 69 inuisi

1333 271 155 61 biliter
1446 271 169 61 formante
1573 271 183 61 processit
1714 271 85 61 in
1756 271 141 61 lucem.
1855 271 183 61 certisque
1996 271 141 61 etatum
2081 271 183 61 incrementis

1331 322 92 61 in
1377 322 138 61 istam
1469 322 245 61 magnitudinem
1668 322 199 61 formamque
1822 322 199 61 surrexit:
1975 322 77 61 ⁋
2006 322 123 61 Item
2082 322 92 61 6o
2128 322 138 61 super
2220 322 107 61 Gen

1332 369 84 48 et
1374 369 84 48 3o
1416 369 127 48 libro
1501 369 141 48 contra
1599 369 183 48 Iulianum.
1740 369 112 48 Quis
1810 369 127 48 autem
1894 369 141 48 inquit
1993 369 211 48 christianus
2147 369 127 48 ignoret

1340 407 116 73 quod
1413 407 116 73 ille
1486 407 102 73 qui
1544 407 145 73 primum
1646 407 160 73 hominem
1762 407 131 73 fecit
1849 407 87 73 ex
1893 407 174 73 puluere:
2023 407 131 73 omnes
2111 407 174 73 febricet
2227 407 58 73 ex

1341 467 149 37 semine.
1450 467 82 37 Et
1491 467 136 37 eandem
1586 467 190 37 sententiam
1735 467 122 37 ponit
1817 467 122 37 libro
1899 467 82 37 3o
1939 467 136 37 contra
2034 467 122 37 Maxi.
2116 467 122 37 circa
2184 467 95 37 fine-

1335 496 144 55 Etiam
1431 496 96 55 2o
1479 496 257 55 Machabeorum.
1688 496 176 55 dicebat
1816 496 128 55 illa
1896 496 128 55 scam
1976 496 144 55 mater
2073 496 160 55 filiis
2185 496 144 55 suis:

1335 540 142 57 nescio
1434 540 170 57 qualiter
1562 540 85 57 in
1605 540 128 57 vtero
1690 540 99 57 meo
1747 540 227 57 apparuistis.
1931 540 85 57 et
1974 540 185 57 sequitur.
2102 540 170 57 singulorum

1343 582 148 61 membra
1447 582 104 61 non
1506 582 104 61 ego
1565 582 118 61 ipsa
1639 582 178 61 compegi:
1773 582 104 61 sed
1832 582 118 61 enim
1906 582 133 61 mundi
1995 582 163 61 creator
2113 582 104 61 qui
2158 582 118 61 forma-

1336 625 104 55 uit
1395 625 148 55 homnis
1499 625 237 55 natiuitatem.
1692 625 89 55 Et
1736 625 193 55 similiter
1885 625 119 55 Aug.
1959 625 148 55 contra
2062 625 178 55 Iulianum
2181 625 89 55 post

1342 677 106 51 iam
1403 677 182 51 allegata
1539 677 137 51 verba
1630 677 106 51 mox
1691 677 167 51 subdit.
1812 677 106 51 Nec
1873 677 121 51 ipsi
1949 677 182 51 parentes
2085 677 167 51 possunt
2191 677 76 51 ho-

1337 718 134 55 minem
1426 718 163 55 facere:
1545 718 134 55 licet
1634 718 89 55 ex
1679 718 208 55 parentibus
1842 718 134 55 deus.
1931 718 89 55 Ex
1976 718 104 55 his
2035 718 134 55 patet
2110 718 163 55 manifeste

1339 759 107 58 quod
1405 759 147 58 istorum
1512 759 134 58 omnium
1606 759 174 58 effectuum
1740 759 187 58 naturalium
1886 759 94 58 dei
1940 759 160 58 voluntas
2060 759 94 58 est
2114 759 134 58 causa:
2194 759 80 58 con-

1338 807 217 46 causantibus
1511 807 130 46 tamen
1598 807 130 46 simul
1684 807 130 46 ipsis
1771 807 202 46 virtutibus
1930 807 217 46 naturalibus
2104 807 130 46 rebus
2190 807 72 46 a
2205 807 72 46 deo

1344 841 83 58 in
1386 841 111 58 ipsa
1455 841 222 58 institutione
1635 841 125 58 mundi
1718 841 180 58 tributis.
1857 841 111 58 Quia
1926 841 125 58 autem
2010 841 125 58 etiam
2093 841 139 58 omnium
2176 841 97 58 effe-

1345 886 122 57 ctuum
1427 886 190 57 voluntarie
1577 886 109 57 ipse
1644 886 95 57 sit
1699 886 122 57 causa
1780 886 109 57 idem
1848 886 177 57 expresse.
1984 886 136 57 dicens
2079 886 109 57 83d.
2147 886 82 57 q.
2188 886 95 57 vbi
2229 886 68 57 ex.

1344 930 95 57 hoc
1399 930 109 57 quod
1467 930 109 57 omne
1535 930 136 57 quidem
1631 930 95 57 fit
1685 930 82 57 in
1726 930 123 57 mundo
1808 930 95 57 est
1862 930 109 57 opus
1930 930 136 57 divine
2026 930 218 57 prouidentie:
2189 930 82 57 con-

1341 973 153 58 cludit
1448 973 122 58 quod
1524 973 183 58 quicquid
1662 973 92 58 in
1708 973 138 58 mundo
1799 973 183 58 gignitur
1937 973 122 58 sup.
2013 973 153 58 operum
2105 973 168 58 humanorum

1350 1019 156 49 partim
1460 1019 203 49 diuinitus
1616 1019 188 49 gignitur
1757 1019 156 49 partim
1866 1019 156 49 nostra
1976 1019 219 49 voluntate.
2148 1019 94 49 Et
2179 1019 94 49 quia

1347 1062 124 57 prima
1430 1062 110 57 pars
1499 1062 124 57 huius
1582 1062 124 57 dicti
1664 1062 165 57 conclusa
1789 1062 97 57 est
1844 1062 83 57 ex
1885 1062 179 57 prioribus
2023 1062 165 57 continuo
2147 1062 83 57 in
2175 1062 110 57 sequen

1351 1102 128 56 tibus
1436 1102 143 56 probat
1536 1102 100 56 2m.
1593 1102 86 56 Et
1636 1102 100 56 nec
1693 1102 143 56 dubium
1793 1102 114 56 quod
1864 1102 100 56 non
1921 1102 128 56 minus
2006 1102 128 56 eorum
2092 1102 100 56 qua
2149 1102 86 56 ab
2177 1102 100 56 ange-

1342 1157 100 50 lis
1399 1157 129 50 fiunt
1485 1157 115 50 ipse
1557 1157 100 50 est
1614 1157 129 50 causa
1700 1157 186 50 partialis
1844 1157 201 50 immediate:
2001 1157 100 50 cum
2059 1157 100 50 non
2116 1157 129 50 minus
2188 1157 100 50 eorum

1331 1197 183 50 actiones
1468 1197 91 50 et
1513 1197 152 50 opoera
1620 1197 91 50 ad
1665 1197 243 50 prouidentiam
1863 1197 167 50 diuinam
1985 1197 228 50 pertineant.
2168 1197 91 50 Ex
2198 1197 76 50 his

1342 1236 104 52 autem
1411 1236 115 52 potest
1491 1236 81 52 sic
1537 1236 104 52 ratio
1606 1236 69 52 ad
1641 1236 184 52 conclusionem
1790 1236 138 52 formari.
1894 1236 161 52 quaecumque
2020 1236 104 52 fiunt
2089 1236 173 52 voluntarie:
2216 1236 58 52 vel

1347 1285 176 45 naturaliter
1488 1285 153 45 immediate
1605 1285 59 45 a
1629 1285 82 45 deo
1676 1285 117 45 fiunt.
1758 1285 82 45 hoc
1805 1285 106 45 patet
1875 1285 70 45 ex
1910 1285 129 45 dictis:
2004 1285 82 45 sed
2051 1285 164 45 quaecumque
2180 1285 117 45 fiunt:

1349 1325 104 51 fiunt
1419 1325 162 51 voluntarie
1547 1325 81 51 vel
1593 1325 186 51 naturaliter:
1744 1325 70 51 vt
1778 1325 116 51 patet.
1860 1325 93 51 ergo
1918 1325 93 51 etc.
1976 1325 81 51 hec
2022 1325 93 51 tota
2080 1325 104 51 ratio
2149 1325 116 51 potest
2219 1325 58 51 ha-

1333 1371 100 51 beri
1396 1371 75 51 ab
1434 1371 113 51 eodem
1509 1371 100 51 Aug.
1571 1371 113 51 super
1646 1371 100 51 Gen.
1709 1371 113 51 libro
1784 1371 75 51 8o
1822 1371 88 51 vbi
1872 1371 163 51 sententia
1997 1371 100 51 eius
2059 1371 88 51 est
2109 1371 100 51 quod
2172 1371 113 51 omnis
2234 1371 63 51 est

1345 1411 163 51 operatio
1468 1411 95 51 que
1522 1411 95 51 est
1576 1411 82 51 in
1617 1411 122 51 mundo
1699 1411 95 51 est
1753 1411 177 51 naturalis
1889 1411 95 51 vel
1943 1411 204 51 voluntaria:
2106 1411 82 51 et
2134 1411 149 51 quaelibet

1337 1456 128 48 earum
1422 1456 99 48 est
1479 1456 170 48 operatio
1607 1456 142 48 diuine
1706 1456 227 48 prouidentie.
1891 1456 71 48 ⁋
1919 1456 85 48 2o
1962 1456 114 48 sic.
2033 1456 114 48 omne
2104 1456 114 48 quod
2175 1456 99 48 est
2217 1456 57 48 fa

1334 1501 124 48 ctum:
1417 1501 110 48 deus
1486 1501 179 48 immediate
1624 1501 193 48 conseruat.
1776 1501 110 48 ergo
1844 1501 110 48 omne
1913 1501 110 48 quod
1982 1501 97 48 est
2038 1501 152 48 factum:
2148 1501 110 48 deus
2203 1501 69 48 im-

1341 1541 158 49 mediate
1456 1541 86 49 de
1499 1541 101 49 non
1556 1541 115 49 esse
1628 1541 86 49 ad
1672 1541 115 49 esse
1744 1541 187 49 produxit:
1887 1541 86 49 et
1931 1541 115 49 omne
2003 1541 115 49 quod
2075 1541 101 49 fit
2118 1541 158 49 immediate

1348 1581 98 55 facit:
1417 1581 137 55 antecedens
1524 1581 108 55 patebit
1602 1581 59 55 ex
1632 1581 59 55 3a
1661 1581 147 55 conclusione
1778 1581 117 55 probatur
1866 1581 88 55 tamen
1925 1581 98 55 ipsum:
1993 1581 59 55 et
2023 1581 88 55 etiam
2081 1581 156 55 consequentia
2199 1581 78 55 aucto.

1338 1629 123 50 etiam
1420 1629 205 50 Sapientiae.
1585 1629 151 50 dicente
1694 1629 110 50 deo:
1763 1629 96 50 quo
1818 1629 137 50 posset
1914 1629 151 50 aliquid
2023 1629 192 50 permanere:
2174 1629 110 50 nisi
2229 1629 68 50 est

1333 1669 81 49 tu
1373 1669 188 49 voluisses:
1520 1669 94 49 aut
1574 1669 107 49 quod
1641 1669 67 49 a
1668 1669 81 49 te
1708 1669 148 49 vocatum
1816 1669 94 49 non
1869 1669 121 49 esset
1950 1669 242 49 conseruaretur.
2151 1669 81 49 Ex
2178 1669 94 49 cuius

1348 1714 145 49 auctoritas
1461 1714 93 49 prima
1524 1714 93 49 parte
1586 1714 62 49 si
1617 1714 114 49 attente
1699 1714 155 49 inspiciatur
1824 1714 93 49 patet
1886 1714 114 49 probari
1969 1714 145 49 antecedens
2082 1714 62 49 et
2113 1714 166 49 consequentia
2238 1714 41 49 ex

1337 1757 162 51 secunda.
1458 1757 67 51 ⁋
1485 1757 81 51 3o
1525 1757 162 51 probatur
1647 1757 94 51 hec
1701 1757 175 51 conclusio
1835 1757 162 51 expresse
1957 1757 81 51 ex
1997 1757 135 51 dictis
2092 1757 135 51 Ansel.
2186 1757 81 51 de
2213 1757 81 51 casu

1351 1809 164 47 hyaboli.
1475 1809 110 47 vide
1543 1809 110 47 ibi.
1612 1809 69 47 ⁋
1639 1809 82 47 4o
1680 1809 164 47 probatur
1804 1809 164 47 ratione:
1927 1809 110 47 quia
1995 1809 110 47 omne
2064 1809 110 47 quod
2133 1809 96 47 fit
2187 1809 82 47 ab
2215 1809 82 47 ali-

1345 1847 96 50 qua
1400 1847 164 50 creatura
1523 1847 123 50 plura
1606 1847 110 50 alia
1674 1847 151 50 similia
1784 1847 82 50 in
1825 1847 110 50 eade
1894 1847 137 50 specie
1989 1847 110 50 sunt
2058 1847 151 50 periter
2154 1847 137 50 possibi-

1343 1887 82 54 lia
1390 1887 71 54 ab
1426 1887 94 54 illa
1484 1887 118 54 fieri:
1567 1887 118 54 patet.
1649 1887 94 54 ergo
1708 1887 94 54 omne
1767 1887 94 54 quod
1826 1887 82 54 fit
1873 1887 59 54 a
1896 1887 153 54 creatura:
2014 1887 82 54 fit
2061 1887 106 54 etiam
2132 1887 59 54 a
2155 1887 82 54 deo
2191 1887 82 54 imme-

1346 1931 84 48 diate
1402 1931 141 48 concreante.
1514 1931 84 48 patet
1571 1931 150 48 consequentia
1693 1931 84 48 supra
1749 1931 131 48 distinctio
1852 1931 66 48 26.
1890 1931 56 48 in
1918 1931 103 48 secunda
1993 1931 103 48 ratione
2068 1931 150 48 conclusionis
2180 1931 94 48 articuli

1351 1975 129 48 primi.
1441 1975 77 48 Et
1480 1975 129 48 vltra.
1570 1975 103 48 ergo
1634 1975 129 48 omnium
1725 1975 103 48 quae
1789 1975 116 48 fiunt
1866 1975 103 48 deus
1931 1975 90 48 est
1982 1975 167 48 immediate
2111 1975 116 48 causa
2175 1975 116 48 effici-

1349 2025 94 45 ens.
1408 2025 70 45 Et
1443 2025 187 45 consequentia
1595 2025 117 45 patet:
1677 2025 94 45 quia
1736 2025 164 45 quaecumque
1864 2025 117 45 fiunt:
1946 2025 82 45 vel
1993 2025 59 45 a
2017 2025 82 45 deo
2064 2025 105 45 fiunt
2134 2025 82 45 vel
2181 2025 59 45 a
2192 2025 94 45 creatu

1344 2059 81 51 ra
1385 2059 95 51 non
1439 2059 162 51 distingo
1561 2059 108 51 nunc
1628 2059 122 51 vtrum
1709 2059 95 51 vna
1763 2059 95 51 vel
1817 2059 176 51 pluribus.
1952 2059 68 51 ⁋
1979 2059 81 51 3a
2020 2059 176 51 conclusio
2141 2059 149 51 probatur.

1340 2106 120 57 primo
1419 2106 186 57 auctoritas
1566 2106 106 57 Aug.
1632 2106 80 57 4.
1672 2106 120 57 super
1752 2106 106 57 Gen.
1818 2106 80 57 ad
1858 2106 173 57 litteram.
1991 2106 93 57 vbi
2044 2106 93 57 ait
2098 2106 106 57 sic.
2151 2106 146 57 Creatoris

1342 2150 152 51 namque
1448 2150 182 51 potentia
1584 2150 91 51 et
1630 2150 243 51 omnipotentis
1827 2150 136 51 atque
1918 2150 243 51 omnitenentis
2115 2150 152 51 virtus
2206 2150 76 51 est

1349 2200 139 48 causa
1441 2200 232 48 subsistendi
1627 2200 124 48 omni
1704 2200 201 48 creature:
1859 2200 108 48 que
1921 2200 155 48 virtus
2029 2200 93 48 ab
2075 2200 108 48 eis
2137 2200 108 48 que
2184 2200 108 48 crea-

1338 2235 90 52 ta
1383 2235 120 52 sunt
1458 2235 179 52 regendi:
1592 2235 90 52 si
1637 2235 194 52 aliquando
1787 2235 194 52 cessaret:
1936 2235 135 52 simul
2026 2235 90 52 et
2071 2235 164 52 illorum
2175 2235 120 52 cessa-

1345 2280 93 57 ret
1398 2280 159 57 species:
1517 2280 159 57 omnisque
1636 2280 133 57 natura
1729 2280 199 57 concideret.
1888 2280 93 57 non
1941 2280 106 57 enim
2008 2280 119 57 sicut
2087 2280 159 57 structor
2193 2280 93 57 edium

1346 2322 103 54 cum
1405 2322 206 54 fabricauit
1567 2322 191 54 abscedit:
1715 2322 133 54 atque
1803 2322 118 54 illo
1877 2322 177 54 cessante
2009 2322 88 54 et
2053 2322 206 54 abscedente
2201 2322 88 54 stat

1348 2364 114 54 opus
1419 2364 128 54 eius:
1505 2364 100 54 ita
1562 2364 143 54 mundus
1662 2364 100 54 vel
1719 2364 114 54 ictu
1790 2364 128 54 oculi
1876 2364 128 54 stare
1961 2364 171 54 poterit.
2090 2364 86 54 Si
2132 2364 114 54 enim
2189 2364 86 54 deus

1345 2410 167 49 regnum
1462 2410 117 49 sui
1529 2410 251 49 subtraxerit
1730 2410 117 49 per
1797 2410 134 49 vim:
1881 2410 100 49 et
1931 2410 134 49 quod
2014 2410 184 49 dominus
2148 2410 134 49 ait.
2215 2410 67 49 pa

1346 2453 126 51 ter
1418 2453 144 51 meus
1508 2453 161 51 vsque
1615 2453 144 51 nunc
1705 2453 215 51 operatur
1866 2453 323 51 continuationem
2118 2453 161 51 quandam

1347 2492 178 59 operis
1472 2492 160 59 eius:
1579 2492 125 59 que
1650 2492 232 59 vniuersam
1828 2492 232 59 creaturam
2006 2492 214 59 continet
2149 2492 142 59 admini

1343 2538 144 52 strat
1439 2538 208 52 ostendit.
1598 2538 96 52 Et
1646 2538 255 52 consequenter
1854 2538 96 52 ad
1902 2538 144 52 huius
1998 2538 239 52 probationem
2173 2538 112 52 addu-

1347 2595 97 43 cit
1402 2595 193 43 auctoritas
1554 2595 179 43 scripture
1692 2595 97 43 que
1747 2595 83 43 de
1789 2595 179 43 sapientia
1926 2595 165 43 increata
2051 2595 110 43 ait.
2120 2595 110 43 quod
2175 2595 110 43 attin-

1342 2631 111 55 git
1406 2631 79 55 a
1437 2631 127 55 fine
1517 2631 143 55 vsque
1612 2631 95 55 ad
1659 2631 143 55 finem
1755 2631 190 55 fortiter
1897 2631 95 55 et
1945 2631 190 55 disponit
2088 2631 143 55 omnia
2167 2631 127 55 suaui-

1349 2674 131 50 ter.
1430 2674 131 50 Item
1512 2674 147 50 aliam
1610 2674 213 50 apostoli.
1774 2674 180 50 actuum.
1905 2674 114 50 17.
1970 2674 98 50 In
2019 2674 131 50 illo
2101 2674 180 50 viuimus
2215 2674 82 50 mo-

1349 2726 147 43 uemur
1447 2726 98 43 et
1496 2726 164 43 sumus:
1610 2726 131 43 quod
1692 2726 164 43 verbum
1806 2726 98 43 vt
1856 2726 114 43 ait
1921 2726 131 43 Aug.
2003 2726 180 43 liquide
2117 2726 180 43 cogitatum

1348 2758 186 53 quantum
1483 2758 169 53 humana
1601 2758 135 53 mens
1686 2758 169 53 valet:
1804 2758 186 53 adiuuat
1939 2758 135 53 hanc
2023 2758 236 53 sententiam
2192 2758 84 53 que

1346 2809 204 44 credimus
1499 2809 102 44 et
1550 2809 187 44 dicimus
1685 2809 136 44 deum
1770 2809 102 44 in
1821 2809 119 44 his
1889 2809 119 44 que
1957 2809 187 44 creauit
2075 2809 204 44 indesinen-

1350 2851 97 49 ter
1406 2851 167 49 operari:
1531 2851 125 49 neque
1614 2851 111 49 enim
1684 2851 153 49 tanquam
1795 2851 195 49 substantia
1948 2851 111 49 eius
2018 2851 97 49 sic
2073 2851 83 49 in
2115 2851 111 49 illo
2171 2851 111 49 sumus:

1351 2893 198 55 quemadmodum
1509 2893 132 55 dictum
1601 2893 92 55 est
1654 2893 105 55 quod
1720 2893 132 55 habeat
1812 2893 119 55 vitam
1891 2893 79 55 in
1930 2893 198 55 sementipso:
2088 2893 92 55 sed
2141 2893 132 55 vtique
2220 2893 66 55 cum

1345 2943 117 42 aliud
1423 2943 117 42 sumus
1501 2943 104 42 quam
1565 2943 104 42 ipse
1630 2943 91 42 non
1682 2943 78 42 ob
1721 2943 117 42 aliud
1799 2943 78 42 in
1837 2943 104 42 illo
1902 2943 130 42 sumus:
1993 2943 104 42 nisi
2058 2943 104 42 quia
2123 2943 78 42 id
2148 2943 143 42 operatur:

1345 2982 84 48 et
1387 2982 98 48 hoc
1443 2982 98 48 est
1499 2982 112 48 opus
1570 2982 98 48 quo
1626 2982 126 48 omnia
1710 2982 183 48 continet.
1851 2982 84 48 Et
1893 2982 140 48 postea
1991 2982 155 48 subdit.
2103 2982 112 48 quod
2174 2982 84 48 si
2202 2982 84 48 tale

1354 3017 135 53 opus
1438 3017 84 53 a
1472 3017 152 53 rebus
1573 3017 253 53 subtraxerit
1775 3017 135 53 esse
1859 3017 185 53 aliquid
1994 3017 168 53 omnino
2095 3017 185 53 desineret

1355 3071 71 60 ⁋
1383 3071 114 60 Item
1455 3071 128 60 libro
1540 3071 114 60 modo
1612 3071 157 60 secundo
1726 3071 143 60 dicit.
1826 3071 114 60 quod
1897 3071 86 60 si
1940 3071 114 60 vere
2011 3071 186 60 subtrabat
2154 3071 114 60 deus
2211 3071 86 60 inti
