2440 3520
171 213 83 77 et
213 213 222 77 scibilitatem
393 213 153 77 secundo
505 213 222 77 metaphysice.
685 213 69 77 ⁋
713 213 83 77 4o
755 213 208 77 impossibile
921 213 97 77 est
963 213 125 77 euiden-

176 270 90 64 ter
228 270 155 64 cognosci
344 270 206 64 conclusionem
511 270 77 64 ex
550 270 90 64 hoc
602 270 168 64 praecits:
731 270 103 64 quod
795 270 193 64 intellectus
950 270 129 64 fertur
1027 270 52 64 ab

171 320 125 56 solute
258 320 112 56 super
333 320 212 56 conclusionem:
507 320 125 56 igitur
594 320 75 56 si
632 320 137 56 numquam
731 320 162 56 euidenter
856 320 187 56 cognoscatur
993 320 87 56 maxi-

170 357 93 63 me
216 357 201 63 euidentia
371 357 232 63 intrinseca:
556 357 108 63 hoc
618 357 124 63 erit
695 357 93 63 in
742 357 232 63 cognoscendo
927 357 93 63 et
958 357 124 63 appre-

174 398 167 61 hendendo
299 398 97 61 eam
355 398 83 61 in
396 398 139 61 ordine
494 398 83 61 ad
535 398 208 61 praemissas.
702 398 83 61 id
744 398 97 61 est
799 398 208 61 significata
966 398 97 61 per
1008 398 83 61 eas.

178 446 80 61 ⁋
210 446 96 61 5o
258 446 144 61 scire
354 446 112 61 est
419 446 176 61 aliquis
547 446 144 61 actus
643 446 128 61 vnus
723 446 112 61 quo
787 446 225 61 informante
948 446 128 61 animam

174 491 191 50 quocumque
321 491 117 50 alio
395 491 250 50 circunscripto
600 491 235 50 contradictio
791 491 103 50 est
850 491 103 50 non
908 491 147 50 scire.
997 491 73 50 sed

171 529 139 58 mullus
269 529 125 58 talis
352 529 125 58 actus
436 529 112 58 est:
506 529 112 58 nisi
575 529 125 58 cadat
659 529 98 58 tam
715 529 125 58 super
798 529 209 58 significata
952 529 125 58 conclus

182 576 66 63 nis
219 576 75 63 quam
266 576 159 63 praemissarum:
397 576 94 63 aliter
463 576 75 63 enim
510 576 66 63 non
547 576 84 63 esset
604 576 103 63 euidens
679 576 84 63 anime
735 576 66 63 sic
772 576 84 63 esset
829 576 84 63 sicut
885 576 66 63 per
923 576 150 63 conclusionem
1035 576 47 63 si-

176 621 177 54 gnificatur:
318 621 130 54 igitur.
412 621 59 54 ⁋
435 621 71 54 6o
471 621 106 54 sicut
541 621 71 54 se
577 621 106 54 habet
647 621 106 54 finis
718 621 71 54 ad
753 621 71 54 ea
789 621 94 54 quae
847 621 94 54 sunt
906 621 71 54 ad
942 621 106 54 finem
1012 621 71 54 ad
1036 621 47 54 bo

170 667 109 51 nitatem
250 667 60 51 et
279 667 139 51 appetitum:
389 667 70 51 ita
429 667 60 51 se
458 667 99 51 habent
528 667 139 51 principium
637 667 60 51 et
667 667 129 51 conclusio
767 667 60 51 ad
797 667 129 51 veritatem
896 667 60 51 id
926 667 70 51 est
956 667 129 51 cognoscibi-

173 701 134 64 litatem
270 701 73 64 et
306 701 194 64 intellectum:
464 701 121 64 patet.
549 701 73 64 2.
586 701 158 64 phycorum:
707 701 85 64 sed
756 701 109 64 finis
829 701 109 64 habet
902 701 158 64 bonitatem
1023 701 61 64 a
1035 701 49 64 se

170 743 112 64 super
244 743 99 64 quam
306 743 124 64 fertur
393 743 173 64 appetitus:
529 743 74 64 ea
566 743 99 64 vero
628 743 99 64 quae
690 743 99 64 sunt
752 743 74 64 ad
789 743 112 64 finem
863 743 124 64 habent
938 743 136 64 bonitatem

177 794 72 65 ex
213 794 107 65 fine:
284 794 72 65 et
320 794 155 65 appetitus
440 794 84 65 non
487 794 119 65 fertur
571 794 107 65 super
642 794 72 65 ea
678 794 95 65 nisi
738 794 143 65 quatenus
845 794 119 65 fertur
929 794 107 65 super
989 794 95 65 finem:

171 830 143 68 Alioquin
278 830 71 68 si
314 830 131 68 feratur
409 830 83 68 per
457 830 71 68 se
493 830 143 68 habebunt
600 830 143 68 rationem
707 830 119 68 finis:
790 830 71 68 vt
826 830 107 68 patet
897 830 71 68 ex
933 830 107 68 primo
993 830 83 68 ethi-

190 885 89 47 gitur
250 885 69 47 nec
289 885 149 47 intellectus
408 885 99 47 fertur
477 885 89 47 super
537 885 159 47 conclusionem
666 885 79 47 nisi
715 885 119 47 quatenus
805 885 89 47 super
864 885 139 47 principium
963 885 119 47 ferebatur.

173 927 53 60 ⁋
194 927 63 60 7o
225 927 63 60 si
257 927 158 60 intellectus
383 927 116 60 feratur
467 927 84 60 supe
519 927 168 60 conclusionem
656 927 126 60 secundum
750 927 74 60 se:
792 927 74 60 aut
834 927 137 60 cognoscit
939 927 74 60 eam
981 927 63 60 ex
1002 927 84 60 natura

174 969 170 58 terminorum
308 969 207 58 conclusionis:
478 969 85 58 aut
527 969 73 58 ex
564 969 183 58 copulatione
710 969 122 58 eorum:
795 969 85 58 aut
844 969 73 58 ex
880 969 134 58 pondere
965 969 110 58 naturae

167 1007 82 62 sue:
218 1007 72 62 non
259 1007 113 62 primum:
341 1007 82 62 quia
393 1007 82 62 tunc
444 1007 134 62 conclusio
547 1007 92 62 esset
608 1007 154 62 principium:
732 1007 72 62 nec
773 1007 72 62 2m:
814 1007 82 62 quia
865 1007 72 62 non
906 1007 154 62 cognoscitur
1019 1007 62 62 nisi

156 1051 88 53 ex
200 1051 175 53 terminis
332 1051 190 53 copulatio
478 1051 131 53 illa.
565 1051 102 53 Nec
624 1051 102 53 3m:
682 1051 102 53 tum
740 1051 117 53 quia
813 1051 161 53 mouetur
930 1051 88 53 ab
959 1051 117 53 obiect

161 1096 104 49 (et
221 1096 119 49 ideo
295 1096 104 49 vel
354 1096 163 49 termini
473 1096 104 49 vel
532 1096 149 49 copula
636 1096 104 49 vel
696 1096 163 49 aliquid
815 1096 134 49 aliud
904 1096 163 49 mouebit
1008 1096 74 49 in-

167 1144 160 56 tellectum
290 1144 74 56 ad
327 1144 185 56 iudicandum:
474 1144 98 56 quod
536 1144 86 56 hic
585 1144 86 56 sit
634 1144 123 56 verum)
720 1144 86 56 tum
769 1144 98 56 quia
831 1144 86 56 nec
880 1144 74 56 ad
905 1144 172 56 cognoscendum

163 1189 177 48 veritatem
300 1189 177 48 principii
436 1189 123 48 mouet
518 1189 82 48 ex
558 1189 150 48 pondere
667 1189 163 48 potentie
790 1189 109 48 nisi
858 1189 82 48 ex
899 1189 163 48 terminis
1008 1189 68 48 de-

168 1230 152 52 terminetur.
290 1230 71 52 Non
330 1230 81 52 ergo
381 1230 152 52 intellectus
503 1230 142 52 cognoscens
614 1230 162 52 conclusionem
746 1230 81 52 fert
797 1230 91 52 super
858 1230 71 52 eam
898 1230 122 52 secundum
990 1230 71 52 se:
1020 1230 51 52 sed

169 1268 110 59 fertur
246 1268 99 59 super
312 1268 77 59 eam
355 1268 132 59 quatenus
454 1268 99 59 simul
520 1268 110 59 fertur
597 1268 99 59 super
662 1268 164 59 principium.
794 1268 55 59 ⁋
816 1268 175 59 Confirmatur:
958 1268 88 59 quia
1002 1268 77 59 scire

172 1314 117 59 aliquid
257 1314 74 59 non
300 1314 74 59 est
342 1314 85 59 nisi
396 1314 159 59 cognoscere:
523 1314 85 59 quod
576 1314 74 59 hoc
619 1314 74 59 est
661 1314 117 59 propter
746 1314 85 59 hoc:
800 1314 85 59 vnde
853 1314 53 59 a
874 1314 159 59 cognoscente
991 1314 85 59 consue

156 1353 83 64 tum
204 1353 83 64 est
251 1353 119 64 quari:
335 1353 95 64 vnde
394 1353 107 64 nouit
465 1353 95 64 quod
525 1353 83 64 sic
572 1353 95 64 est:
632 1353 71 64 vt
668 1353 155 64 innuatur:
787 1353 95 64 quod
846 1353 107 64 scire
917 1353 83 64 non
965 1353 95 64 est:
1013 1353 71 64 nisi

163 1400 76 62 ex
201 1400 113 62 causa
277 1400 189 62 cognoscere.
428 1400 113 62 iuxta
503 1400 126 62 illud.
592 1400 76 62 p.
629 1400 113 62 primo
705 1400 126 62 poste.
793 1400 113 62 Scire
869 1400 189 62 vnumquodque
1007 1400 63 62 opi

170 1449 104 55 namur
240 1449 81 55 cum
286 1449 115 55 causam
367 1449 185 55 cognoscimus:
516 1449 69 55 et
551 1449 127 55 quoniam
643 1449 115 55 illius
724 1449 81 55 est
770 1449 104 55 causa
839 1449 92 55 etc.
897 1449 58 55 ⁋
920 1449 69 55 8o
955 1449 69 55 si
989 1449 81 55 non
1024 1449 46 55 ea

152 1483 86 62 dem
201 1483 122 62 numero
286 1483 183 62 intellectio
433 1483 98 62 quae
494 1483 110 62 cadit
567 1483 110 62 super
640 1483 159 62 veritatem
763 1483 195 62 conclusionis
921 1483 134 62 caderet
1007 1483 61 62 sui

164 1529 151 62 veritatem
280 1529 162 62 principii:
408 1529 93 62 tunc
466 1529 151 62 inueniret
582 1529 174 62 intellectus
721 1529 81 62 per
767 1529 70 62 se
802 1529 151 62 veritatem
918 1529 70 62 in
953 1529 104 62 illa:
1010 1529 70 62 quia

155 1576 187 61 impossibile
304 1576 87 61 est
354 1576 225 61 intellectionem
542 1576 75 61 ad
579 1576 137 61 aliquid
679 1576 162 61 terminari
804 1576 162 61 praecise:
929 1576 100 61 quin
992 1576 87 61 sit
1029 1576 50 61 in

160 1617 82 62 illo
211 1617 113 62 veritas
293 1617 134 62 praecise:
396 1617 72 62 sed
437 1617 62 62 in
468 1617 154 62 conclusione
591 1617 72 62 non
632 1617 72 62 est
674 1617 113 62 veritas
756 1617 72 62 per
797 1617 62 62 se
828 1617 62 62 et
858 1617 113 62 proprie
941 1617 72 62 seu
972 1617 92 62 praeci-

162 1662 88 53 se:
213 1662 88 53 sed
263 1662 76 53 vt
301 1662 88 53 est
351 1662 126 53 iuncta
440 1662 151 53 veritati
553 1662 176 53 principii:
692 1662 88 53 sic
742 1662 139 53 bonitas
843 1662 76 53 et
881 1662 76 53 al
906 1662 164 53 petibilitas

158 1706 96 49 non
213 1706 96 49 est
268 1706 82 49 in
309 1706 150 49 potione
418 1706 137 49 amara:
514 1706 109 49 nisi
582 1706 164 49 quatenus
705 1706 178 49 copulatur
842 1706 96 49 cum
896 1706 164 49 sanitate
1006 1706 68 49 per

155 1750 111 54 modum
229 1750 173 54 inducentis
365 1750 99 54 eam:
426 1750 99 54 ergo
488 1750 86 54 non
538 1750 124 54 aliquo
624 1750 99 54 actu
686 1750 124 54 fertur
772 1750 185 54 intellectus
921 1750 74 54 in
945 1750 124 54 veritate

159 1790 201 56 conclusionis:
324 1790 94 56 quin
383 1790 106 56 eodem
454 1790 130 56 feratur
549 1790 71 56 in
584 1790 153 56 veritatem
702 1790 165 56 principii.
832 1790 59 56 ⁋
856 1790 71 56 6o
891 1790 94 56 ille
950 1790 106 56 actus
1009 1790 59 56 quo

155 1840 153 50 cognoscitur:
280 1840 77 50 quod
328 1840 67 50 hoc
366 1840 67 50 est
404 1840 105 50 propter
481 1840 77 50 hoc:
529 1840 67 50 vel
567 1840 77 50 quod
615 1840 67 50 hoc
653 1840 67 50 est
691 1840 86 50 causa
749 1840 77 50 quod
797 1840 67 50 sit
835 1840 77 50 hoc:
883 1840 105 50 transit
959 1840 86 50 simul
1007 1840 67 50 super

160 1880 120 50 vtrumque
250 1880 120 50 scilicet
340 1880 90 50 super
399 1880 90 50 illud
459 1880 80 50 quod
509 1880 70 50 est
549 1880 90 50 causa
609 1880 60 50 et
639 1880 90 50 super
699 1880 90 50 illud
759 1880 90 50 cuius
819 1880 90 50 causa
878 1880 80 50 est:
928 1880 70 50 sed
968 1880 90 50 actus
1018 1880 50 50 qui

155 1922 66 54 est
192 1922 85 54 scire
249 1922 66 54 est
287 1922 95 54 nosse:
354 1922 76 54 quod
401 1922 66 54 hoc
439 1922 66 54 est
477 1922 104 54 propter
553 1922 76 54 hoc:
600 1922 57 54 et
629 1922 76 54 quod
676 1922 66 54 hic
714 1922 66 54 sit
752 1922 85 54 causa
809 1922 76 54 quod
856 1922 66 54 sit
894 1922 76 54 hoc:
942 1922 57 54 vt
970 1922 85 54 patet
1018 1922 47 54 per

155 1965 190 55 diffinitionem
312 1965 67 55 de
345 1965 101 55 scire
412 1965 101 55 primo
480 1965 179 55 posteriorum:
625 1965 67 55 et
659 1965 146 55 phycorum.
771 1965 67 55 Et
804 1965 101 55 patet
871 1965 101 55 etiam
939 1965 90 55 quod
983 1965 90 55 nosse:

164 2007 85 56 quod
217 2007 74 56 hoc
260 2007 74 56 est
302 2007 159 56 simpliciter
429 2007 64 56 et
461 2007 64 56 ex
493 2007 74 56 se:
535 2007 74 56 non
578 2007 74 56 est
620 2007 106 56 scire:
694 2007 74 56 sed
737 2007 148 56 principium
853 2007 170 56 intelligere:
980 2007 85 56 igitur

148 2051 97 47 actus
213 2051 118 47 sciendi
298 2051 97 47 simul
363 2051 118 47 transit
449 2051 97 47 super
513 2051 139 47 veritatem
620 2051 139 47 principii
728 2051 64 47 et
760 2051 182 47 conclusionis.
910 2051 54 47 ⁋
932 2051 64 47 io
964 2051 54 47 o
985 2051 75 47 hoc
1017 2051 54 47 est

153 2093 104 56 scire
223 2093 69 56 in
257 2093 173 56 intellectu:
395 2093 92 56 quod
453 2093 81 56 est
499 2093 127 56 eligere
591 2093 69 56 in
625 2093 161 56 voluntate:
752 2093 104 56 sicut
821 2093 173 56 intelligere
947 2093 127 56 principio

152 2133 78 63 in
191 2133 195 63 intellectu:
347 2133 91 63 hoc
400 2133 91 63 est
452 2133 104 63 quod
517 2133 117 63 velle
595 2133 117 63 finem
673 2133 78 63 in
712 2133 169 63 appetitu:
843 2133 117 63 patet
921 2133 91 63 hoc
973 2133 78 63 2o
999 2133 65 63 phy

151 2177 90 60 sed
203 2177 116 60 actus
280 2177 181 60 clectionis
422 2177 142 60 simplex
526 2177 77 60 et
564 2177 103 60 vnus
629 2177 116 60 cadit
706 2177 116 60 super
784 2177 129 60 illud:
874 2177 103 60 quod
939 2177 90 60 est
991 2177 77 60 ad
1016 2177 52 60 fi

154 2227 74 53 nem
197 2227 117 53 propter
282 2227 96 53 finem
345 2227 64 53 et
377 2227 96 53 super
441 2227 127 53 vtrumque
536 2227 106 53 simul:
611 2227 106 53 igitur
685 2227 64 53 et
717 2227 96 53 scire
780 2227 96 53 cadit
844 2227 96 53 simul
908 2227 96 53 super
961 2227 106 53 vtramque

167 2267 117 52 veritatem
257 2267 108 52 scilicet
339 2267 117 52 principii
429 2267 54 52 et
456 2267 154 52 conclusionis.
582 2267 45 52 ⁋
600 2267 54 52 Ad
628 2267 90 52 primam
691 2267 81 52 dico:
745 2267 72 52 quod
790 2267 117 52 conclusio
880 2267 54 52 et
907 2267 117 52 principio
998 2267 63 52 seu
1025 2267 45 52 sic

159 2313 90 46 esse
215 2313 102 46 sicut
283 2313 158 46 significat
407 2313 147 46 conclusio
520 2313 68 46 et
554 2313 79 46 sic
599 2313 169 46 significant
735 2313 147 46 principio
847 2313 147 46 intelligi
960 2313 79 46 vno
994 2313 68 46 actu

156 2353 117 56 potest
238 2353 152 56 intelligi
355 2353 175 56 dupliciter:
495 2353 82 56 vno
541 2353 93 56 modo
600 2353 93 56 quod
658 2353 175 56 intelligant
798 2353 93 56 illo
857 2353 93 56 actu
915 2353 82 56 non
950 2353 105 56 iudicia

141 2400 121 50 trio.
221 2400 94 50 nec
275 2400 201 50 enunciatiuo
436 2400 94 50 seu
490 2400 107 50 quod
557 2400 94 50 non
611 2400 94 50 sit
664 2400 188 50 affirmatio
812 2400 67 50 a
839 2400 148 50 negatio
946 2400 81 50 in
973 2400 94 50 intel

153 2442 118 57 lectu:
236 2442 82 57 sed
283 2442 118 57 tantum
365 2442 200 57 intelligentia
530 2442 188 57 simpliciter.
683 2442 94 57 Alio
742 2442 94 57 modo
800 2442 94 57 quod
859 2442 82 57 vno
906 2442 94 57 actu
953 2442 118 57 iudicia-

152 2484 88 48 rio
203 2484 88 48 qui
253 2484 88 48 est
303 2484 176 48 affirmatio
441 2484 88 48 vel
491 2484 151 48 negatio.
604 2484 88 48 Cum
654 2484 125 48 igitur
742 2484 176 48 assumitur:
880 2484 100 48 quod
930 2484 138 48 respectum

149 2529 166 53 conclusionum
284 2529 62 53 et
315 2529 166 53 praemissarum
450 2529 104 53 potest
522 2529 83 53 esse
574 2529 83 53 vnus
626 2529 104 53 actus:
699 2529 62 53 si
730 2529 166 53 intelligatur
865 2529 93 53 primo
927 2529 83 53 modo
979 2529 73 53 non
1010 2529 52 53 fa-

149 2571 74 55 ad
186 2571 184 55 propositum:
333 2571 98 55 esto
394 2571 98 55 quod
455 2571 110 55 istud
529 2571 208 55 concederetur.
700 2571 86 55 Nam
749 2571 110 55 actus
823 2571 135 55 sciendi
921 2571 86 55 non
970 2571 86 55 est
1007 2571 61 55 ta-

148 2614 92 49 lis
200 2614 131 49 actus:
292 2614 92 49 sed
345 2614 92 49 est
397 2614 118 49 actus
476 2614 197 49 iudiciarius
634 2614 79 49 et
673 2614 223 49 enunciatiuus:
857 2614 92 49 seu
909 2614 131 49 potius
988 2614 79 49 enu-

152 2655 132 52 ciatio.
248 2655 120 52 scitur
332 2655 96 52 enim
392 2655 72 52 eo
428 2655 96 52 quod
488 2655 84 52 hoc
536 2655 84 52 est
584 2655 96 52 hoc.
645 2655 108 52 verbi
717 2655 120 52 gratia
801 2655 96 52 quod
861 2655 120 52 anguli
933 2655 132 52 trianguli

145 2704 89 44 sunt
201 2704 122 44 equales
290 2704 89 44 etc.
345 2704 67 44 Si
379 2704 89 44 vero
434 2704 178 44 intelligatur
579 2704 67 44 2o
613 2704 100 44 modo:
679 2704 89 44 nego
735 2704 100 44 illam
802 2704 67 44 et
835 2704 178 44 consequentur
969 2704 89 44 maiori

154 2746 192 48 quaeassumitur
312 2746 68 48 in
345 2746 147 48 proboione
458 2746 101 48 huius
526 2746 135 48 scilicet
627 2746 90 48 quod
684 2746 79 48 non
729 2746 90 48 plus
785 2746 135 48 repugnat
887 2746 158 48 syllogismo
999 2746 68 48 etc.

149 2794 72 47 Et
185 2794 85 47 cum
233 2794 157 47 probatur.
354 2794 97 47 quia
415 2794 97 47 eque
475 2794 169 47 necessario
608 2794 157 47 praexigit
729 2794 97 47 etc.
789 2794 97 47 Dico
850 2794 97 47 quod
910 2794 145 47 probatio
1007 2794 60 47 nul

156 2831 67 48 la
189 2831 89 48 est:
245 2831 123 48 quoniam
334 2831 78 48 non
379 2831 145 48 sequitur:
490 2831 123 48 notitia
579 2831 178 48 conclusionis
724 2831 89 48 eque
780 2831 156 48 necessario
902 2831 145 48 praexigit
1002 2831 56 48 not

156 2871 97 59 tiam
216 2871 206 59 praemissarum:
386 2871 109 59 sicut
459 2871 133 59 notitia
556 2871 145 59 pricipii
665 2871 145 59 notitiam
774 2871 182 59 terminorum:
920 2871 121 59 igitur
992 2871 73 59 siul

155 2918 117 48 eadem
233 2918 143 48 notitia
338 2918 91 48 qua
390 2918 196 48 cognoscitur
546 2918 183 48 principium
690 2918 209 48 cognoscuntur
859 2918 157 48 termini:
977 2918 91 48 sic
1016 2918 52 48 ea

150 2963 118 42 notitia
236 2963 75 42 qua
279 2963 161 42 cognoscitur
409 2963 140 42 conclusio
516 2963 172 42 cognoscuntur
656 2963 151 42 praemisse.
774 2963 65 42 Et
807 2963 97 42 ratio
871 2963 75 42 est
914 2963 118 42 quoniam
990 2963 75 42 vltra

140 3005 113 71 talem
216 3005 213 71 praexigentiam
391 3005 100 71 alia
453 3005 113 71 causa
529 3005 88 71 est
579 3005 75 71 ex
616 3005 113 71 parte
691 3005 150 71 pricipii
804 3005 100 71 quae
867 3005 88 71 est
917 3005 125 71 potior
992 3005 75 71 immo

1150 241 133 61 praecius
1250 241 67 61 et
1283 241 122 61 totalis
1372 241 89 61 eius
1428 241 89 61 quod
1483 241 100 61 ditut
1550 241 133 61 scilicet
1650 241 89 61 quia
1706 241 122 61 termini
1794 241 78 61 seu
1839 241 167 61 significata
1961 241 78 61 termi

1129 296 116 53 norum
1206 296 180 53 clauduntur
1348 296 116 53 infra
1425 296 90 53 per
1477 296 77 53 se
1516 296 206 53 signicicatum
1683 296 180 53 principii:
1825 296 77 53 et
1864 296 103 53 ideo
1915 296 116 53 notiti-

1130 338 162 50 pricipii
1251 338 95 50 seu
1305 338 108 50 quae
1373 338 95 50 est
1427 338 189 50 principium
1575 338 135 50 cadens
1670 338 122 50 super
1751 338 108 50 suum
1818 338 216 50 significatum
1980 338 54 50 to

1131 381 97 50 tale
1191 381 169 50 necessario
1324 381 109 50 cadit
1396 381 109 50 super
1469 381 181 50 significata
1614 381 181 50 terminorum:
1758 381 97 50 quae
1819 381 97 50 sunt
1879 381 121 50 partes
1952 381 84 50 eius:

1125 423 82 51 non
1172 423 82 51 sic
1219 423 105 51 autem
1289 423 82 51 est
1336 423 70 51 de
1371 423 187 51 conclusione:
1523 423 129 51 quoniam
1616 423 175 51 significata
1756 423 129 51 totalia
1850 423 175 51 pricipiorum
1979 423 58 51 non

1123 467 176 51 clauduntur
1261 467 113 51 infra
1337 467 88 51 per
1387 467 75 51 se
1424 467 201 51 significatum
1588 467 213 51 conclusionis.
1763 467 63 51 ⁋
1788 467 163 51 Confirmat
1914 467 125 51 solulo
1989 467 50 51 ex

1130 506 121 57 dictis
1215 506 170 57 arguentis:
1349 506 97 57 vult
1409 506 97 57 enim
1470 506 97 57 ipse
1531 506 97 57 quod
1592 506 121 57 aliqua
1677 506 170 57 propositio
1810 506 219 57 demonstrabilis
1980 506 61 57 est

1128 548 196 58 cognoscibilis
1290 548 184 58 experientia:
1440 548 127 58 ponatur
1532 548 115 58 igitur
1613 548 92 58 quod
1670 548 115 58 aliqua
1751 548 81 58 sic
1797 548 184 58 cognoscatur:
1935 548 104 58 constat

1125 598 98 62 quod
1186 598 98 62 illa
1247 598 135 62 noticia
1346 598 110 62 cadet
1419 598 135 62 precise
1517 598 110 62 super
1591 598 86 62 sic
1640 598 110 62 esse:
1714 598 110 62 sicut
1788 598 98 62 illa
1849 598 172 62 propositio
1972 598 61 62 si-

1135 637 179 63 gnificat:
1273 637 83 63 et
1314 637 96 63 non
1369 637 124 63 super
1452 637 96 63 fic
1507 637 110 63 esse
1575 637 124 63 sicut
1658 637 206 63 significant
1823 637 138 63 aliqua
1905 637 138 63 pricipia

1126 683 84 52 ex
1168 683 126 52 qubus
1252 683 140 52 posset
1350 683 224 52 demonstrari:
1531 683 154 52 numquam
1643 683 126 52 autem
1727 683 154 52 noticia
1838 683 182 52 principii
1964 683 70 52 ca-

1126 722 112 63 dere
1196 722 140 63 potest
1293 722 126 63 super
1377 722 223 63 significatum
1559 722 112 63 suum
1628 722 112 63 quin
1698 722 126 63 cadat
1782 722 126 63 super
1852 722 181 63 significata

1134 760 182 65 terminorum.
1280 760 85 65 non
1328 760 85 65 est
1377 760 122 65 igitur
1462 760 134 65 simile.
1559 760 61 65 ⁋
1583 760 158 65 Praeterea
1705 760 122 65 nullam
1790 760 182 65 apparentiam
1924 760 109 65 verita-

1129 807 98 63 tis
1185 807 140 63 habet:
1283 807 112 63 quod
1353 807 84 63 si
1394 807 112 63 vnum
1464 807 126 63 verum
1548 807 84 63 et
1590 807 140 63 partes
1688 807 98 63 sue
1744 807 154 63 possunt
1855 807 168 63 apphendi
1967 807 70 63 vno

1121 862 117 53 actu
1194 862 131 53 etiam
1282 862 160 53 diuersa
1398 862 131 53 vera:
1486 862 146 53 quorum
1588 862 160 53 neutrum
1705 862 102 53 est
1763 862 117 53 pars
1836 862 175 53 alterius
1953 862 87 53 pos-

1126 894 114 55 sint
1197 894 172 55 apphendi
1326 894 100 55 vno
1383 894 129 55 actu:
1469 894 100 55 nec
1526 894 129 55 etiam
1612 894 215 55 apparentiam
1784 894 129 55 habet
1870 894 114 55 quod
1941 894 86 55 si
1970 894 57 55 vn

1125 944 124 53 actus
1208 944 137 53 potest
1304 944 110 53 esse
1373 944 192 53 affirmatio
1524 944 206 53 significans
1689 944 110 53 vnum
1757 944 137 53 verum:
1854 944 110 53 quod
1922 944 110 53 vnus
1977 944 69 53 est

1134 979 134 60 actus
1223 979 148 60 possit
1327 979 119 60 esse
1401 979 208 60 affirmatio
1564 979 74 60 a
1594 979 163 60 negatio
1713 979 223 60 significans
1891 979 104 60 duo
1935 979 104 60 vera:

1132 1019 79 74 nam
1177 1019 112 74 primum
1255 1019 112 74 vtique
1334 1019 146 74 possibile
1446 1019 90 74 est:
1503 1019 67 74 2m
1536 1019 79 74 aut
1581 1019 67 74 in
1615 1019 101 74 nobis
1682 1019 169 74 simpliciter
1817 1019 79 74 est
1862 1019 169 74 impossibile
1986 1019 56 74 per

1135 1073 137 48 naturam:
1238 1073 69 48 et
1272 1073 103 48 tamen
1341 1073 80 48 hoc
1386 1073 69 48 2m
1421 1073 172 48 darioportet
1558 1073 137 48 secundum
1661 1073 80 48 sic
1707 1073 149 48 arguentem
1821 1073 69 48 vt
1856 1073 103 48 supra
1925 1073 80 48 est
1959 1073 80 48 oste-

1128 1108 90 62 sum.
1184 1108 90 62 Quod
1240 1108 101 62 etiam
1308 1108 158 62 assumitur:
1432 1108 90 62 quod
1488 1108 124 62 noticia
1578 1108 180 62 conclusionis
1724 1108 158 62 necessario
1848 1108 158 62 praeexigit
1960 1108 79 62 noti-

1131 1159 96 58 ciam
1191 1159 204 58 praemissarum.
1359 1159 108 58 vtrum
1431 1159 84 58 sit
1479 1159 108 58 verum
1551 1159 72 58 et
1587 1159 72 58 in
1622 1159 84 58 quo
1670 1159 108 58 sensu
1742 1159 96 58 non.
1802 1159 96 58 curo
1862 1159 84 58 pro
1910 1159 108 58 nunc.
1970 1159 72 58 quia

1120 1202 92 60 non
1172 1202 92 60 est
1225 1202 105 60 opus
1291 1202 79 60 ad
1330 1202 171 60 soluendum
1462 1202 171 60 argumtum.
1593 1202 158 60 secundum
1711 1202 118 60 tamen
1790 1202 158 60 doctorem
1909 1202 92 60 qui
1948 1202 92 60 primo

1132 1238 102 67 fecit
1200 1238 136 67 rationem
1302 1238 114 67 illam:
1381 1238 79 67 hoc
1427 1238 136 67 negandum
1529 1238 114 67 esset:
1609 1238 102 67 sicut
1677 1238 102 67 patet
1745 1238 79 67 per
1790 1238 102 67 illud
1858 1238 91 67 quod
1915 1238 114 67 dictum
1983 1238 57 67 est

1130 1286 73 52 de
1166 1286 207 52 propositionem
1337 1286 207 52 demonstrabili
1508 1286 195 52 cognoscibili
1667 1286 85 52 per
1716 1286 207 52 experientiam:
1887 1286 110 52 verum
1948 1286 85 52 tamen

1124 1324 107 65 ipse
1191 1324 121 65 ponit
1271 1324 148 65 minorem
1379 1324 107 65 suam
1446 1324 107 65 sine
1513 1324 201 65 probatione.
1674 1324 81 65 Et
1714 1324 121 65 alius
1794 1324 148 65 sequens
1902 1324 94 65 eum
1942 1324 94 65 addit

1130 1380 208 52 probationem:
1299 1380 91 52 qui
1351 1380 117 52 tamen
1429 1380 91 52 non
1481 1380 169 52 concordat
1611 1380 91 52 cum
1663 1380 78 52 eo
1702 1380 78 52 in
1741 1380 117 52 dicto
1819 1380 130 52 eodem.
1910 1380 65 52 ⁋
1936 1380 78 52 Ad
1962 1380 65 52 2am

1129 1420 87 50 dico
1183 1420 108 50 primo:
1259 1420 87 50 quod
1313 1420 98 50 ratio
1379 1420 87 50 illa
1433 1420 130 50 procedit
1530 1420 108 50 contra
1606 1420 130 50 tenentes
1704 1420 173 50 conclusionem
1845 1420 65 50 ad
1877 1420 87 50 quam
1921 1420 119 50 probandam

1127 1465 158 54 adducit:
1245 1465 131 54 saltem
1337 1465 131 54 contra
1429 1465 118 54 duos:
1508 1465 131 54 quorum
1600 1465 131 54 vltimo
1692 1465 131 54 posite
1784 1465 105 54 sunt
1850 1465 171 54 rationes.
1968 1465 66 54 Nam

1124 1506 129 50 vterque
1218 1506 105 50 vult:
1288 1506 94 50 quod
1347 1506 105 50 omnis
1417 1506 105 50 actus
1487 1506 129 50 sciendi
1581 1506 164 50 constanter
1709 1506 105 50 cadat
1780 1506 105 50 super
1850 1506 187 50 conclusionem
1990 1506 47 50 et

1130 1551 140 53 principia:
1240 1551 60 53 et
1270 1551 70 53 per
1310 1551 140 53 consequens
1420 1551 90 53 omnis
1480 1551 120 53 scientia
1570 1551 70 53 est
1610 1551 140 53 sapientia:
1720 1551 80 53 quod
1770 1551 80 53 ipsi
1820 1551 70 53 non
1860 1551 140 53 intendunt:
1960 1551 70 53 neque

1121 1595 62 43 P.
1152 1595 73 43 Tno
1193 1595 135 43 responsio
1297 1595 62 43 ad
1329 1595 125 43 rationem
1422 1595 114 43 negando
1505 1595 156 43 antecedens.
1630 1595 62 43 si
1662 1595 177 43 intelligatur.
1807 1595 83 43 quod
1859 1595 73 43 sit
1901 1595 83 43 vnus
1942 1595 94 43 habitus

1130 1638 115 51 numero
1211 1638 81 51 non
1257 1638 150 51 includens
1373 1638 127 51 habitus
1465 1638 162 51 distinctos
1592 1638 104 51 patet
1662 1638 139 51 speciem.
1765 1638 81 51 Est
1812 1638 81 51 aut
1858 1638 150 51 sapientia
1962 1638 69 51 vnus

1122 1672 134 50 habitus
1219 1672 134 50 totalis
1317 1672 158 50 includens
1439 1672 85 50 tam
1487 1672 183 50 intellectut
1634 1672 98 50 quam
1695 1672 158 50 scientiam
1817 1672 73 50 ab
1853 1672 134 50 vtroque
1938 1672 98 50 diffe-

1129 1721 117 45 rens:
1207 1721 117 45 sicut
1285 1721 117 45 totum
1363 1721 65 45 a
1389 1721 117 45 parte
1467 1721 78 45 vt
1506 1721 130 45 ibidem
1598 1721 104 45 vult
1663 1721 195 45 eustracius.
1819 1721 78 45 Et
1858 1721 143 45 dicitur
1949 1721 78 45 vnus

1127 1754 102 69 illo
1191 1754 102 69 modo
1255 1754 89 69 quo
1306 1754 102 69 tota
1370 1754 191 69 metaphysica
1523 1754 115 69 (quae
1599 1754 115 69 forte
1676 1754 102 69 sola
1740 1754 153 69 secundum
1854 1754 77 69 p.
1893 1754 140 69 proprie
1982 1754 51 69 sa

1118 1804 135 52 pientia
1216 1804 147 52 dicitur)
1326 1804 86 52 est
1375 1804 86 52 vna
1424 1804 159 52 scientia:
1547 1804 74 52 de
1584 1804 86 52 quo
1633 1804 98 52 modo
1694 1804 159 52 videbitur
1816 1804 74 52 in
1853 1804 172 52 articulato
1976 1804 61 52 se-

1123 1850 142 55 quenti.
1226 1850 65 55 ⁋
1252 1850 78 55 Ad
1291 1850 78 55 3m
1330 1850 155 55 dicendum
1446 1850 103 55 quod
1511 1850 90 55 non
1563 1850 129 55 probat
1653 1850 194 55 propositum:
1808 1850 90 55 sed
1860 1850 78 55 si
1899 1850 103 55 quid
1950 1850 78 55 pro-

1121 1885 97 65 bat:
1182 1885 122 65 probat
1267 1885 122 65 solum:
1352 1885 97 65 quod
1413 1885 134 65 noticia
1510 1885 195 65 conclusionis
1668 1885 85 65 seu
1717 1885 73 65 de
1753 1885 85 65 sic
1802 1885 97 65 esse
1863 1885 97 65 etc.
1911 1885 122 65 dependet

1110 1937 85 55 ex
1152 1937 155 55 noticia
1265 1937 212 55 pricipiorum
1435 1937 85 55 ad
1477 1937 141 55 eundem
1576 1937 155 55 sensum:
1689 1937 85 55 ex
1731 1937 99 55 hoc
1788 1937 99 55 aut
1844 1937 99 55 non
1887 1937 155 55 sequitur:

1123 1974 89 62 quod
1179 1974 78 62 sit
1223 1974 100 62 eadem
1290 1974 123 62 noticia
1379 1974 78 62 qua
1424 1974 167 62 cognoscitur
1557 1974 145 62 conclusio
1669 1974 67 62 et
1702 1974 156 62 principia.
1825 1974 56 62 ⁋
1847 1974 145 62 Praeterea
1947 1974 78 62 alius

1118 2020 143 55 apopatet
1226 2020 143 55 defectus
1333 2020 155 55 rationis:
1453 2020 131 55 quoniam
1548 2020 119 55 simili
1632 2020 96 55 modo
1692 2020 167 55 probaretur
1823 2020 96 55 quod
1883 2020 119 55 nullus
1954 2020 84 55 effe-

1118 2059 103 59 ctus
1183 2059 129 59 potest
1273 2059 155 59 cognosci
1390 2059 103 59 nisi
1454 2059 220 59 cognosceretur
1635 2059 116 59 causa
1713 2059 103 59 eius
1777 2059 65 59 a
1803 2059 91 59 qua
1855 2059 168 59 dependet:
1971 2059 65 59 ac-

1119 2108 102 53 per
1178 2108 102 53 hoc
1236 2108 116 53 nisi
1308 2108 218 53 cognosceret
1482 2108 131 53 deus:
1569 2108 87 53 et
1613 2108 116 53 quod
1686 2108 116 53 plus
1758 2108 116 53 est:
1831 2108 116 53 nisi
1903 2108 131 53 eadem
1976 2108 58 53 no

1121 2149 115 55 ticia
1198 2149 128 55 numero
1287 2149 230 55 cognosceretur:
1479 2149 102 55 quod
1543 2149 153 55 patenter
1658 2149 89 55 est
1709 2149 179 55 sfilibutm.
1849 2149 102 55 Quod
1913 2149 115 55 etiam
1977 2149 51 55 ex

1123 2194 177 56 philosopho
1263 2194 165 56 allegatur
1389 2194 89 56 non
1440 2194 89 56 est
1491 2194 76 56 ad
1529 2194 190 56 propositum.
1681 2194 89 56 Nam
1732 2194 76 56 p.
1770 2194 89 56 non
1820 2194 152 56 intendit
1934 2194 127 56 ponere
2010 2194 51 56 ea

1122 2235 195 61 similitudine
1280 2235 110 61 inter
1354 2235 98 61 vnam
1415 2235 73 61 et
1451 2235 110 61 aliam
1524 2235 146 61 secundum
1634 2235 195 61 dependentiam
1793 2235 110 61 vnius
1866 2235 73 61 ad
1902 2235 134 61 alteram
1988 2235 73 61 im-

1122 2280 112 46 esse:
1196 2280 75 46 et
1234 2280 200 46 dependentiam
1396 2280 112 46 etiam
1471 2280 75 46 in
1509 2280 162 46 cognosci:
1634 2280 87 46 vt.
1684 2280 125 46 valet.
1771 2280 112 46 sicut
1846 2280 87 46 hec
1896 2280 100 46 sine
1946 2280 75 46 illa

1112 2323 105 59 esse
1177 2323 92 59 non
1230 2323 144 59 potest:
1334 2323 92 59 ita
1387 2323 105 59 nisi
1452 2323 92 59 per
1505 2323 118 59 illam
1583 2323 157 59 cognosci
1701 2323 92 59 non
1753 2323 144 59 possit.
1858 2323 92 59 Sed
1897 2323 131 59 intendit

1115 2368 183 57 comparare
1255 2368 98 57 rem
1312 2368 84 57 ad
1354 2368 112 57 suam
1424 2368 183 57 veritatem
1564 2368 169 57 secundum
1691 2368 211 57 prmanentiam
1859 2368 84 57 et
1888 2368 140 57 varieta-

1115 2410 88 47 tem
1166 2410 88 47 seu
1216 2410 201 47 necessitatem
1380 2410 76 47 et
1418 2410 227 47 contingentiam:
1606 2410 88 47 vt.
1657 2410 126 47 valet.
1745 2410 76 47 si
1783 2410 88 47 est
1833 2410 88 47 res
1883 2410 76 47 in
1921 2410 76 47 se
1946 2410 76 47 prma

1122 2450 99 54 nens
1184 2450 74 54 et
1221 2450 198 54 inuariabilis
1382 2450 74 54 in
1419 2450 112 54 esse:
1494 2450 99 54 eius
1556 2450 136 54 veritas
1655 2450 87 54 est
1705 2450 211 54 inuariabilis:
1878 2450 74 54 et
1915 2450 99 54 quod
1965 2450 62 54 co-

1118 2501 171 48 gnoscitur
1250 2501 79 48 de
1289 2501 105 48 ipsa
1355 2501 92 48 est
1408 2501 237 48 inuariabiliter
1605 2501 132 48 verum:
1698 2501 79 48 et
1737 2501 119 48 tanto
1816 2501 105 48 plus
1882 2501 92 48 vel
1922 2501 105 48 minus:

1113 2542 147 48 quanto
1216 2542 88 48 in
1260 2542 118 48 esse
1334 2542 147 48 fuerit
1436 2542 118 48 plus
1510 2542 103 48 vel
1569 2542 147 48 minus:
1671 2542 88 48 et
1716 2542 118 48 ideo
1789 2542 162 48 inquit.
1906 2542 88 48 p.
1936 2542 88 48 qua-

1116 2582 169 52 propter
1238 2582 153 52 semper
1346 2582 230 52 existentium
1530 2582 199 52 principia
1683 2582 153 52 semper
1791 2582 123 52 esse
1852 2582 169 52 verissima

1125 2629 159 49 necesse
1240 2629 115 49 est.
1312 2629 101 49 Non
1370 2629 115 49 enim
1442 2629 187 49 quandoque
1586 2629 130 49 vera:
1672 2629 101 49 sed
1730 2629 130 49 subie
1816 2629 159 49 semper.
1932 2629 86 49 Et
1960 2629 58 49 ra

1119 2669 99 50 tio
1175 2669 113 50 est:
1246 2669 113 50 quia
1316 2669 99 50 non
1372 2669 183 50 quandoque
1513 2669 113 50 sunt
1584 2669 84 50 et
1626 2669 183 50 quandoque
1767 2669 99 50 non
1823 2669 127 50 sunt:
1907 2669 99 50 sed
1950 2669 84 50 sunt

1118 2709 164 58 semper.
1238 2709 90 58 Et
1283 2709 150 58 statim
1387 2709 194 58 concludit
1537 2709 135 58 quare
1626 2709 224 58 vnumquodque
1806 2709 135 58 sicut
1895 2709 90 58 se
1925 2709 105 58 habet

1126 2754 88 58 vt
1170 2754 102 58 ita
1229 2754 102 58 sit
1287 2754 88 58 et
1331 2754 88 58 ad
1375 2754 190 58 veritatem
1521 2754 88 58 id
1565 2754 102 58 est
1623 2754 146 58 inquit
1726 2754 219 58 Commentator
1901 2754 117 58 quod
1960 2754 102 58 quan-

1124 2799 98 48 to
1173 2799 146 48 magis
1270 2799 163 48 fuerit
1384 2799 211 48 perfectum
1546 2799 98 48 in
1595 2799 130 48 esse
1677 2799 146 48 tanto
1774 2799 146 48 magis
1872 2799 130 48 erit
1937 2799 81 48 per

1121 2840 122 50 fectum
1206 2840 73 50 in
1243 2840 97 50 esse
1303 2840 85 50 ndo
1352 2840 122 50 verum.
1437 2840 73 50 Et
1474 2840 85 50 sic
1523 2840 122 50 patet:
1608 2840 97 50 quod
1669 2840 170 50 auctoritas
1803 2840 85 50 cui
1852 2840 158 50 innititur
1961 2840 61 50 re-

1126 2876 102 54 illa:
1194 2876 80 54 non
1239 2876 80 54 est
1285 2876 68 54 ad
1319 2876 159 54 propositum
1444 2876 102 54 suum.
1513 2876 57 54 ⁋
1535 2876 68 54 Ad
1569 2876 68 54 4m
1604 2876 91 54 dico
1660 2876 91 54 quod
1717 2876 159 54 antecedens
1843 2876 114 54 potest
1911 2876 125 54 intelligi

1114 2931 171 53 dupliciter:
1251 2931 80 53 vno
1296 2931 91 53 modo
1354 2931 91 53 quod
1411 2931 160 53 impossitie
1536 2931 80 53 est
1582 2931 183 53 conclusionem
1731 2931 149 53 euidenter
1845 2931 137 53 cognosci
1948 2931 69 53 ex
1971 2931 57 53 hoc

1117 2970 153 52 praecipue:
1237 2970 87 52 quod
1292 2970 164 52 intellectus
1422 2970 109 52 fertur
1499 2970 131 52 absolute
1597 2970 98 52 super
1662 2970 185 52 conclusionem:
1815 2970 153 52 excludendo
1924 2970 109 52 scilicet

1117 3018 101 62 eius
1181 3018 152 62 lationem
1294 3018 177 62 praesentem
1433 3018 76 62 et
1471 3018 190 62 praeteritam
1623 3018 114 62 super
1699 3018 177 62 principim.
1838 3018 76 62 Et
1876 3018 76 62 in
1914 3018 88 62 hoc
1952 3018 88 62 sensu
