2402 3552
358 295 141 61 citatis
461 295 128 61 motuum
550 295 154 61 secundum
665 295 205 61 proportionem
832 295 154 61 agentium
947 295 192 61 naturalium:
1101 295 141 61 quoniam
1190 295 90 61 sicut

351 341 96 52 nec
406 341 137 52 primum
502 341 123 52 agens
584 341 165 52 naturale
708 341 96 52 est
763 341 151 52 totale:
873 341 96 52 sed
927 341 137 52 tantum
1023 341 165 52 partiale
1147 341 123 52 agens
1215 341 69 52 al-

364 382 192 54 terationis
515 382 110 54 sue:
584 382 96 54 sic
639 382 96 54 nec
694 382 137 54 duplum
790 382 110 54 erit
858 382 151 54 totale:
968 382 96 54 sed
1023 382 124 54 etiam
1106 382 178 54 partiale:
1229 382 55 54 et

362 432 86 48 cum
411 432 73 48 eo
447 432 98 48 deus
509 432 86 48 qui
557 432 122 48 libere
643 432 183 48 communicat:
790 432 122 48 coaget
875 432 86 48 sic
924 432 245 48 proportionaliter
1132 432 98 48 quod
1193 432 73 48 in
1218 432 61 48 du-

364 468 84 63 plo
412 468 144 63 velocior
520 468 96 63 fiet
580 468 168 63 alteratio.
712 468 60 63 â‹
736 468 72 63 Ad
772 468 168 63 argumentum
905 468 120 63 contra
989 468 84 63 2am
1037 468 120 63 partem
1109 468 180 63 conclusionis.

369 514 100 52 dico
431 514 100 52 quod
493 514 137 52 quamuis
592 514 100 52 deus
655 514 124 52 possit
742 514 124 52 absque
829 514 149 52 naturali
941 514 124 52 agente
1028 514 174 52 comsnuare:
1165 514 87 52 non
1202 514 87 52 tamen

368 561 97 47 illo
428 561 97 47 modo
489 561 170 47 conseuandi
622 561 85 47 quo
671 561 182 47 partialiter
816 561 85 47 cum
865 561 97 47 illo
925 561 158 47 conseuat.
1047 561 85 47 est
1095 561 97 47 enim
1156 561 109 47 alius
1216 561 61 47 mo-

367 601 88 54 dus
418 601 189 54 conseruandi
569 601 76 54 ab
607 601 76 54 eo
645 601 88 54 qui
695 601 76 54 se
733 601 101 54 solo
796 601 151 54 coneuat:
909 601 76 54 et
947 601 164 54 similiter
1073 601 63 54 a
1098 601 101 54 modo
1148 601 139 54 conserua-

357 644 139 57 tionis
454 644 166 57 creature
579 644 125 57 secum
662 644 208 57 partialiter
829 644 222 57 conseuantis.
1009 644 83 57 Et
1050 644 111 57 ideo
1120 644 139 57 aliquo
1203 644 83 57 modo

365 688 123 58 potest
451 688 99 58 dici
513 688 99 58 quod
574 688 111 58 actio
648 688 160 58 vtriusque
771 688 123 58 pendet
858 688 74 58 ab
895 688 136 58 altero:
993 688 86 58 ita
1043 688 148 58 scilicet
1141 688 148 58 intelligen

370 732 76 56 do
408 732 101 56 quod
472 732 127 56 neutra
560 732 101 56 sine
624 732 127 56 altera
713 732 203 56 consseuaret.
877 732 76 56 Et
915 732 165 56 propterea
1042 732 89 56 cum
1093 732 139 56 dicitur
1182 732 101 56 posito

368 778 119 53 quod
442 778 134 53 actio
532 778 104 53 dei
591 778 238 53 conseruantis
784 778 163 53 maneret
903 778 134 53 agete
992 778 104 53 non
1051 778 223 53 conseruante
1215 778 74 53 im-

372 817 138 54 plicat
469 817 222 54 impossibile.
649 817 97 54 Nam
704 817 138 54 neutra
801 817 152 54 illarum
912 817 83 54 ab
954 817 138 54 altera
1051 817 138 54 potest
1134 817 152 54 separari:

368 872 76 43 et
406 872 164 43 similiter
532 872 101 43 dico
596 872 76 43 de
633 872 189 43 productione
785 872 177 43 vtriusque:
924 872 101 43 quod
987 872 126 43 neutra
1075 872 76 43 ab
1113 872 126 43 altera
1189 872 88 43 sepa-

370 907 106 51 rari
436 907 146 51 potest:
542 907 80 51 et
582 907 173 51 vtralibet
715 907 133 51 remota
808 907 173 51 remouetur
941 907 159 51 reliqua:
1060 907 93 51 hoc
1113 907 93 51 est
1166 907 80 51 si
1193 907 93 51 crea-

370 955 114 48 tura
441 955 100 48 non
498 955 157 48 ageret:
612 955 100 48 non
669 955 142 48 ageret
768 955 128 48 deus:
854 955 85 48 et
896 955 85 48 si
939 955 114 48 deus
1010 955 100 48 non
1067 955 157 48 ageret:
1181 955 100 48 non
1224 955 71 48 age

360 998 98 46 ret
416 998 182 46 creatura:
556 998 196 46 quapropter
709 998 98 46 non
765 998 168 46 sequitur
891 998 112 46 quod
961 998 168 46 creatura
1086 998 98 46 non
1142 998 126 46 agit:
1212 998 70 46 nec

371 1036 98 58 quod
432 1036 86 58 non
481 1036 160 58 conseruat
604 1036 111 58 sicut
678 1036 147 58 vlterius
788 1036 197 58 inferebatur.
948 1036 61 58 â‹
973 1036 74 58 5a
1010 1036 160 58 conclusio
1133 1036 111 58 etiam
1194 1036 86 58 certa

375 1081 93 52 est:
433 1081 69 52 et
468 1081 104 52 patet
538 1081 151 52 manifeste
653 1081 69 52 ex
688 1081 174 52 auctoritate
827 1081 185 52 praeallegata
977 1081 151 52 scripture
1093 1081 162 52 Sapientie.
1209 1081 81 52 xiso:

381 1126 123 52 quatem
467 1126 74 52 in
503 1126 123 52 psalis
589 1126 110 52 omnia
663 1126 160 52 quecumque
786 1126 123 52 voluit
872 1126 123 52 fecit.
958 1126 74 52 Et
994 1126 160 52 apostolus
1117 1126 74 52 ad
1154 1126 98 52 Eph.
1203 1126 86 52 dicit

376 1171 106 54 quod
442 1171 106 54 deus
508 1171 119 54 omnia
587 1171 132 54 operat
679 1171 158 54 secundum
798 1171 171 54 consilium
930 1171 185 54 voluntatis
1075 1171 106 54 sue.
1141 1171 79 54 Et
1180 1171 106 54 Aug.
1233 1171 53 54 in

378 1209 110 52 ench.
451 1209 122 52 dicit.
536 1209 98 52 quod
597 1209 98 52 deus
659 1209 85 52 non
707 1209 98 52 nisi
768 1209 122 52 volens
854 1209 146 52 quicquam
964 1209 122 52 facit.
1049 1209 98 52 ergo
1110 1209 122 52 libere
1196 1209 73 52 et
1220 1209 61 52 con

365 1251 170 57 tingenter.
499 1251 134 57 Ratione
596 1251 122 57 potest
681 1251 122 57 argui:
767 1251 97 57 quia
827 1251 73 57 si
864 1251 134 57 aliquid
961 1251 170 57 necessario
1095 1251 134 57 faceret
1193 1251 85 57 vel
1229 1251 61 57 con

368 1297 161 57 seruaret:
491 1297 111 57 aliud
565 1297 99 57 quam
627 1297 99 57 deus
689 1297 111 57 esset
763 1297 136 57 necesse
862 1297 99 57 esse
924 1297 74 57 et
961 1297 86 57 non
1010 1297 124 57 posset
1097 1297 86 57 non
1146 1297 111 57 esse:
1208 1297 74 57 quod

369 1339 75 52 est
412 1339 140 52 erroneum:
520 1339 172 52 consequentia
660 1339 108 52 patet:
735 1339 86 52 quia
789 1339 86 52 deus
843 1339 75 52 est
886 1339 118 52 necesse
972 1339 97 52 esse:
1037 1339 65 52 et
1069 1339 75 52 non
1112 1339 108 52 potest
1187 1339 75 52 non
1220 1339 75 52 esse.

359 1382 96 57 ergo
419 1382 72 57 et
455 1382 96 57 omne
515 1382 84 57 cui
562 1382 167 57 necessario
694 1382 84 57 dat
742 1382 96 57 esse
802 1382 72 57 et
837 1382 84 57 hec
885 1382 167 57 sufficiant
1017 1382 84 57 pro
1065 1382 96 57 ista
1113 1382 167 57 conclusionem

367 1435 83 48 qui
414 1435 94 48 ipsa
473 1435 165 48 communiter
603 1435 71 48 ab
638 1435 130 48 omnibus
733 1435 165 48 catholicis
862 1435 177 48 conceditur.
1004 1435 59 48 â‹
1028 1435 71 48 5a
1063 1435 153 48 conclusio
1169 1435 118 48 probatur

367 1473 108 52 sic.
435 1473 189 52 ipossibile
584 1473 95 52 est
638 1473 108 52 deum
705 1473 122 52 velle
786 1473 149 52 aliquid
894 1473 135 52 facere
989 1473 81 52 et
1029 1473 95 52 non
1083 1473 135 52 facere
1178 1473 135 52 illud:

368 1523 86 37 et
411 1523 171 37 quicquid
539 1523 114 37 deus
610 1523 128 37 facit
696 1523 214 37 contingeter
867 1523 143 37 facit:
967 1523 100 37 seu
1024 1523 143 37 potest
1124 1523 100 37 non
1167 1523 128 37 facere.

371 1557 82 57 rgo
418 1557 164 57 quaecumque
547 1557 94 57 deus
605 1557 105 57 facit
675 1557 187 57 contingenter
827 1557 94 57 vult
886 1557 129 57 facere.
979 1557 164 57 antecedens
1108 1557 82 57 quo
1155 1557 70 57 ad
1178 1557 117 57 secundam

373 1606 110 45 partem
450 1606 99 45 patet
517 1606 66 45 ex
550 1606 166 45 praecedenti
682 1606 177 45 conclusione:
826 1606 77 45 quo
870 1606 66 45 ad
903 1606 110 45 primam
981 1606 110 45 partem
1058 1606 144 45 probatur:
1168 1606 88 45 quia
1213 1606 77 45 alio-

361 1642 112 54 quin
431 1642 168 54 voluntas
557 1642 98 54 dei
613 1642 98 54 non
669 1642 126 54 esset
753 1642 196 54 omimpotens
908 1642 84 54 et
950 1642 224 54 inuincibilis
1132 1642 84 54 et
1160 1642 126 54 inexple

359 1689 122 53 bilis:
444 1689 98 53 quod
506 1689 86 53 est
555 1689 159 53 erroneum:
677 1689 196 53 consequentia
836 1689 98 53 vero
897 1689 159 53 probatur:
1020 1689 98 53 quia
1081 1689 73 53 ex
1118 1689 147 53 opposito
1216 1689 73 53 con-

359 1732 171 47 sequentis
491 1732 158 47 scilicet
609 1732 105 47 quod
675 1732 132 47 aliqua
767 1732 92 47 que
820 1732 105 47 deus
886 1732 119 47 facit
965 1732 92 47 non
1018 1732 211 47 contingenter
1189 1732 105 47 vult
1241 1732 40 47 i

371 1779 75 47 la
408 1779 137 47 facere:
507 1779 149 47 sequitur
619 1779 99 47 ergo
681 1779 87 47 non
731 1779 124 47 potest
818 1779 87 47 non
868 1779 112 47 velle
942 1779 99 47 illa
1004 1779 137 47 facere:
1104 1779 75 47 et
1141 1779 99 47 tunc
1191 1779 99 47 quero:

364 1818 86 50 an
407 1818 100 50 sit
464 1818 186 50 possibile
607 1818 129 50 ipsum
693 1818 100 50 non
750 1818 143 50 facere
850 1818 115 50 illa
922 1818 100 50 aut
979 1818 115 50 non:
1051 1818 86 50 Si
1094 1818 100 50 non
1151 1818 100 50 est
1194 1818 86 50 pos-

364 1861 136 47 sibile
459 1861 108 47 deum
527 1861 95 47 non
581 1861 136 47 facere
676 1861 122 47 illa.
757 1861 108 47 ergo
825 1861 95 47 non
879 1861 163 47 quicquid
1001 1861 108 47 deus
1069 1861 122 47 facit
1137 1861 149 47 contingen

366 1907 86 52 ter
415 1907 123 52 facit:
501 1907 98 52 quod
562 1907 148 52 repugnat
673 1907 135 52 secunde
772 1907 111 52 parti
845 1907 209 52 antecedentis.
1017 1907 74 52 Si
1054 1907 111 52 autem
1128 1907 86 52 est
1165 1907 123 52 possibi-

354 1945 85 50 le
396 1945 113 50 deum
467 1945 99 50 non
524 1945 142 50 facere
623 1945 128 50 illa.
708 1945 113 50 ergo
779 1945 142 50 aliqua
878 1945 99 50 que
935 1945 213 50 impossibile
1105 1945 99 50 est
1161 1945 113 50 deum
1218 1945 71 50 non

362 1992 124 53 velle
445 1992 138 53 facere
541 1992 96 53 est
596 1992 179 53 possibile
734 1992 110 53 deum
802 1992 96 53 non
858 1992 151 53 facere.
968 1992 83 53 Et
1009 1992 96 53 per
1064 1992 193 53 consequens
1201 1992 83 53 pos-

367 2035 134 54 sibile
461 2035 94 54 est
514 2035 108 54 deum
582 2035 121 54 velle
662 2035 148 54 aliquid
770 2035 148 54 facere:
878 2035 81 54 et
918 2035 94 54 non
972 2035 134 54 facere
1066 2035 134 54 illud:
1160 2035 108 54 quod
1214 2035 67 54 est

369 2078 140 52 oppositum
477 2078 97 52 prime
541 2078 108 52 partis
617 2078 183 52 antecedentis.
767 2078 54 52 â‹
789 2078 75 52 Sed
832 2078 108 52 contra
907 2078 97 52 istam
971 2078 172 52 conclusionem
1111 2078 108 52 potest
1186 2078 97 52 argui
1240 2078 43 52 ex

363 2128 167 42 rationibus
494 2128 143 42 cuiusdam
601 2128 143 42 doctores
708 2128 95 42 sic:
768 2128 71 42 si
804 2128 95 42 deus
863 2128 167 42 quaecumque
994 2128 119 42 facit:
1078 2128 191 42 contingenter
1221 2128 71 42 vult

364 2165 155 46 facere.
477 2165 99 46 aut
533 2165 127 46 velle
618 2165 113 46 suum
689 2165 99 46 quo
745 2165 113 46 vult
816 2165 113 46 ipsa
886 2165 141 46 facere
985 2165 99 46 que
1042 2165 141 46 facit:
1141 2165 99 46 est
1197 2165 85 46 in
1225 2165 71 46 se-

367 2207 196 52 simpliciter
524 2207 196 52 contingens:
681 2207 92 52 aut
733 2207 157 52 habitudo
851 2207 131 52 illius
942 2207 118 52 velle
1021 2207 78 52 ad
1060 2207 105 52 illa
1125 2207 92 52 qua
1177 2207 105 52 vult
1230 2207 52 52 fa

367 2252 103 49 cere
431 2252 90 49 est
483 2252 193 49 contingens:
637 2252 90 49 hec
689 2252 142 49 videtur
792 2252 116 49 nota:
869 2252 103 49 quia
933 2252 77 49 si
972 2252 77 49 et
1011 2252 116 49 ipsum
1088 2252 116 49 velle
1165 2252 116 49 esset
1230 2252 51 49 ne

356 2291 168 51 cessarium
485 2291 78 51 et
524 2291 91 51 cum
576 2291 91 51 hoc
628 2291 116 51 etiam
705 2291 116 51 heret
783 2291 194 51 habitudinem
938 2291 194 51 necessariam
1093 2291 78 51 ad
1132 2291 142 51 volita:
1222 2291 65 51 non

362 2337 199 52 contingenter:
527 2337 82 52 sed
573 2337 164 52 necessario
702 2337 117 52 vellet
785 2337 106 52 illa.
855 2337 117 52 primum
937 2337 82 52 non
984 2337 117 52 potest
1066 2337 94 52 dici
1125 2337 82 52 cum
1172 2337 106 52 velle
1230 2337 59 52 di-

373 2384 100 45 uinum
439 2384 78 45 sit
484 2384 100 45 deus:
550 2384 67 45 et
584 2384 78 45 per
628 2384 155 45 consequens
750 2384 133 45 absolute
850 2384 67 45 in
883 2384 67 45 se
917 2384 67 45 et
950 2384 166 45 simpliciter
1083 2384 122 45 necesse
1172 2384 100 45 esse:
1228 2384 55 45 nec

367 2426 83 50 2m
409 2426 111 50 quia
478 2426 97 50 vel
533 2426 124 50 talis
616 2426 166 50 habitudo
741 2426 97 50 est
796 2426 138 50 relato
893 2426 180 50 rationis:
1031 2426 97 50 vel
1086 2426 138 50 realis
1169 2426 111 50 addita

368 2468 104 52 ipsi
433 2468 131 52 velle.
525 2468 91 52 Non
577 2468 170 52 rationis:
707 2468 104 52 quia
773 2468 118 52 talis
851 2468 91 52 non
903 2468 118 52 habet
982 2468 104 52 esse
1047 2468 104 52 nisi
1112 2468 78 52 in
1138 2468 157 52 intellectu

371 2515 182 51 obiectiue:
514 2515 78 51 et
553 2515 91 51 per
605 2515 182 51 consequens
748 2515 117 51 nullo
826 2515 195 51 intellectum
982 2515 221 51 apprehendente
1164 2515 104 51 deus
1216 2515 65 51 non

361 2558 132 53 vellet
453 2558 106 53 illa
520 2558 225 53 producibilia:
705 2558 106 53 quod
771 2558 93 53 est
824 2558 172 53 erroneum:
957 2558 93 53 nec
1010 2558 146 53 realis:
1116 2558 106 53 quia
1182 2558 93 53 dei
1235 2558 79 53 ad

368 2601 168 52 creaturam
497 2601 116 52 nulla
574 2601 90 52 est
626 2601 142 52 relatio
729 2601 142 52 realis:
832 2601 77 52 et
871 2601 129 52 iterum
961 2601 116 52 nihil
1038 2601 129 52 potest
1128 2601 103 52 esse
1180 2601 103 52 reale-

359 2639 78 51 in
398 2639 91 51 deo
450 2639 103 51 quod
514 2639 91 51 non
566 2639 91 51 sit
618 2639 116 51 deus.
695 2639 194 51 Relinquitur
850 2639 103 51 ergo
915 2639 103 51 quod
980 2639 103 51 illa
1044 2639 91 51 sit
1096 2639 155 51 ipsummet
1199 2639 91 51 velle

360 2686 142 50 diuinum:
467 2686 71 50 et
502 2686 83 50 per
549 2686 166 50 consequens
680 2686 106 50 sicut
751 2686 106 50 velle
822 2686 130 50 diuinum
916 2686 83 50 est
964 2686 177 50 simpliciter
1106 2686 166 50 necessium.
1224 2686 59 50 sic

373 2729 84 54 et
415 2729 112 54 ipsa
485 2729 182 54 habitudo.
624 2729 70 54 â‹
652 2729 84 54 2o
694 2729 84 54 si
736 2729 112 54 deus
806 2729 196 54 quaecumque
960 2729 126 54 facit
1044 2729 224 54 contingenter
1211 2729 84 54 vult

360 2773 128 49 facere.
454 2773 93 49 ergo
512 2773 164 49 quaecumque
641 2773 93 49 vult
699 2773 117 49 facere
781 2773 117 49 potest
863 2773 82 49 non
909 2773 105 49 velle
979 2773 128 49 facere:
1073 2773 70 49 et
1108 2773 164 49 quaecumque
1225 2773 58 49 vo-

367 2816 114 51 luit
438 2816 157 51 facere:
552 2816 143 51 potuit
652 2816 100 51 non
709 2816 128 51 velle
795 2816 157 51 facere:
909 2816 100 51 sed
966 2816 100 51 hoc
1023 2816 100 51 est
1080 2816 157 51 falsum.
1180 2816 100 51 probo

368 2860 89 51 et
413 2860 178 51 loquamur
546 2860 148 51 igitur
650 2860 148 51 gratia
753 2860 163 51 exempli
872 2860 89 51 de
917 2860 133 51 mundo
1005 2860 119 51 quem
1080 2860 119 51 deus
1154 2860 133 51 fecit
1228 2860 59 51 et

371 2905 133 51 voluit
464 2905 133 51 facere
557 2905 160 51 secundum
677 2905 186 51 praedicta:
823 2905 80 51 si
863 2905 106 51 deus
930 2905 133 51 voluit
1023 2905 213 51 contingenter
1183 2905 106 51 facere

359 2953 142 47 mundum.
462 2953 103 47 ergo
527 2953 129 47 potuit
617 2953 116 47 nolle
694 2953 116 47 illud
772 2953 142 47 facere:
875 2953 77 47 et
913 2953 77 47 si
952 2953 103 47 sic.
1016 2953 103 47 ergo
1081 2953 116 47 illud
1158 2953 116 47 nolle
1223 2953 64 47 po-

373 2993 89 45 tuit
428 2993 89 45 esse
484 2993 67 45 in
517 2993 89 45 deo:
573 2993 67 45 et
606 2993 78 45 per
651 2993 156 45 consequens
773 2993 111 45 potuit
851 2993 89 45 esse
906 2993 100 45 deus.
973 2993 122 45 constat
1062 2993 100 45 autem
1128 2993 89 45 quod
1173 2993 111 45 quicquid

366 3032 136 53 potuit
461 3032 108 53 esse
529 3032 108 53 deus
597 3032 81 53 de
637 3032 203 53 necessitate
800 3032 95 53 est
854 3032 122 53 deus.
936 3032 108 53 ergo
1003 3032 108 53 deus
1071 3032 136 53 habuit
1166 3032 81 53 et
1193 3032 95 53 hodie

365 3085 119 66 habet
444 3085 119 66 illud
524 3085 133 66 nolle.
617 3085 93 66 Sed
670 3085 93 66 hoc
723 3085 93 66 est
776 3085 133 66 falsum
868 3085 93 66 cum
921 3085 93 66 iam
974 3085 186 66 creauerit.
1120 3085 106 66 ergo
1186 3085 93 66 non
1226 3085 53 66 po

1333 279 105 70 tuit
1399 279 118 70 nolle
1478 279 132 70 creare
1570 279 92 70 vel
1622 279 132 70 facere
1714 279 145 70 mundum:
1820 279 79 70 et
1859 279 92 70 per
1912 279 184 70 consequens
2056 279 79 70 de
2083 279 184 70 necessitate:

1336 337 152 49 voluit
1442 337 152 49 creare
1548 337 91 49 et
1594 337 106 49 non
1654 337 258 49 contingenter.
1867 337 91 49 Et
1912 337 91 49 ex
1958 337 106 49 hoc
2018 337 197 49 concludit
2155 337 121 49 doctor

1335 371 127 58 ille:
1420 371 113 58 quod
1491 371 212 58 impossibile
1660 371 99 58 est
1717 371 127 58 velle
1802 371 156 58 diuinum
1915 371 113 58 here
1986 371 156 58 aliquam
2085 371 184 58 habitudinem

1329 418 171 59 secundum
1457 418 114 59 quam
1528 418 100 59 sit
1585 418 128 59 verum
1670 418 142 59 dicere
1770 418 114 59 quod
1841 418 171 59 noluerit
1969 418 100 59 aut
2026 418 171 59 voluerit
2140 418 114 59 mundum

1332 462 156 52 creare.
1445 462 71 52 â‹
1473 462 156 52 Propter
1586 462 99 52 has
1643 462 184 52 rationes:
1784 462 99 52 que
1841 462 127 52 tamen
1926 462 85 52 in
1968 462 156 52 virtute
2081 462 99 52 non
2138 462 113 52 sunt
2194 462 71 52 ni-

1331 504 73 60 si
1367 504 97 60 vna:
1428 504 97 60 idem
1489 504 195 60 consequentur
1647 504 110 60 dicit
1720 504 97 60 quod
1781 504 97 60 deus
1842 504 85 60 per
1891 504 122 60 nullum
1976 504 110 60 velle
2049 504 146 60 intrinum
2146 504 122 60 partici-

1321 547 117 63 pans
1395 547 176 63 formalem
1526 547 176 63 rationem
1658 547 205 63 volitionis
1819 547 234 63 determinatur
2010 547 88 63 ad
2054 547 161 63 aliquid
2156 547 103 63 produ

1336 590 147 54 cendum:
1443 590 147 54 quoniam
1550 590 80 54 vt
1590 590 121 54 dicit
1671 590 121 54 alias
1751 590 188 54 sequeretur
1898 590 107 54 quod
1965 590 107 54 deus
2032 590 201 54 necessitate
2180 590 80 54 abso

1335 633 90 55 luta
1391 633 134 55 produce:
1492 633 67 55 et
1525 633 101 55 extra
1592 633 78 55 se:
1637 633 90 55 quod
1693 633 78 55 est
1738 633 146 55 erroneum.
1850 633 179 55 consequentia
1995 633 112 55 patet:
2074 633 90 55 quia
2130 633 101 55 velle
2186 633 78 55 diui-

1330 681 89 52 num
1381 681 89 52 est
1432 681 76 52 in
1470 681 76 52 se
1508 681 190 52 simpliciter
1660 681 76 52 et
1699 681 152 52 absolute
1813 681 190 52 necessirum:
1965 681 89 52 cum
2016 681 89 52 sit
2067 681 114 52 deus:
2143 681 76 52 et
2168 681 102 52 certum

1335 722 97 56 est
1390 722 111 56 quod
1460 722 97 56 deo
1515 722 152 56 volente
1625 722 97 56 pro
1681 722 138 56 aliquo
1777 722 166 56 instanti
1902 722 221 56 productionem
2081 722 180 56 alicuius:
2206 722 55 56 de

1339 766 197 55 necessitate
1496 766 158 55 sequitur
1615 766 171 55 productio
1746 766 131 55 illius
1838 766 79 55 in
1877 766 105 55 illo
1943 766 171 55 instanti:
2074 766 158 55 alioquin
2179 766 79 55 stam

1332 812 78 52 te
1371 812 169 52 voluntate
1501 812 130 52 posset
1592 812 91 52 non
1644 812 117 52 sequi
1722 812 182 52 productio:
1864 812 78 52 et
1903 812 91 52 per
1955 812 182 52 consequens
2098 812 156 52 voluntas
2202 812 65 52 dei

1335 859 122 48 esset
1417 859 176 48 inefficax
1552 859 81 48 et
1592 859 135 48 posset
1687 859 189 48 frustrari:
1836 859 108 48 quod
1903 859 95 48 deo
1958 859 176 48 repugnat.
2093 859 108 48 ergo
2147 859 108 48 produ-

1329 894 99 55 ctio
1390 894 99 55 illa
1452 894 136 55 nesario
1551 894 148 55 sequitur
1661 894 136 55 aliquid
1760 894 185 55 simpliciter
1908 894 74 55 et
1945 894 148 55 absolute
2056 894 173 55 necessium.
2179 894 74 55 ergo

1340 949 96 48 ipsa
1400 949 84 48 est
1448 949 144 48 absolute
1556 949 180 48 necessaria:
1700 949 72 48 et
1736 949 96 48 deus
1796 949 72 48 de
1833 949 180 48 necessitate
1977 949 144 48 producit
2085 949 144 48 quicquid
2181 949 72 48 pro-

1330 982 143 53 ducit.
1430 982 71 53 â‹
1458 982 185 53 Praeterea
1601 982 128 53 velle
1686 982 171 53 includit
1815 982 271 53 imperfectionem:
2043 982 100 53 cum
2100 982 100 53 sit
2157 982 86 53 in
2185 982 86 53 qua-

1338 1027 96 56 dam
1393 1027 179 56 tendentia
1531 1027 82 56 et
1572 1027 179 56 respectum
1709 1027 96 56 non
1764 1027 151 56 habiti:
1874 1027 82 56 et
1916 1027 192 56 expecctans
2067 1027 96 56 pro
2122 1027 110 56 fine
2177 1027 96 56 ipsam

1337 1077 250 53 productionem:
1543 1077 103 53 qua
1602 1077 147 53 habita
1705 1077 103 53 iam
1764 1077 162 53 cessat:
1882 1077 118 53 quod
1955 1077 147 53 omnino
2058 1077 103 53 deo
2102 1077 162 53 repugnat:

1338 1122 150 53 Quasdam
1448 1122 123 53 alias
1530 1122 164 53 rationes
1652 1122 164 53 adducit:
1775 1122 96 53 sed
1830 1122 109 53 quia
1898 1122 109 53 ille
1967 1122 178 53 procedunt
2103 1122 82 53 ac
2144 1122 82 53 si
2171 1122 96 53 pone-

1338 1157 128 54 retur.
1428 1157 103 54 quod
1492 1157 115 54 velle
1569 1157 90 54 dei
1620 1157 115 54 esset
1697 1157 90 54 res
1748 1157 167 54 distincta
1876 1157 64 54 a
1902 1157 90 54 deo
1953 1157 103 54 quod
2017 1157 128 54 nullus
2107 1157 128 54 dicit:
2184 1157 77 54 ideo

1337 1201 106 53 illas
1408 1201 82 53 non
1455 1201 129 53 recito.
1549 1201 153 53 Concludit
1666 1201 94 53 ergo
1725 1201 188 53 consequentur
1877 1201 94 53 quod
1936 1201 94 53 deus
1995 1201 141 53 producit
2101 1201 141 53 quicquid
2195 1201 70 53 pro-

1329 1250 128 47 ducit
1414 1250 143 47 absque
1514 1250 100 47 hoc
1571 1250 114 47 quod
1642 1250 228 47 determinetur
1828 1250 100 47 per
1885 1250 157 47 aliquod
1999 1250 128 47 velle
2085 1250 171 47 intrinum
2213 1250 86 47 ad

1336 1289 192 62 producendum
1490 1289 102 62 quod
1554 1289 166 62 producit:
1682 1289 192 62 nihilominus
1835 1289 115 62 tamen
1912 1289 141 62 dicitur
2014 1289 179 62 voluntarie
2142 1289 128 62 produce-

1336 1340 82 45 re:
1383 1340 70 45 et
1418 1340 94 45 quod
1477 1340 141 45 producit
1582 1340 94 45 quia
1641 1340 94 45 vult
1699 1340 164 45 producere:
1828 1340 152 45 propterea
1945 1340 94 45 quia
2004 1340 70 45 in
2039 1340 82 45 sua
2086 1340 152 45 potestate
2191 1340 82 45 habet

1340 1377 157 62 producere
1461 1377 72 62 et
1497 1377 85 62 non
1545 1377 169 62 producere:
1678 1377 109 62 sicut
1751 1377 72 62 si
1787 1377 109 62 verbi
1859 1377 133 62 gratia.
1956 1377 109 62 ignis
2028 1377 72 62 in
2065 1377 85 62 sua
2113 1377 157 62 potestate
2222 1377 48 62 et

1335 1420 138 54 ominio
1432 1420 152 54 haberet
1542 1420 193 54 praesentem
1694 1420 166 54 stipulam
1819 1420 138 54 ignire
1916 1420 83 54 et
1957 1420 97 54 non
2012 1420 152 54 ignire:
2123 1420 97 54 dum
2164 1420 97 54 igni-

1340 1462 83 63 et
1382 1462 180 63 diceretur
1520 1462 194 63 voluntarie
1672 1462 166 63 ignitum.
1797 1462 83 63 Et
1838 1462 180 63 quaerenti
1977 1462 97 63 cur
2032 1462 152 63 igniret
2129 1462 138 63 responde

1336 1507 116 52 tur:
1409 1507 116 52 quia
1482 1507 131 52 vult:
1569 1507 102 52 non
1627 1507 116 52 quia
1700 1507 131 52 velle
1787 1507 204 52 exprimeret
1947 1507 160 52 aliquem
2063 1507 116 52 actu
2122 1507 145 52 determi-

1340 1550 134 52 nantem
1434 1550 94 52 sed
1487 1550 134 52 tantum
1582 1550 215 52 plenitudinem
1756 1550 202 52 potestatis.
1918 1550 67 52 â‹
1945 1550 108 52 Ista
2012 1550 134 52 opinio
2106 1550 148 52 quantum
2200 1550 81 52 mihi

1331 1596 148 53 apparet:
1442 1596 86 53 nec
1491 1596 74 53 in
1528 1596 222 53 conclusionibus
1713 1596 86 53 nec
1762 1596 74 53 in
1799 1596 210 53 probationibus
1972 1596 148 53 continet
2083 1596 173 53 veritatem:
2206 1596 74 53 vnde

1338 1640 222 50 considerandum
1521 1640 92 50 est
1573 1640 105 50 quod
1639 1640 92 50 vel
1691 1640 105 50 ista
1757 1640 131 50 opinio
1848 1640 157 50 intendit
1966 1640 118 50 solum
2045 1640 105 50 modo
2110 1640 131 50 negare
2188 1640 79 50 deum

1337 1690 216 48 determinari
1509 1690 86 48 ad
1553 1690 216 48 producendum
1726 1690 101 48 per
1783 1690 158 48 aliquod
1898 1690 130 48 velle
1985 1690 72 48 a
2014 1690 86 48 se
2057 1690 216 48 distinctum:
2215 1690 58 48 et

1338 1723 128 65 quasi
1423 1723 184 65 adueniens
1565 1723 99 65 deo
1621 1723 156 65 penitus
1735 1723 85 65 ex
1777 1723 85 65 se
1820 1723 241 65 indeterminato
2018 1723 85 65 ea
2060 1723 213 65 indrespnti:
2216 1723 57 65 et

1333 1770 140 51 ipsum
1427 1770 234 51 determinans
1614 1770 94 51 ad
1661 1770 250 51 producendum:
1864 1770 94 51 et
1911 1770 125 51 tunc
1989 1770 94 51 in
2036 1770 109 51 hoc
2098 1770 172 51 frustra
2208 1770 62 51 la

1338 1816 135 51 borat:
1432 1816 94 51 cum
1486 1816 148 51 nunquam
1593 1816 148 51 aliquis
1701 1816 189 51 catholicus
1849 1816 108 51 vel.
1917 1816 81 51 P.
1957 1816 94 51 hoc
2011 1816 162 51 dixerit:
2132 1816 94 51 sed
2173 1816 94 51 omnes

1339 1860 141 51 pariter
1442 1860 206 51 consentiant:
1609 1860 103 51 quod
1673 1860 116 51 sicut
1750 1860 103 51 deus
1814 1860 90 51 est
1866 1860 90 51 sua
1917 1860 154 51 scientia
2033 1860 77 51 et
2071 1860 141 51 noticia
2174 1860 90 51 qua
2213 1860 51 51 no

1337 1902 104 51 uit
1397 1902 178 51 quicquid
1530 1902 149 51 nouit:
1634 1902 104 51 sic
1694 1902 104 51 est
1753 1902 119 51 suum
1827 1902 134 51 velle
1916 1902 104 51 quo
1976 1902 119 51 vult
2050 1902 178 51 quicquid
2169 1902 104 51 vult.

1337 1946 62 58 â‹
1361 1946 160 58 Praeterea
1484 1946 74 58 ue
1521 1946 148 58 rationes
1632 1946 74 58 si
1669 1946 123 58 valent
1755 1946 86 58 non
1805 1946 111 58 solum
1878 1946 111 58 illud
1952 1946 148 58 probant:
2063 1946 86 58 sed
2112 1946 123 58 etiam:
2186 1946 74 58 quod

1329 1992 106 50 nec
1389 1992 106 50 per
1450 1992 166 50 aliquod
1571 1992 136 50 velle
1662 1992 76 50 a
1692 1992 91 50 se
1737 1992 212 50 distinctum
1904 1992 227 50 determinate
2085 1992 121 50 vult
2146 1992 121 50 produ-

1325 2027 113 54 cere
1395 2027 141 54 quando
1494 2027 184 54 producit:
1636 2027 99 54 nec
1692 2027 169 54 antequam
1819 2027 184 54 producat:
1960 2027 212 54 determinate
2130 2027 113 54 vult
2186 2027 85 54 pro-

1340 2080 120 52 ducere
1424 2080 72 52 in
1460 2080 120 52 aliquo
1544 2080 144 52 instanti
1652 2080 84 52 vel
1700 2080 132 52 tempore
1796 2080 132 52 futuro:
1892 2080 72 52 et
1928 2080 204 52 universaliter
2096 2080 108 52 nihil
2168 2080 96 52 vult
2216 2080 48 52 se

1334 2121 152 47 facere
1440 2121 106 47 vel
1501 2121 91 47 se
1547 2121 198 47 facturum:
1699 2121 137 47 neque
1790 2121 137 47 etiam
1881 2121 106 47 non
1942 2121 137 47 vult:
2034 2121 91 47 et
2079 2121 122 47 pono
2140 2121 137 47 nonuult

1339 2164 83 55 vt
1381 2164 96 55 est
1436 2164 96 55 vna
1491 2164 138 55 dictio
1587 2164 69 55 a
1614 2164 96 55 non
1669 2164 151 55 oratio:
1779 2164 83 55 et
1821 2164 110 55 hunc
1890 2164 206 55 intellectum
2055 2164 138 55 vtique
2151 2164 96 55 eum
2192 2164 69 55 ha-

1343 2206 99 52 vere
1404 2206 86 52 sue
1454 2206 148 52 rationes
1565 2206 185 52 compellunt:
1712 2206 111 52 sicut
1786 2206 111 52 patet
1860 2206 197 52 inspicienti:
2021 2206 74 52 et
2057 2206 123 52 aliqua
2144 2206 111 52 verba
2205 2206 62 52 ex-

1336 2249 162 55 primunt:
1457 2249 122 55 sicut
1538 2249 122 55 supra
1619 2249 135 55 patet.
1714 2249 95 55 cum
1768 2249 108 55 ait.
1835 2249 108 55 quod
1903 2249 203 55 impossibile
2065 2249 95 55 est
2119 2249 122 55 velle
2186 2249 81 55 diui

1340 2290 92 52 num
1392 2290 131 52 habere
1484 2290 144 52 aliquam
1589 2290 197 52 habitudinem
1746 2290 157 52 secundum
1864 2290 105 52 quam
1930 2290 92 52 sit
1982 2290 118 52 verum
2061 2290 131 52 dicere
2153 2290 105 52 quod
2205 2290 66 52 vo-

1327 2340 156 54 luerit
1437 2340 109 54 aut
1499 2340 187 54 noluerit
1640 2340 156 54 creare
1749 2340 172 54 mundum.
1874 2340 78 54 â‹
1905 2340 125 54 Item
1983 2340 156 54 aliter
2092 2340 109 54 non
2139 2340 125 54 proce-

1334 2378 123 56 deret
1416 2378 136 56 contra
1512 2378 123 56 alios
1594 2378 177 56 doctores:
1730 2378 123 56 sicut
1812 2378 123 56 tamen
1894 2378 109 56 idem
1962 2378 177 56 intendit:
2098 2378 95 56 sic
2153 2378 95 56 aut
2194 2378 68 56 in-

1342 2421 134 55 tellecta
1442 2421 89 55 eius
1498 2421 145 55 conclusio
1610 2421 112 55 vtique
1688 2421 101 55 falsa
1755 2421 89 55 est:
1811 2421 89 55 quod
1867 2421 112 55 patet:
1945 2421 101 55 primo
2012 2421 123 55 quidem:
2102 2421 89 55 quia
2146 2421 112 55 secundum

1330 2464 113 49 eam
1395 2464 210 49 sequitur:
1556 2464 129 49 quod
1637 2464 129 49 deus
1718 2464 113 49 non
1783 2464 97 49 ab
1831 2464 162 49 eterno
1944 2464 243 49 determinate
2122 2464 146 49 aliquos

1338 2510 141 55 voluit
1437 2510 155 55 creare:
1549 2510 85 55 et
1592 2510 183 55 finaliter
1732 2510 99 55 eis
1789 2510 113 55 dare
1859 2510 127 55 vitam
1944 2510 169 55 eternam:
2071 2510 183 55 aliquibus
2198 2510 70 55 non

1339 2561 150 48 voluit
1444 2561 135 48 dare:
1534 2561 105 48 sed
1594 2561 150 48 voluit
1699 2561 105 48 pro
1759 2561 120 48 suis
1835 2561 180 48 peccatis
1970 2561 120 48 dare
2045 2561 165 48 eternam
2150 2561 120 48 penam:

1330 2597 86 53 et
1373 2597 100 53 per
1430 2597 200 53 consequens
1587 2597 100 53 nec
1645 2597 86 53 ab
1688 2597 143 53 eterno
1788 2597 157 53 quosdam
1902 2597 272 53 praedestinauit:
2131 2597 86 53 et
2160 2597 100 53 quos-

1340 2641 86 48 dam
1389 2641 184 48 reprobauit:
1536 2641 98 48 quod
1598 2641 86 48 est
1647 2641 160 48 erroneum.
1770 2641 74 48 Et
1806 2641 111 48 patet
1880 2641 196 48 consequentia
2040 2641 98 48 quia
2089 2641 184 48 praedestinare

1333 2687 110 50 est
1396 2687 141 50 velle
1490 2687 110 50 seu
1553 2687 219 50 propositum
1725 2687 141 50 dandi
1819 2687 141 50 vitam
1913 2687 188 50 eternam:
2054 2687 204 50 reprobare
2195 2687 78 50 ve-

1338 2725 83 50 ro
1380 2725 195 50 propositum
1533 2725 97 50 non
1588 2725 139 50 dandi:
1686 2725 83 50 vt
1728 2725 125 50 supra
1811 2725 153 50 patuit.
1922 2725 70 50 â‹
1950 2725 181 50 Praeterea
2089 2725 167 50 propheta
2200 2725 70 50 di-

1338 2772 95 56 cit
1393 2772 109 56 quod
1461 2772 176 56 quecumque
1596 2772 136 56 voluit
1691 2772 109 56 deus
1759 2772 136 56 fecit:
1854 2772 95 56 aut
1908 2772 109 56 ergo
1976 2772 95 56 per
2030 2772 81 56 ly
2071 2772 136 56 voluit
2152 2772 109 56 signi-

1341 2814 160 55 ficatur
1458 2814 131 55 velle
1545 2814 160 55 diuinum
1662 2814 218 55 determinate
1836 2814 189 55 faciendi:
1982 2814 87 55 vt
2025 2814 102 55 sit
2083 2814 145 55 sensus
2171 2814 87 55 quod

1348 2854 186 62 quecumque
1490 2854 114 62 deus
1562 2854 214 62 determinate
1733 2854 143 62 voluit
1833 2854 143 62 facere
1933 2854 143 62 fecit:
2033 2854 86 62 et
2075 2854 157 62 habetur
2175 2854 86 62 pro-

1332 2908 164 50 positum:
1455 2908 96 50 aut
1510 2908 218 50 significatur
1687 2908 123 50 solum
1769 2908 109 50 modo
1837 2908 191 50 potestatis
1987 2908 164 50 dominium
2110 2908 164 50 faciendi
2219 2908 55 50 et

1333 2955 90 44 non
1384 2955 154 44 faciendi
1500 2955 77 44 vt
1538 2955 102 44 isti
1602 2955 141 44 dicunt:
1704 2955 77 44 et
1743 2955 102 44 tunc
1806 2955 90 44 est
1858 2955 141 44 sensus:
1960 2955 102 44 quod
2024 2955 179 44 quaecumque
2165 2955 102 44 deus
2216 2955 51 44 po

1340 2991 107 55 tuit
1407 2991 134 55 facere
1501 2991 81 55 et
1541 2991 94 55 non
1595 2991 134 55 facere
1689 2991 134 55 fecit:
1783 2991 94 55 sed
1836 2991 148 55 constat
1944 2991 94 55 hoc
1997 2991 107 55 esse
2065 2991 134 55 falsum
2159 2991 81 55 et
2185 2991 81 55 con-

1333 3034 115 54 tra
1398 3034 164 54 sacram
1513 3034 230 54 scripturam
1694 3034 98 54 et
1743 3034 181 54 sanctos
1874 3034 213 54 dicentes:
2038 3034 131 54 deum
2120 3034 148 54 multa
2202 3034 66 54 po

1334 3077 148 69 tuisse
1438 3077 162 69 fecisse
1556 3077 103 69 que
1615 3077 103 69 non
1674 3077 148 69 fecit:
1777 3077 89 69 et
1821 3077 148 69 facere
1925 3077 103 69 que
1984 3077 103 69 non
2043 3077 148 69 facit:
2146 3077 89 69 vt
2176 3077 103 69 patet
