2446 3537
123 226 98 71 per
179 226 182 71 magistrum
319 226 140 71 supra.
418 226 239 71 distinctione.
614 226 98 71 43.
670 226 70 71 ⁋
698 226 182 71 Praeterea
839 226 168 71 secundum
951 226 98 71 ipsam

121 292 207 51 positionem:
287 292 97 51 aut
342 292 111 51 deus
412 292 152 51 precise
522 292 111 51 quia
591 292 138 51 potest
688 292 138 51 facere
785 292 83 51 et
827 292 97 51 non
882 292 138 51 facere
965 292 69 51 di-

123 329 124 55 citur
206 329 124 55 velle
289 329 152 55 facere:
399 329 97 55 aut
454 329 110 55 quia
523 329 138 55 facit:
620 329 83 55 et
661 329 124 55 tamen
744 329 110 55 quod
813 329 124 55 facit
895 329 138 55 potest
978 329 69 55 non

126 375 151 50 facere:
236 375 96 50 non
291 375 137 50 potest
387 375 110 50 dici
456 375 151 50 primum.
566 375 110 50 quia
635 375 110 50 tunc
703 375 165 50 sequitur
827 375 110 50 quod
896 375 110 50 omne
965 375 110 50 quod

127 419 110 52 deus
196 419 137 52 potest
292 419 137 52 facere
388 419 82 52 et
429 419 137 52 potest
525 419 96 52 non
580 419 137 52 facere
676 419 110 52 ipse
744 419 110 52 vult
813 419 151 52 facere:
922 419 110 52 quod
977 419 55 52 ex

126 468 149 46 presse
230 468 104 46 est
290 468 149 46 contra
393 468 208 46 Augustinum
557 468 89 46 in
601 468 134 46 ench.
691 468 193 46 dicentem:
839 468 119 46 quod
898 468 149 46 voluntas

120 509 100 48 dei
177 509 128 48 multa
262 509 142 48 potest
362 509 100 48 que
419 509 100 48 non
476 509 128 48 vult:
561 509 100 48 nec
618 509 85 48 2m
661 509 114 48 quia
732 509 171 48 sequitur
860 509 114 48 quod
917 509 114 48 nullam

121 548 110 54 rem
184 548 188 54 antequam
325 548 157 54 fieret
435 548 79 54 a
467 548 110 54 deo
530 548 126 54 deus
608 548 157 54 vellet
718 548 141 54 illam
812 548 173 54 facere.
922 548 110 54 Cuius

120 598 197 48 oppositum
272 598 137 48 dicit
363 598 197 48 apostolus
514 598 91 48 ad
560 598 137 48 Ephe.
651 598 106 48 cum
711 598 121 48 ait.
787 598 152 48 elegit
893 598 106 48 nos
939 598 91 48 ante

122 632 137 53 mundi
213 632 274 53 constitutionem
441 632 91 53 vt
487 632 167 53 essemus
608 632 167 53 sancti:
730 632 91 53 et
776 632 137 53 plura
867 632 152 53 subdit
973 632 91 53 ad

134 682 203 48 propositum
293 682 87 48 de
336 682 145 48 eterna
438 682 101 48 dei
496 682 290 48 praedestinatione
742 682 87 48 et
786 682 188 48 voluntate
931 682 101 48 qua
974 682 58 48 vo

119 721 120 52 luit
194 721 195 52 apostolos
344 721 255 52 sanctificare:
554 721 90 52 et
599 721 195 52 finaliter
749 721 240 52 beatificare.
944 721 75 52 ⁋
959 721 75 52 Sed

122 766 113 52 forte
197 766 138 52 dicetur
297 766 100 52 quod
359 766 150 52 secundum
472 766 163 52 opinionem
597 766 188 52 praemissam:
747 766 100 52 deus
809 766 138 52 dicitur
909 766 113 52 velle
972 766 63 52 fa-

125 811 106 52 cere
191 811 92 52 que
244 811 132 52 facit:
336 811 106 52 quia
402 811 132 52 facit:
494 811 79 52 et
534 811 132 52 potest
626 811 92 52 non
679 811 145 52 facere:
784 811 79 52 et
824 811 119 52 eodem
903 811 106 52 modo
956 811 79 52 dici

107 848 102 50 tur
166 848 131 50 velle
253 848 87 50 se
296 848 189 50 facturum:
442 848 116 50 quia
514 848 145 50 potest
616 848 145 50 facere
717 848 87 50 in
761 848 145 50 futuro
863 848 87 50 et
906 848 102 50 non
950 848 87 50 face

121 898 101 48 re:
178 898 87 48 et
222 898 130 48 tamen
309 898 159 48 faciet:
425 898 87 48 et
468 898 116 48 ideo
540 898 116 48 quia
613 898 116 48 ante
685 898 130 48 mundi
772 898 261 48 constitutionem
975 898 72 48 ha-

115 941 130 51 buit
196 941 162 51 plenam
309 941 227 51 potestatem
487 941 194 51 faciendi
633 941 211 51 apostolos
795 941 178 51 sanctos
925 941 97 51 et
957 941 81 51 non

121 983 205 50 faciendi:
279 983 95 50 et
327 983 111 50 cum
390 983 111 50 hoc
453 983 126 50 ipse
532 983 190 50 facturus
674 983 126 50 erat
753 983 111 50 eos
817 983 190 50 sanctos:
943 983 95 50 ideo

122 1027 168 51 dicitur
244 1027 183 51 elegisse
381 1027 107 51 eos
442 1027 92 51 vt
488 1027 153 51 essent
595 1027 168 51 sancti.
717 1027 76 51 ⁋
748 1027 107 51 Sed
809 1027 137 51 istud
901 1027 107 51 non
946 1027 92 51 suf-

124 1068 140 54 ficit:
222 1068 112 54 quia
292 1068 112 54 pari
362 1068 154 54 ratione
474 1068 84 54 de
516 1068 168 54 quolibet
641 1068 168 54 hominie:
767 1068 98 54 qui
823 1068 84 54 de
865 1068 140 54 aliquo
949 1068 98 54 fien-

120 1117 88 46 do
164 1117 88 46 ab
209 1117 118 46 ipso
282 1117 133 46 vsque
371 1117 88 46 ad
415 1117 133 46 annum
503 1117 162 46 nunquam
621 1117 147 46 habuit
725 1117 221 46 propositum:
901 1117 118 46 immo
960 1117 74 46 nec

124 1158 135 52 vnquam
219 1158 189 52 cogitauit:
368 1158 135 52 posset
463 1158 108 52 dici
530 1158 108 52 quod
598 1158 108 52 ipse
665 1158 108 52 vult
733 1158 122 52 illud
814 1158 149 52 facere:
922 1158 108 52 quod
976 1158 68 52 nul

116 1201 106 51 lus
176 1201 121 51 sane
252 1201 152 51 mentis
358 1201 182 51 diceret.
495 1201 106 51 Sic
555 1201 121 51 enim
631 1201 212 51 sequeretur
798 1201 121 51 quod
873 1201 152 51 beatus
964 1201 76 51 Pe-

114 1248 117 50 trus
187 1248 117 50 ante
260 1248 189 50 passionem
406 1248 175 50 christi:
537 1248 102 50 dum
595 1248 117 50 erat
668 1248 87 50 in
712 1248 146 50 gratia
814 1248 87 50 et
858 1248 160 50 habebat
960 1248 87 50 spi-

109 1287 122 51 ritum
191 1287 149 51 sanctum
299 1287 149 51 volebat
408 1287 136 51 negare
503 1287 176 51 christum.
639 1287 81 51 Et
679 1287 176 51 similiter
815 1287 163 51 quilibet
923 1287 109 51 iustus

108 1330 86 50 et
151 1330 173 50 existens
281 1330 86 50 in
324 1330 187 50 charitate
468 1330 101 50 qui
526 1330 187 50 aliquando
670 1330 173 50 facturus
799 1330 101 50 est
857 1330 159 50 aliquod
958 1330 72 50 pec

108 1376 128 53 catum
193 1376 156 53 mortale
307 1376 114 53 nunc
378 1376 114 53 vult
449 1376 142 53 facere
549 1376 142 53 illud:
648 1376 85 53 et
691 1376 100 53 per
748 1376 199 53 consequens
890 1376 142 53 existens

121 1416 67 50 in
154 1416 111 50 gratia
232 1416 78 50 est
277 1416 67 50 in
310 1416 123 50 peccato
400 1416 134 50 mortali:
500 1416 67 50 et
533 1416 178 50 consequentia
678 1416 111 50 patet:
756 1416 89 50 quia
812 1416 134 50 quilibet
912 1416 100 50 talis
968 1416 78 50 habet

117 1463 197 50 potestatem
272 1463 169 50 faciendi
399 1463 85 50 et
441 1463 99 50 non
497 1463 183 50 faciendi:
638 1463 85 50 et
681 1463 99 50 cum
737 1463 99 50 hoc
793 1463 127 50 etiam
878 1463 99 50 est
920 1463 113 50 factu-

116 1508 115 51 rus:
187 1508 129 51 patet
273 1508 115 51 ergo
345 1508 115 51 quod
416 1508 186 51 conclusio
560 1508 100 51 non
617 1508 100 51 est
674 1508 129 51 vera.
760 1508 215 51 Probationes
917 1508 115 51 quoque

114 1548 129 54 nihil
200 1548 158 54 valent:
314 1548 158 54 quoniam
429 1548 115 54 pari
501 1548 115 54 modo
572 1548 201 54 probaretur
730 1548 115 54 quod
802 1548 115 54 deus
873 1548 100 54 non
916 1548 115 54 deter-

106 1599 137 52 minate
202 1599 151 52 prescit
312 1599 151 52 aliquod
421 1599 164 52 futurum:
545 1599 110 52 quod
613 1599 96 52 est
668 1599 178 52 erroneum.
805 1599 178 52 assumptum
928 1599 110 52 patet.

110 1637 89 45 qui
161 1637 89 45 ita
212 1637 203 45 praescientia
376 1637 89 45 dei
427 1637 89 45 est
478 1637 114 45 deus:
554 1637 76 45 et
592 1637 139 45 necesse
693 1637 114 45 esse:
769 1637 114 45 sicut
845 1637 114 45 velle
908 1637 127 45 diuinum.

132 1680 135 46 quatem
227 1680 95 46 non
281 1680 122 46 minus
363 1680 95 46 est
417 1680 203 46 impossibile
579 1680 108 46 quod
647 1680 108 46 deus
715 1680 163 46 presciat
837 1680 149 46 aliquid
945 1680 81 46 et
972 1680 68 46 il-

116 1720 92 53 lud
169 1720 92 53 sit
221 1720 158 53 futurum:
340 1720 106 53 quam
406 1720 106 53 quod
472 1720 132 53 vellet
565 1720 145 53 aliquid
670 1720 145 53 facere:
776 1720 79 53 et
816 1720 119 53 illud
895 1720 92 53 non
948 1720 119 53 fiat:

115 1766 97 44 et
163 1766 113 44 ita
228 1766 145 44 omnis
324 1766 257 44 argumentatio
533 1766 145 44 facta
630 1766 97 44 de
678 1766 209 44 volitione
839 1766 177 44 poterit
952 1766 80 44 suo

109 1810 110 52 modo
178 1810 151 52 formari
288 1810 83 52 de
329 1810 234 52 praescientia.
522 1810 69 52 ⁋
549 1810 179 52 Respondeo
687 1810 110 52 ergo
756 1810 83 52 ad
797 1810 165 52 rationes
921 1810 83 52 ad
948 1810 83 52 pri-

113 1849 125 52 mam:
192 1849 172 52 quamuis
317 1849 157 52 vtatur
426 1849 141 52 multa
520 1849 266 52 improprietate
740 1849 204 52 sermonis:
896 1849 94 52 ad
927 1849 110 52 bonum

122 1896 121 46 tamen
202 1896 201 46 intellectum
363 1896 161 46 secundum
483 1896 121 46 illum
564 1896 121 46 modum
644 1896 174 46 loquendi:
778 1896 107 46 dico
845 1896 107 46 quod
912 1896 94 46 nec
952 1896 94 46 velle

117 1936 183 55 diuinum:
254 1936 107 55 quo
315 1936 122 55 vult
391 1936 107 55 hec
452 1936 107 55 vel
512 1936 122 55 illa
589 1936 167 55 facere:
710 1936 107 55 nec
771 1936 122 55 eius
847 1936 183 55 habitudo
984 1936 91 55 ad

117 1983 84 44 ea
159 1983 98 44 que
215 1983 112 44 vult
284 1983 140 44 facere
382 1983 98 44 est
438 1983 209 44 contingens:
605 1983 98 44 sed
661 1983 209 44 simpliciter
829 1983 153 44 necesse
940 1983 126 44 esse:

120 2028 133 50 ipsum
209 2028 133 50 tamen
297 2028 133 50 velle
386 2028 103 50 quo
444 2028 118 50 vult
518 2028 103 50 hoc
577 2028 103 50 vel
636 2028 133 50 illud
725 2028 147 50 facere
828 2028 103 50 est
872 2028 162 50 contingen

102 2071 107 50 ter
163 2071 137 50 velle
254 2071 107 50 vel
315 2071 168 50 volitio
437 2071 183 50 faciendi
574 2071 122 50 illa
650 2071 91 50 et
696 2071 122 50 illa
772 2071 183 50 habitudo
909 2071 107 50 est
955 2071 76 50 con

118 2115 172 49 tingenter
250 2115 159 49 habitudo
369 2115 79 49 ad
409 2115 119 49 illa:
488 2115 119 49 sicut
567 2115 212 49 praescientia
739 2115 79 49 de
779 2115 79 49 a.
818 2115 132 49 futuro
898 2115 132 49 continge

111 2159 72 51 ti
147 2159 84 51 est
195 2159 181 51 simpliciter
340 2159 72 51 et
376 2159 144 51 absolute
484 2159 132 51 necesse
581 2159 108 51 esse:
653 2159 84 51 cum
701 2159 96 51 ipsa
761 2159 84 51 sit
809 2159 108 51 deus:
881 2159 72 51 et
906 2159 132 51 similiter

113 2201 122 48 eius
189 2201 183 48 habitudo
327 2201 92 48 ad
373 2201 214 48 prescitum:
541 2201 107 48 que
602 2201 183 48 habitudo
740 2201 107 48 non
801 2201 107 48 est
862 2201 122 48 nisi
923 2201 107 48 ipsa-

110 2248 87 52 met
159 2248 212 52 praescientia:
334 2248 87 52 est
383 2248 112 52 etiam
458 2248 187 52 simpliciter
608 2248 137 52 necesse
707 2248 112 52 esse:
782 2248 75 52 et
819 2248 112 52 tamen
882 2248 149 52 praescien-

114 2288 95 44 tia
169 2288 81 44 de
209 2288 81 44 a.
250 2288 135 44 futuro
344 2288 95 44 est
398 2288 216 44 contingenter
574 2288 216 44 praescientia
750 2288 81 44 de
791 2288 122 44 ipso:
872 2288 81 44 et
912 2288 108 44 illa
966 2288 68 44 ha-

116 2329 148 47 bitudo
220 2329 104 47 est
279 2329 237 47 contingenter
472 2329 178 47 habitudo
605 2329 89 47 ad
650 2329 148 47 illud:
753 2329 89 47 et
798 2329 119 47 ideo
872 2329 104 47 non
916 2329 119 47 obstam

114 2374 87 48 te
157 2374 116 48 quod
229 2374 217 48 prescientia
403 2374 101 48 sit
461 2374 159 48 necesse
577 2374 130 48 esse:
664 2374 116 48 deus
737 2374 101 48 non
795 2374 217 48 necessario:
969 2374 101 48 sed

109 2419 222 48 contingenter
289 2419 166 48 prescit:
414 2419 97 48 ita
470 2419 83 48 in
511 2419 180 48 proposito
650 2419 97 48 non
705 2419 166 48 obstante
830 2419 111 48 quod
899 2419 125 48 velle
969 2419 69 48 di-

111 2463 126 49 uinum
195 2463 84 49 et
237 2463 168 49 habitudo
364 2463 112 49 eius
434 2463 84 49 ad
476 2463 140 49 volita
574 2463 112 49 quae
644 2463 98 49 non
700 2463 98 49 est
756 2463 112 49 nisi
827 2463 126 49 ipsum
897 2463 140 49 secundum

114 2499 102 53 rem
173 2499 102 53 est
231 2499 219 53 simpliciter
406 2499 160 53 necesse
522 2499 131 53 esse:
610 2499 233 53 contingenter
799 2499 131 53 tamen
887 2499 87 53 et
930 2499 102 53 non
974 2499 73 53 ne-

112 2554 198 45 cessario
261 2554 132 45 deus
344 2554 132 45 vult
426 2554 165 45 facere
542 2554 116 45 que
608 2554 132 45 vult
690 2554 182 45 facere.
822 2554 83 45 ⁋
855 2554 99 45 Ad
905 2554 116 45 2am
954 2554 83 45 con

118 2590 107 58 cedo
185 2590 188 58 consequens
332 2590 81 58 et
373 2590 161 58 vlterius
494 2590 121 58 dico:
574 2590 107 58 quod
641 2590 107 58 deus
708 2590 134 58 potuit
802 2590 121 58 nolle
883 2590 134 58 facere
963 2590 81 58 mum-

110 2631 121 50 dum.
185 2631 90 50 Et
230 2631 105 50 cum
291 2631 196 50 infertur.
441 2631 121 50 ergo
517 2631 136 50 illud
607 2631 136 50 nolle
697 2631 151 50 potuit
803 2631 121 50 esse
878 2631 90 50 in
923 2631 121 50 deo:
984 2631 60 50 et

120 2680 85 49 per
168 2680 170 49 consequens
302 2680 109 49 deus.
375 2680 158 49 Respondeo
496 2680 97 49 quod
557 2680 73 49 ly
593 2680 121 49 nolle.
678 2680 97 49 quod
739 2680 85 49 est
787 2680 158 49 subiectum
909 2680 109 49 huius
969 2680 73 49 con-

128 2720 193 56 sequentis:
280 2720 97 56 vel
335 2720 166 56 supponit
460 2720 97 56 pro
515 2720 83 56 eo
556 2720 111 56 quod
626 2720 138 56 potuit
722 2720 111 56 esse
791 2720 124 56 nolle
874 2720 138 56 facere
957 2720 83 56 mum-

124 2766 114 52 dum:
195 2766 100 52 vel
252 2766 100 52 pro
309 2766 85 52 eo
352 2766 114 52 quod
423 2766 114 52 fuit
494 2766 128 52 nolle
579 2766 142 52 facere
679 2766 157 52 mundum.
793 2766 85 52 si
836 2766 157 52 secundo
935 2766 100 52 modo-

122 2809 108 49 nego
189 2809 242 49 consequentiam:
391 2809 108 49 quia
458 2809 134 49 nullum
552 2809 108 49 tale
619 2809 121 49 nolle
700 2809 121 49 fuit.
780 2809 81 49 Si
821 2809 121 49 primo
902 2809 121 49 modo:
969 2809 67 49 con

121 2851 110 45 cedo
190 2851 124 45 etiam
273 2851 166 45 illatum.
397 2851 83 45 Et
439 2851 97 45 cum
494 2851 179 45 infertur.
632 2851 110 45 ergo
701 2851 124 45 illud
784 2851 124 45 nolle
866 2851 110 45 fuit
935 2851 83 45 in
963 2851 69 45 deo

128 2895 77 46 et
167 2895 116 46 deus:
244 2895 103 46 nego
308 2895 231 46 consequentiam:
501 2895 77 46 et
540 2895 103 46 tunc
604 2895 90 46 cum
655 2895 154 46 arguitur
771 2895 154 46 quicquid
887 2895 129 46 potuit
964 2895 77 46 deus

127 2938 110 49 esse
196 2938 82 49 de
237 2938 206 49 necessitate
402 2938 124 49 fuit:
484 2938 82 49 et
525 2938 96 49 est
580 2938 124 49 deus:
662 2938 96 49 sed
717 2938 124 49 nolle
800 2938 178 49 producere
923 2938 110 49 mundum

115 2989 139 52 potuit
212 2989 111 52 esse
282 2989 125 52 deus.
365 2989 139 52 igitur
462 2989 83 52 de
504 2989 208 52 necessitate
670 2989 111 52 fuit
740 2989 83 52 et
781 2989 97 52 est
837 2989 125 52 deus.
920 2989 97 52 vel
962 2989 69 52 sic

119 3028 178 64 quicquid
252 3028 148 64 potuit
356 3028 118 64 esse
430 3028 89 64 in
474 3028 104 64 deo
534 3028 89 64 de
578 3028 222 64 necessitate
756 3028 118 64 fuit
830 3028 89 64 in
874 3028 104 64 deo
933 3028 89 64 et
963 3028 74 64 est

1089 236 89 60 in
1134 236 118 60 deo:
1208 236 133 60 nolle
1296 236 192 60 producere
1444 236 148 60 mundum
1548 236 148 60 potuit
1652 236 118 60 esse
1726 236 89 60 in
1770 236 118 60 deo.
1844 236 118 60 ergo
1903 236 89 60 etc.

1082 300 159 49 concedo
1197 300 159 49 maiorem
1313 300 188 49 vtriusque
1458 300 217 49 syllogismi.
1632 300 159 49 minorem
1748 300 130 49 autem
1820 300 174 49 distinguo:

1092 336 98 52 quia
1153 336 85 52 vel
1202 336 159 52 subiectum
1324 336 147 52 supponit
1434 336 85 52 pro
1482 336 73 52 eo
1519 336 98 52 quod
1580 336 110 52 fuit:
1653 336 73 52 et
1690 336 85 52 sic
1739 336 98 52 nego
1800 336 122 52 ipsam:
1885 336 85 52 vel
1922 336 61 52 pro

1085 379 79 50 eo
1124 379 106 50 quod
1190 379 132 50 potuit
1283 379 119 50 esse:
1362 379 79 50 et
1401 379 92 50 sic
1454 379 158 50 concedo:
1573 379 79 50 et
1612 379 106 50 tunc
1678 379 171 50 conclnsio
1810 379 92 50 non
1850 379 145 50 sequitur.

1085 426 77 43 ex
1124 426 191 43 praemissis:
1277 426 89 43 non
1328 426 102 43 enim
1391 426 166 43 sequitur.
1519 426 153 43 quicquid
1634 426 128 43 potuit
1723 426 102 43 esse
1787 426 102 43 deus
1851 426 102 43 fuit
1915 426 115 43 deus:

1089 466 87 55 sed
1138 466 100 55 quod
1201 466 124 55 potuit
1288 466 100 55 esse
1350 466 112 55 nolle
1425 466 162 55 producere
1549 466 137 55 mundum:
1649 466 124 55 potuit
1736 466 100 55 esse
1798 466 112 55 deus.
1873 466 100 55 ergo
1922 466 75 55 nol-

1078 508 76 56 le
1116 508 164 56 producere
1242 508 126 56 mundum
1331 508 101 56 fuit
1394 508 114 56 deus:
1469 508 88 56 sed
1520 508 164 56 sequitur.
1646 508 101 56 ergo
1709 508 101 56 quod
1772 508 126 56 potuit
1860 508 101 56 esse
1911 508 88 56 nolle

1080 553 178 50 producere
1218 553 137 50 mundum
1314 553 110 50 fuit
1382 553 124 50 deus:
1465 553 82 50 et
1506 553 124 50 istam
1588 553 165 50 concedo.
1712 553 96 50 Nam
1767 553 110 50 ipsa
1835 553 124 50 eadem
1904 553 96 50 essen

1079 599 92 44 tia
1132 599 132 44 divina
1224 599 106 44 quae
1290 599 106 44 fuit
1356 599 106 44 deus
1422 599 79 44 et
1461 599 145 44 volitio
1567 599 185 44 producendi
1712 599 119 44 mundu
1791 599 132 44 potuit
1883 599 106 44 esse
1936 599 53 44 vo

1081 638 118 52 litio
1160 638 183 52 producendi
1304 638 144 52 mundum:
1408 638 118 52 sicut
1487 638 118 52 eadem
1566 638 144 52 esentia
1671 638 105 52 ipsa
1736 638 105 52 fuit
1788 638 197 52 praescientia.

1087 679 71 58 ⁋
1115 679 85 58 Ad
1158 679 128 58 aliam
1243 679 99 58 qua
1300 679 170 58 probatur
1427 679 114 58 quod
1498 679 128 58 nullo
1583 679 128 58 velle
1669 679 199 58 intrinseco
1825 679 99 58 sit
1881 679 156 58 determi

1084 722 122 51 natus
1166 722 82 51 ad
1207 722 204 51 producedum:
1370 722 109 51 quia
1438 722 109 51 tunc
1506 722 177 51 sequitur:
1642 722 109 51 quod
1710 722 109 51 deus
1778 722 204 51 necessitate
1928 722 54 51 ab

1082 765 125 59 soluta
1170 765 188 59 produceret:
1321 765 113 59 patet
1396 765 163 59 responsio
1521 765 75 59 ex
1559 765 163 59 solutione
1684 765 113 59 prime
1759 765 150 59 ratiois.
1872 765 63 59 ⁋
1897 765 75 59 Ad
1922 765 88 59 aliam

1076 817 159 46 rationem
1195 817 93 46 qua
1248 817 145 46 dicitur
1353 817 106 46 quod
1420 817 119 46 illud
1499 817 119 46 velle
1578 817 159 46 importat
1697 817 251 46 imperfectionem.
1895 817 93 46 nego-

1079 854 78 48 Et
1118 854 78 48 ad
1157 854 183 48 probatione
1301 854 92 48 cum
1353 854 144 48 dicitur
1458 854 105 48 quod
1523 854 92 48 est
1576 854 196 48 intendentia
1733 854 78 48 et
1772 854 157 48 respectu
1889 854 92 48 non
1929 854 65 48 ha-

1085 898 117 51 biti.
1163 898 104 51 dico
1228 898 104 51 quod
1293 898 78 51 si
1332 898 182 51 intelligat
1475 898 104 51 quod
1540 898 91 51 sit
1592 898 195 51 intendentia
1748 898 156 51 respectu
1865 898 91 51 non
1904 898 91 51 habi-

1085 943 85 48 ti
1127 943 127 48 quasi
1212 943 198 48 desiderium
1367 943 155 48 habendi
1480 943 155 48 aliquid
1593 943 113 48 sibi
1664 943 170 48 commodum
1791 943 99 48 vel
1848 943 127 48 vtile
1918 943 71 48 aut

1101 984 135 55 quomodo
1199 984 98 55 sibi
1260 984 111 55 bonum
1334 984 98 55 quod
1395 984 86 55 non
1445 984 111 55 habet
1518 984 123 55 falsum
1604 984 98 55 est.
1666 984 74 55 Si
1703 984 111 55 autem
1776 984 111 55 dicat
1850 984 111 55 ipsum
1911 984 74 55 esse

1090 1031 180 48 intendentia
1234 1031 156 48 praecise:
1354 1031 96 48 quia
1414 1031 84 48 est
1462 1031 144 48 respectu
1571 1031 144 48 alicuius
1679 1031 120 48 futuri
1763 1031 72 48 et
1799 1031 84 48 non
1835 1031 144 48 existentis

1086 1072 106 47 quod
1152 1072 106 47 deus
1218 1072 106 47 vult
1285 1072 119 47 fore.
1364 1072 106 47 dico
1431 1072 106 47 quod
1497 1072 119 47 istud
1577 1072 133 47 nullam
1670 1072 239 47 imperfectionem
1855 1072 133 47 importat

1082 1116 93 45 Sed
1135 1116 106 45 quod
1201 1116 120 45 addit
1281 1116 106 45 quod
1347 1116 159 45 expectat
1467 1116 93 45 pro
1520 1116 106 45 fine
1586 1116 120 45 ipsam
1666 1116 226 45 productionem:
1852 1116 93 45 qui
1892 1116 93 45 babi-

1073 1160 88 52 ta
1117 1160 161 52 cessat.
1234 1160 117 52 Dico
1307 1160 146 52 falsum
1410 1160 132 52 esse.
1498 1160 102 52 Nam
1556 1160 132 52 eodem
1644 1160 132 52 velle
1732 1160 102 52 quo
1790 1160 117 52 vult
1863 1160 161 52 aliquid

1087 1203 91 48 fore
1143 1203 136 48 antequam
1246 1203 80 48 sit
1291 1203 91 48 vult
1348 1203 136 48 postquam
1451 1203 80 48 est
1496 1203 102 48 ipsum
1564 1203 102 48 esse:
1632 1203 80 48 ita
1678 1203 91 48 quod
1735 1203 80 48 non
1780 1203 114 48 cessat
1860 1203 114 48 primum
1928 1203 57 48 vel

1079 1245 83 58 le
1121 1245 83 58 et
1163 1245 125 58 aliud
1246 1245 181 58 succedit:
1385 1245 83 58 vt
1427 1245 111 58 iste
1496 1245 209 58 imaginatur:
1663 1245 153 58 quamuis
1774 1245 111 58 illo
1844 1245 125 58 velle
1913 1245 70 58 quo

1075 1290 105 46 deus
1140 1290 157 46 antequam
1258 1290 92 46 res
1310 1290 92 46 est
1363 1290 105 46 vult
1428 1290 118 46 ipsam
1507 1290 131 46 creare
1598 1290 157 46 postquam
1716 1290 131 46 creata
1808 1290 92 46 est
1860 1290 92 46 non
1899 1290 92 46 velit

1083 1333 106 47 ipsam
1154 1333 129 47 creare:
1248 1333 82 47 sed
1295 1333 118 47 potius
1377 1333 176 47 conseruare.
1518 1333 71 47 Et
1554 1333 82 47 est
1601 1333 118 47 simile
1683 1333 71 47 de
1718 1333 188 47 praescientia
1860 1333 129 47 alicuius.

1095 1375 94 48 Nam
1148 1375 107 48 illo
1215 1375 121 48 facto
1296 1375 175 48 praesente
1430 1375 94 48 non
1484 1375 148 48 amplius
1591 1375 175 48 prescitur
1726 1375 67 48 a
1752 1375 107 48 deo:
1819 1375 81 48 et
1860 1375 121 48 tamen
1927 1375 67 48 non

1082 1419 127 55 cessat
1171 1419 204 55 praescientia
1337 1419 102 55 dei:
1400 1419 89 55 sed
1451 1419 153 55 remanet:
1566 1419 115 55 licet
1642 1419 102 55 ipsa
1706 1419 89 55 non
1757 1419 140 55 remanet
1846 1419 140 55 praescien

1069 1464 109 49 tia
1132 1464 140 49 eius:
1225 1464 140 49 sicut
1318 1464 109 49 nec
1380 1464 140 49 illud
1473 1464 171 49 remanet
1598 1464 186 49 futurum.
1737 1464 93 49 Et
1784 1464 140 49 satis
1862 1464 124 49 simile

1078 1508 115 51 huic
1149 1508 129 51 dicit
1235 1508 115 51 Aug.
1307 1508 100 51 12.
1364 1508 86 51 de
1407 1508 129 51 ciui.
1493 1508 115 51 dei.
1565 1508 100 51 vbi
1622 1508 115 51 vult
1694 1508 115 51 quod
1765 1508 129 51 eodem
1851 1508 129 51 velle
1937 1508 100 51 quo

1084 1554 109 47 deus
1153 1554 109 47 vult
1221 1554 96 47 rem
1276 1554 96 47 non
1330 1554 109 47 esse
1399 1554 96 47 dum
1453 1554 96 47 non
1508 1554 109 47 est:
1576 1554 109 47 vult
1644 1554 123 47 etiam
1726 1554 109 47 esse
1795 1554 164 47 postquam
1904 1554 82 47 est:

1085 1591 95 46 ita
1140 1591 109 46 quod
1208 1591 95 46 non
1262 1591 136 46 cessat
1358 1591 136 46 primum
1453 1591 136 46 velle:
1549 1591 150 46 quamuis
1657 1591 95 46 non
1712 1591 95 46 sit
1766 1591 150 46 amplius
1875 1591 123 46 velle
1944 1591 54 46 vt

1074 1635 96 52 non
1129 1635 109 52 sit.
1197 1635 109 52 vnde
1266 1635 96 52 hec
1320 1635 109 52 sunt
1389 1635 123 52 verba
1471 1635 123 52 eius.
1553 1635 82 52 In
1594 1635 96 52 deo
1648 1635 96 52 non
1703 1635 150 52 alteram
1799 1635 191 52 praecedentem

1085 1679 154 53 altera
1192 1679 216 53 subsequens
1362 1679 170 53 mutauit
1485 1679 108 53 aut
1547 1679 185 53 sustulit
1686 1679 231 53 voluntatem:
1871 1679 108 53 sed
1917 1679 77 53 vna

1085 1723 185 50 eademque
1223 1723 216 50 sempiterna
1393 1723 92 50 et
1439 1723 216 50 immutabili
1608 1723 200 50 voluntate
1762 1723 108 50 res
1824 1723 123 50 quas
1885 1723 108 50 condi

1085 1764 102 53 dit:
1149 1764 77 53 vt
1187 1764 77 53 et
1226 1764 115 53 prius
1302 1764 89 53 non
1353 1764 128 53 essent
1442 1764 115 53 egit:
1519 1764 140 53 quandiu
1621 1764 89 53 non
1672 1764 153 53 fuerunt:
1787 1764 77 53 et
1825 1764 77 53 vt
1851 1764 140 53 posterius

1088 1807 142 48 essent
1187 1807 142 48 quando
1287 1807 114 48 esse
1358 1807 185 48 ceperunt.
1500 1807 170 48 Exemplum
1628 1807 142 48 dictum
1727 1807 85 48 de
1770 1807 128 48 igne:
1855 1807 114 48 quod
1912 1807 85 48 fin-

1092 1850 129 58 tunt:
1178 1850 100 58 non
1235 1850 129 58 etiam
1321 1850 129 58 valet
1407 1850 86 58 ad
1450 1850 215 58 propositum.
1622 1850 100 58 Nam
1679 1850 143 58 posito
1779 1850 115 58 quod
1851 1850 129 58 ignis
1922 1850 72 58 ha-

1087 1902 127 44 veret
1171 1902 127 44 talem
1256 1902 197 44 potestatem
1411 1902 169 44 precise:
1538 1902 99 44 ita
1594 1902 113 44 quod
1665 1902 99 44 non
1721 1902 155 44 haberet
1820 1902 169 44 volitionem

1084 1941 80 54 de
1124 1941 173 54 igniendo:
1256 1941 93 54 seu
1310 1941 93 54 non
1363 1941 133 54 vellet
1456 1941 146 54 ignire:
1562 1941 93 54 non
1615 1941 106 54 puto
1681 1941 106 54 quod
1748 1941 146 54 aliquis
1854 1941 106 54 sane
1907 1941 80 54 meni

1080 1984 96 48 tis
1135 1984 151 48 diceret
1245 1984 110 48 quod
1313 1984 137 48 quando
1409 1984 151 48 igniret
1519 1984 137 48 vellet
1615 1984 137 48 ignire
1711 1984 96 48 aut
1766 1984 151 48 igniret
1862 1984 123 48 volunta

1086 2026 96 50 rie.
1146 2026 143 50 vtrumque
1253 2026 108 50 autem
1325 2026 72 50 de
1361 2026 84 50 deo
1409 2026 108 50 dicit
1480 2026 155 50 scriptura
1600 2026 143 50 scilicet
1707 2026 96 50 quod
1767 2026 96 50 vult
1827 2026 155 50 producere
1934 2026 48 50 et

1090 2066 113 57 quod
1161 2066 198 57 voluntarie
1316 2066 184 57 producit.
1458 2066 71 57 ⁋
1486 2066 85 57 Ad
1529 2066 142 57 primum
1628 2066 198 57 argumentum
1784 2066 198 57 principale
1925 2066 85 57 con-

1082 2117 103 48 cedo
1147 2117 180 48 consequens
1288 2117 77 48 et
1327 2117 90 48 cum
1379 2117 155 48 probatur
1495 2117 103 48 esse
1559 2117 142 48 falsum.
1662 2117 103 48 Dico
1726 2117 77 48 ad
1765 2117 193 48 probationem
1907 2117 103 48 primam

1090 2161 102 48 quod
1154 2161 114 48 sicut
1230 2161 102 48 mala
1294 2161 165 48 inquantum
1421 2161 114 48 sunt:
1497 2161 102 48 sunt
1561 2161 64 48 a
1586 2161 102 48 deo:
1650 2161 76 48 vt
1688 2161 140 48 patebit
1790 2161 76 48 in
1828 2161 153 48 secundo.
1929 2161 64 48 sic

1079 2203 137 49 etiam
1170 2203 198 49 inquantum
1322 2203 137 49 sunt:
1414 2203 122 49 sunt
1490 2203 152 49 volita
1596 2203 91 49 ab
1642 2203 107 49 eo:
1703 2203 107 49 non
1764 2203 137 49 autem
1840 2203 167 49 inquantum

1082 2243 117 50 mala
1156 2243 117 50 sunt
1229 2243 73 50 a
1258 2243 117 50 deo:
1332 2243 88 50 et
1376 2243 103 50 ita
1434 2243 235 50 intelligenda
1625 2243 103 50 est
1684 2243 205 50 auctoritas
1831 2243 161 50 prophete:

1087 2295 91 49 et
1132 2295 91 49 in
1178 2295 166 49 secundo
1299 2295 106 49 hoc
1359 2295 166 49 plenius
1480 2295 257 49 declarabitur.
1692 2295 76 49 ⁋
1722 2295 91 49 Ad
1768 2295 106 49 2am
1813 2295 197 49 probationem

1087 2329 168 57 falsitatis
1219 2329 132 57 eiusdem
1315 2329 192 57 consequentis
1471 2329 84 57 cum
1519 2329 132 57 dicitur
1614 2329 96 57 quod
1674 2329 144 57 sequitur
1782 2329 96 57 quod
1842 2329 96 57 deus
1902 2329 84 57 sit
1938 2329 72 57 omne

1082 2374 98 46 quod
1143 2374 98 46 fit:
1204 2374 98 46 quia
1265 2374 98 46 eius
1326 2374 146 46 voluntas
1435 2374 85 46 est
1484 2374 98 46 eius
1545 2374 158 46 essentia.
1667 2374 98 46 dico
1728 2374 98 46 quod
1789 2374 85 46 nec
1825 2374 171 46 consequentia

1077 2417 101 50 nec
1134 2417 173 50 probatio
1264 2417 144 50 valet:
1364 2417 129 50 sicut
1451 2417 101 50 nec
1508 2417 173 50 sequitur
1637 2417 115 50 quod
1709 2417 115 50 deus
1781 2417 101 50 sit
1839 2417 115 50 omne
1911 2417 115 50 quod

1088 2458 158 50 prescit:
1206 2458 92 50 non
1259 2458 158 50 obstante
1378 2458 105 50 quod
1444 2458 105 50 eius
1509 2458 211 50 praescientia
1681 2458 92 50 est
1733 2458 105 50 eius
1799 2458 171 50 essentia.
1931 2458 66 50 ⁋
1957 2458 79 50 Ad

1086 2497 85 60 2am
1134 2497 146 60 rationem
1244 2497 97 60 dico
1305 2497 97 60 quod
1366 2497 122 60 causam
1451 2497 97 60 esse
1511 2497 182 60 necessariam
1657 2497 122 60 potest
1742 2497 158 60 intelligi
1852 2497 158 60 dupliciter.

1090 2552 79 46 vno
1135 2552 91 46 modo
1192 2552 91 46 quod
1249 2552 91 46 ipsa
1305 2552 79 46 sit
1351 2552 68 46 et
1385 2552 79 46 non
1430 2552 114 46 possit
1510 2552 79 46 non
1555 2552 102 46 esse.
1623 2552 91 46 Alio
1680 2552 91 46 modo
1737 2552 91 46 quod
1794 2552 91 46 ipsa
1850 2552 79 46 sit
1896 2552 102 46 causa
1953 2552 45 46 et

1090 2591 92 46 non
1143 2591 132 46 possit
1235 2591 92 46 non
1288 2591 106 46 esse
1354 2591 119 46 causa
1433 2591 92 46 seu
1486 2591 92 46 non
1539 2591 132 46 possit
1631 2591 92 46 non
1684 2591 158 46 causare.
1803 2591 79 46 In
1843 2591 119 46 primo
1909 2591 92 46 sensu

1080 2635 175 51 voluntas
1212 2635 102 51 dei
1270 2635 102 51 est
1328 2635 131 51 causa
1416 2635 219 51 necessaria:
1591 2635 102 51 non
1649 2635 131 51 autem
1737 2635 88 51 in
1781 2635 175 51 secundo:
1897 2635 88 51 ideo

1076 2678 101 56 non
1133 2678 173 56 sequitur
1263 2678 115 56 quod
1335 2678 86 56 ea
1378 2678 101 56 que
1436 2678 130 56 fiunt
1522 2678 101 56 non
1580 2678 158 56 possunt
1695 2678 101 56 non
1753 2678 144 56 fieri.
1853 2678 72 56 ⁋
1882 2678 86 56 Ad
1911 2678 72 56 3am

1086 2721 90 52 dico
1142 2721 90 52 quod
1198 2721 124 52 aliquid
1288 2721 101 52 fieri
1356 2721 56 52 a
1378 2721 90 52 casu
1434 2721 112 52 potest
1513 2721 146 52 intelligi
1625 2721 169 52 dupliciter.
1760 2721 79 52 Uno
1805 2721 90 52 modo
1861 2721 90 52 quod
1906 2721 79 52 ipsum

1087 2765 63 50 a
1113 2765 164 50 quacumque
1239 2765 113 50 causa
1314 2765 88 50 fit
1364 2765 151 50 partiali
1478 2765 88 50 vel
1528 2765 126 50 totali
1616 2765 101 50 fiat
1679 2765 176 50 casualiter
1818 2765 101 50 siue
1881 2765 101 50 quod
1931 2765 63 50 sit

1089 2814 150 48 effectus
1201 2814 150 48 casualis
1314 2814 150 48 respectu
1426 2814 188 48 cuiuscumque
1576 2814 88 48 sue
1626 2814 125 48 cause.
1714 2814 100 48 Alio
1776 2814 100 48 modo
1839 2814 100 48 quod
1901 2814 88 48 non
1939 2814 63 48 sit

1082 2853 154 52 casualis
1198 2853 154 52 respectu
1313 2853 180 52 cuiuslibet
1455 2853 128 52 cause:
1545 2853 90 52 sed
1596 2853 154 52 respectu
1711 2853 154 52 alicuius
1827 2853 141 52 tantum.
1917 2853 77 52 Pri-

1079 2903 80 45 mo
1119 2903 107 45 modo
1185 2903 107 45 dico
1252 2903 133 45 nullum
1345 2903 160 45 effectum
1465 2903 80 45 in
1505 2903 120 45 mundo
1585 2903 107 45 esse
1652 2903 173 45 casualem:
1785 2903 107 45 quia
1838 2903 160 45 cuiuslibet

1082 2942 123 46 divina
1168 2942 148 46 voluntas
1279 2942 86 46 est
1328 2942 111 46 causa
1402 2942 135 46 totalis
1500 2942 86 46 vel
1549 2942 172 46 partialis:
1684 2942 74 46 et
1721 2942 148 46 quilibet
1832 2942 86 46 est
1869 2942 123 46 effectus

1080 2984 125 48 diuine
1167 2984 187 48 prouidentie
1317 2984 100 48 quae
1379 2984 112 48 nihil
1454 2984 175 48 casualiter
1591 2984 112 48 agere
1666 2984 137 48 potest:
1766 2984 75 48 et
1804 2984 87 48 per
1841 2984 150 48 consequens

1083 3025 138 66 nullus
1180 3025 166 66 effectus
1304 3025 97 66 est
1359 3025 83 66 in
1401 3025 124 66 mundo
1483 3025 207 66 simpliciter
1649 3025 179 66 casualis:
1787 3025 110 66 quod
1856 3025 124 66 etiam
1925 3025 83 66 Aug.
