2446 3544
336 221 112 67 enim
406 221 112 67 ille
477 221 84 67 de
519 221 155 67 omnibus
631 221 267 67 cognoscibilibus
856 221 127 67 vnius
941 221 155 67 totalis
1053 221 169 67 scientie
1166 221 98 67 quen-

341 273 148 55 admodum
448 273 134 55 omnium
542 273 175 55 veritatum
676 273 215 55 geometralium
851 273 148 55 dicitur
958 273 107 55 esse
1026 273 94 55 vna
1079 273 175 55 scientia:
1200 273 54 55 et

342 315 90 54 sic
394 315 77 54 de
432 315 129 54 aliis.
523 315 90 54 Sed
574 315 142 54 constat
678 315 103 54 quod
742 315 90 54 non
794 315 116 54 omnes
871 315 168 54 veritates
1000 315 155 54 scientie
1116 315 90 54 sic
1155 315 103 54 sumpte

341 358 140 55 habent
439 358 210 55 essentialem
607 358 154 55 ordinem
719 358 126 55 inter
803 358 98 55 se:
860 358 112 55 quin
930 358 112 55 immo
1000 358 126 55 multe
1084 358 112 55 sunt
1154 358 98 55 que
1196 358 70 55 nul

333 408 83 56 lo
375 408 111 56 modo
444 408 83 56 in
485 408 97 56 sui
541 408 277 56 cognoscibilitate
776 408 194 56 dependent.
928 408 125 56 Patet
1011 408 83 56 de
1053 408 125 56 prima
1136 408 83 56 et
1163 408 97 56 quar-

335 443 81 57 ta
375 443 121 57 primi
456 443 175 57 euclidis.
590 443 81 57 et
631 443 94 57 sic
685 443 108 57 sunt
752 443 121 57 multe
833 443 108 57 alie
900 443 94 57 tam
954 443 81 57 in
995 443 121 57 dicta
1075 443 162 57 scientia
1183 443 81 57 quam

343 499 81 46 in
383 499 134 46 aliis.
477 499 81 46 2o
517 499 161 46 deficit:
638 499 108 46 quia
706 499 81 46 si
746 499 121 46 inter
827 499 229 46 cognoscibilia
1015 499 161 46 scientie
1123 499 134 46 includu-

348 528 97 59 tur
404 528 237 59 propositiones
599 528 195 59 immediate:
752 528 125 59 sicut
835 528 153 59 ipsemet
947 528 167 59 assumit:
1072 528 111 59 ordo
1128 528 139 59 essentia

339 575 97 54 lis
395 575 97 54 non
450 575 97 54 est
506 575 125 54 inter
589 575 208 54 praemissas.
756 575 97 54 cum
811 575 139 54 neutra
909 575 97 54 per
964 575 153 54 alteram
1062 575 194 54 cognoscatur:

345 620 82 57 vt
386 620 124 57 supra
469 620 165 57 probatum
592 620 110 57 est.
661 620 82 57 3o
702 620 151 57 deficit
812 620 82 57 in
853 620 82 57 eo
894 620 110 57 quod
963 620 124 57 ponit
1045 620 192 57 praemissas
1182 620 69 57 co-

346 662 129 63 gnosci
436 662 77 63 ex
475 662 155 63 terminis
591 662 77 63 si
630 662 219 63 vniversaliter
810 662 77 63 de
849 662 193 63 quibuslibet
1003 662 180 63 praemissis
1132 662 116 63 immedia

342 707 97 53 tis
398 707 209 53 intelligat:
565 707 84 53 vt
607 707 153 53 oportet
718 707 84 53 ad
760 707 195 53 propositum
913 707 111 53 suu.
982 707 111 53 tunc
1052 707 111 53 enim
1108 707 139 53 quelibet

341 753 152 52 immediata
458 753 164 52 propositio
587 753 70 52 et
622 753 152 52 quodlibet
739 753 164 52 principium
868 753 129 52 sciente
961 753 105 52 esset
1032 753 82 52 per
1078 753 70 52 se
1114 753 117 52 notum:
1184 753 70 52 quod

349 802 133 51 falsum
442 802 106 51 est:
508 802 80 51 vt
548 802 120 51 patet
628 802 133 51 supra.
721 802 80 51 4o
761 802 146 51 deficit
867 802 80 51 in
907 802 80 51 eo
947 802 106 51 quod
1014 802 120 51 dicit
1080 802 173 51 praedicatum

346 844 182 53 principii
486 844 182 53 contineri
626 844 84 53 in
668 844 168 53 subiecto
794 844 84 53 si
837 844 196 53 intelligat
991 844 84 53 de
1033 844 210 53 continentia
1187 844 70 53 to-

339 893 112 42 tali
409 893 84 42 et
451 893 168 42 adequata
577 893 84 42 vt
619 893 98 42 eum
675 893 210 42 intelligere
842 893 168 42 oportet.
968 893 98 42 hoc
1024 893 168 42 siquidem
1136 893 112 42 falsum

349 922 106 57 est:
415 922 80 57 vt
455 922 119 57 supra
534 922 159 57 probatum
654 922 106 57 est.
720 922 66 57 â‹
747 922 80 57 Ad
787 922 199 57 probationem
946 922 93 57 cum
999 922 159 57 dicitur:
1118 922 106 57 quod
1171 922 80 57 prin

348 968 117 57 cipia
426 968 104 57 sunt
491 968 156 57 comuiter
609 968 104 57 etc.
674 968 156 57 concedo.
791 968 78 57 et
830 968 156 57 vlterius
947 968 156 57 concedo:
1065 968 104 57 quod
1117 968 143 57 subiectum

350 1015 116 48 cadit
427 1015 77 48 in
466 1015 206 48 diffinitione
633 1015 180 48 predicati:
774 1015 90 48 sed
826 1015 90 48 non
877 1015 116 48 solum
954 1015 167 48 subiectum
1083 1015 141 48 complet
1173 1015 90 48 diui-

341 1058 138 53 sionem:
442 1058 88 53 sed
492 1058 138 53 praeter
592 1058 113 53 ipsum
667 1058 113 53 aliud
743 1058 113 53 cadit
818 1058 75 53 in
855 1058 201 53 diffinitione
1018 1058 188 53 praedicati.
1169 1058 75 53 Et
1194 1058 75 53 ideo

347 1103 84 48 non
395 1103 155 48 totaliter
514 1103 155 48 subiectum
634 1103 143 48 continet
742 1103 108 48 ipsum
813 1103 179 48 praedicatum
957 1103 84 48 vel
1005 1103 143 48 notitiam
1100 1103 84 48 eius.

315 1143 234 99 Quantum
485 1143 127 99 ad
548 1143 127 99 2m
612 1143 276 99 articulum
824 1143 361 99 distinguendum
1121 1143 149 99 est
1185 1143 85 99 de

630 1189 148 53 theomda:
741 1189 111 53 sicut
814 1189 148 53 superius
925 1189 172 53 distinctum
1061 1189 99 53 est.
1122 1189 86 53 Nam
1159 1189 99 53 potest

342 1233 125 47 accipi
429 1233 87 47 pro
479 1233 125 47 habitu
566 1233 112 47 vnius
640 1233 199 47 conclusionis
802 1233 174 47 theologice
939 1233 137 47 tantum:
1039 1233 100 47 siue
1101 1233 75 47 de
1138 1233 87 47 sic
1176 1233 87 47 esse:

348 1275 107 56 sicut
419 1275 154 56 conclusio
538 1275 178 56 significat.
681 1275 71 56 et
716 1275 119 56 potest
800 1275 119 56 accipi
883 1275 83 56 pro
930 1275 178 56 collectione
1073 1275 143 56 multorum
1168 1275 95 56 talium

341 1317 162 54 habituum.
465 1317 75 54 vt
503 1317 75 54 de
540 1317 87 54 sic
590 1317 87 54 iam
640 1317 174 54 dicebatur.
777 1317 75 54 Si
814 1317 112 54 primo
889 1317 112 54 modo:
963 1317 150 54 dicendum
1076 1317 100 54 quod
1125 1317 125 54 alicuius

345 1362 93 52 theo
404 1362 93 52 modo
462 1362 93 52 deus
520 1362 82 52 est
567 1362 163 52 subiectum:
696 1362 70 52 et
731 1362 140 52 alicuius
836 1362 93 52 non.
894 1362 82 52 Est
941 1362 93 52 enim
999 1362 152 52 subiectum
1116 1362 128 52 illius:
1198 1362 58 52 qua

348 1408 142 49 aliquod
451 1408 90 49 one
503 1408 103 49 ipso
567 1408 167 49 probatur.
696 1408 129 49 illius
786 1408 116 49 autem
863 1408 90 49 qua
914 1408 116 49 nihil
992 1408 77 49 de
1030 1408 116 49 ipso:
1108 1408 90 49 sed
1159 1408 77 49 de
1185 1408 77 49 alio

353 1448 140 58 probatur
459 1448 82 58 non
505 1448 82 58 est
552 1448 164 58 subiectum.
681 1448 140 58 Exemplum
786 1448 117 58 primi:
868 1448 94 58 deus
927 1448 117 58 potest
1009 1448 82 58 per
1055 1448 70 58 se
1090 1448 105 58 ipsum
1149 1448 117 58 quicquid

346 1493 165 54 mediante
470 1493 179 54 creatura.
608 1493 96 54 aut
663 1493 152 54 aliquid
773 1493 124 54 tale.
856 1493 152 54 Exemplu
966 1493 165 54 secundi:
1090 1493 165 54 creatura
1200 1493 69 54 est

339 1534 249 51 annihilabilis:
546 1534 166 51 accidens
671 1534 138 51 potest
768 1534 193 51 conseruari
920 1534 111 51 sine
989 1534 180 51 subiecto.
1127 1534 83 51 Et
1168 1534 124 51 aliud

342 1584 87 53 in
386 1584 146 53 quibus
488 1584 87 53 de
532 1584 175 53 creatura
663 1584 160 53 aliquid
779 1584 218 53 enunciatur.
954 1584 73 53 â‹
983 1584 87 53 Si
1027 1584 117 53 vero
1085 1584 175 53 accipiatur

343 1621 152 51 theomoia
457 1621 76 51 2o
495 1621 114 51 modo.
571 1621 101 51 pono
634 1621 101 51 tres
697 1621 202 51 conclusiones
861 1621 164 51 conformes
988 1621 152 51 doctrine
1101 1621 101 51 Doc.
1152 1621 101 51 noster

344 1663 141 49 fratris
447 1663 141 49 Egidii.
549 1663 115 49 prima
626 1663 90 49 est
677 1663 102 49 quod
741 1663 102 49 deus
805 1663 166 49 inquantum
933 1663 102 49 deus
997 1663 90 49 est
1048 1663 166 49 subiectum
1164 1663 102 49 primum

351 1711 100 49 theo
413 1711 100 49 modo
476 1711 138 49 nostre.
576 1711 75 49 2a
613 1711 100 49 quod
676 1711 88 49 non
726 1711 163 49 inquantum
851 1711 100 49 deus
913 1711 163 49 absolute:
1038 1711 88 49 sed
1088 1711 163 49 contracte
1201 1711 63 49 est

352 1754 174 45 subiectum.
489 1754 75 45 3a
526 1754 100 45 quod
588 1754 137 45 ratione
688 1754 112 45 talis
762 1754 174 45 conctionis
899 1754 137 45 congrue
999 1754 125 45 potest
1086 1754 100 45 dici
1148 1754 100 45 quod
1198 1754 50 45 de

347 1794 173 48 inquantum
480 1794 213 48 glorificator
653 1794 93 48 vel
706 1794 240 48 glorificatiuus
906 1794 93 48 est
959 1794 173 48 subiectum
1092 1794 106 48 theo
1159 1794 106 48 moso
1212 1794 53 48 no

350 1839 105 47 stre.
421 1839 59 47 â‹
444 1839 117 47 Primam
526 1839 187 47 conclusionem
678 1839 105 47 probo
748 1839 105 47 primo
818 1839 94 47 sic.
877 1839 94 47 quod
935 1839 94 47 deus
994 1839 152 47 inquantum
1111 1839 94 47 deus
1169 1839 82 47 sit
1204 1839 59 47 sub

342 1877 143 51 iectum
442 1877 143 51 primum
543 1877 86 51 in
586 1877 172 51 theomia.
715 1877 86 51 Ex
758 1877 187 51 subiectis
901 1877 201 51 partialium
1045 1877 215 51 theologiarum.

360 1927 120 50 Illud
440 1927 93 50 est
493 1927 133 50 primum
586 1927 146 50 totalis
693 1927 160 50 theomodo
812 1927 173 50 subiectum
945 1927 80 50 ad
985 1927 107 50 quod
1052 1927 133 50 cetera
1132 1927 133 50 subiecta

347 1971 165 51 theologica
477 1971 165 51 (inquantum
606 1971 153 51 huiusmodi
724 1971 141 51 subiecta
830 1971 141 51 scilicet
936 1971 165 51 theologica
1065 1971 106 51 sunt)
1136 1971 118 51 habent
1206 1971 59 51 per

350 2012 73 55 se
386 2012 158 55 analogiam
508 2012 73 55 et
544 2012 146 55 ordinem:
654 2012 109 55 ipsum
727 2012 97 55 vero
788 2012 73 55 ad
824 2012 109 55 nihil
897 2012 109 55 aliud
970 2012 158 55 inquantum
1092 2012 158 55 huiusmodi
1201 2012 61 55 or-

349 2062 157 48 dinatur.
466 2062 91 48 sed
519 2062 104 48 deus
584 2062 91 48 est
636 2062 170 48 huiusmodi
766 2062 130 48 igitur
858 2062 104 48 etc.
923 2062 130 48 Marior
1014 2062 91 48 est
1066 2062 104 48 nota
1132 2062 78 48 ex
1158 2062 104 48 dictis

358 2099 80 51 in
398 2099 119 51 primo
477 2099 172 51 articulo.
610 2099 119 51 Minor
689 2099 199 51 declaratur:
849 2099 146 51 quoniam
955 2099 172 51 quecumque
1088 2099 106 51 alia
1141 2099 119 51 intrant

361 2144 259 49 considerationem
580 2144 205 49 theologicam
743 2144 96 49 vel
798 2144 232 49 considerantur
989 2144 177 49 inquantum
1126 2144 109 49 sunt
1180 2144 82 49 effe

359 2188 101 47 ctus
423 2188 89 47 dei
473 2188 215 47 manifestantes
651 2188 101 47 eius
714 2188 177 47 potentiam.
854 2188 165 47 iustitiam
980 2188 89 47 vel
1031 2188 215 47 misericoridam
1196 2188 63 47 di-

365 2230 175 58 spositionem
505 2230 70 58 et
540 2230 198 58 prouidentiam:
703 2230 82 58 vel
750 2230 151 58 inquantum
866 2230 151 58 praecepta
983 2230 93 58 dei:
1041 2230 70 58 et
1076 2230 151 58 documenta
1180 2230 82 58 mani-

358 2272 174 52 festantia
492 2272 107 52 eius
559 2272 201 52 voluntatem:
719 2272 107 52 siue
786 2272 107 52 quid
854 2272 80 52 ei
894 2272 161 52 placeat:
1014 2272 94 52 vel
1068 2272 201 52 displiceat:
1215 2272 54 52 et

363 2317 206 55 gnesertialiter
535 2317 103 55 nihil
603 2317 115 55 omnino
684 2317 115 55 intrat
764 2317 218 55 considerationem
947 2317 183 55 theologicam:
1096 2317 92 55 nisi
1142 2317 115 55 secundum

369 2368 109 51 quod
438 2368 123 51 ipsum
520 2368 137 51 aliquo
615 2368 109 51 modo
684 2368 232 51 attributionem
875 2368 123 51 habet
957 2368 82 51 ad
998 2368 123 51 deum.
1080 2368 68 51 â‹
1093 2368 178 51 Confirmatur

374 2410 97 47 per
429 2410 111 47 Aug.
499 2410 83 47 2o
540 2410 83 47 de
582 2410 124 47 ciui.
665 2410 111 47 dei.
734 2410 97 47 vbi
789 2410 124 47 dicit
872 2410 111 47 quod
941 2410 83 47 in
983 2410 124 47 sacra
1066 2410 194 47 scriptura:
1204 2410 69 47 aut

372 2455 103 38 hei
431 2455 191 38 praecepta
578 2455 235 38 insinuantur:
769 2455 103 38 aut
828 2455 191 38 mirabilia
975 2455 206 38 narrantur:
1137 2455 103 38 aut
1181 2455 88 38 dona

360 2491 197 52 laudantur:
515 2491 99 52 aut
571 2491 183 52 beneficia
712 2491 226 52 postulantur:
895 2491 155 52 innuens
1008 2491 99 52 per
1065 2491 99 52 hoc
1121 2491 113 52 quod
1177 2491 99 52 nihil

360 2539 86 44 in
403 2539 86 44 ea
446 2539 201 44 continetur
604 2539 115 44 nisi
676 2539 187 44 inquantum
820 2539 201 44 analogatur
978 2539 115 44 modo
1050 2539 144 44 aliquo
1151 2539 86 44 ad
1180 2539 86 44 deum

374 2578 101 46 Quie
437 2578 101 46 vero
500 2578 88 46 sit
550 2578 163 46 subiectum
676 2578 88 46 sub
726 2578 138 46 ratione
827 2578 163 46 deitatis:
953 2578 101 46 siue
1016 2578 163 46 inquantum
1141 2578 113 46 deus:
1204 2578 63 46 de-

373 2620 141 51 claro.
472 2620 155 51 Constat
584 2620 113 51 enim
655 2620 113 51 quod
725 2620 141 51 aliqua
824 2620 240 51 considerantur
1021 2620 197 51 theologice
1176 2620 85 51 de
1205 2620 70 51 deo

373 2663 89 54 que
424 2663 89 54 non
475 2663 165 54 competunt
602 2663 114 54 sibi:
678 2663 101 54 nisi
741 2663 165 54 inquantum
868 2663 101 54 deus
931 2663 101 54 est.
995 2663 114 54 verbi
1071 2663 127 54 gratia
1160 2663 101 54 quod
1211 2663 63 54 sit

366 2713 150 42 trinus
471 2713 90 42 et
516 2713 135 42 vnus:
605 2713 194 42 immensus:
755 2713 209 42 omipotens:
919 2713 209 42 sapientia:
1084 2713 179 42 bonitas:
1203 2713 75 42 ma-

363 2753 170 53 gnitudo.
490 2753 85 53 Et
533 2753 212 53 generaliter
703 2753 127 53 omnis
788 2753 184 53 perfectio
929 2753 99 53 aut
986 2753 184 53 plenitudo
1127 2753 99 53 per
1170 2753 99 53 essen

368 2798 111 50 tiam:
442 2798 74 50 et
478 2798 111 50 multa
552 2798 98 50 alia
614 2798 148 50 similia:
724 2798 86 50 ita
774 2798 98 50 quod
835 2798 160 50 huiusmodi
958 2798 86 50 non
1007 2798 209 50 considerantur
1180 2798 62 50 a
1192 2798 86 50 theo-

367 2840 106 55 logo
433 2840 79 55 de
472 2840 92 55 deo
525 2840 92 55 sub
578 2840 106 55 alia
644 2840 158 55 ratione:
763 2840 106 55 quam
829 2840 92 55 sub
882 2840 145 55 ratione
987 2840 172 55 deitatis.
1120 2840 132 55 Cetera
1199 2840 79 55 vero

365 2887 104 52 que
425 2887 252 52 considerantur
632 2887 89 52 de
677 2887 178 52 personis
811 2887 163 52 diuinis
929 2887 252 52 singulariter:
1137 2887 89 52 vt
1167 2887 104 52 actus

363 2920 203 59 notionales
522 2920 87 59 et
565 2920 232 59 proprietates
754 2920 130 59 etiam
840 2920 87 59 de
884 2920 101 59 eis
942 2920 232 59 verificantur
1116 2920 159 59 inquantum

370 2970 103 51 sunt
435 2970 116 51 deus:
512 2970 116 51 tento
590 2970 78 51 ly
629 2970 168 51 inquantum
758 2970 220 51 specificatiue
939 2970 142 51 tantum:
1042 2970 90 51 non
1094 2970 116 51 autem
1159 2970 116 51 redupli

366 3014 166 58 catiue:
487 3014 106 58 que
547 3014 136 58 etiam
637 3014 91 58 de
683 3014 196 58 creaturis
834 3014 256 58 considerantur
1045 3014 91 58 in
1075 3014 211 58 attributione

1314 200 83 73 ad
1356 200 125 73 deum:
1439 200 125 73 etiam
1522 200 236 73 considerantur
1716 200 180 73 inquantum
1855 200 236 73 attributionem
2049 200 139 73 habent
2132 200 97 73 vlti-

1310 259 106 55 mate
1376 259 79 55 ad
1416 259 119 55 ipsum
1495 259 172 55 inquantum
1627 259 106 55 deus
1694 259 106 55 est:
1760 259 119 55 sicut
1839 259 79 55 de
1879 259 146 55 omnibus
1985 259 185 55 diligenter
2117 259 106 55 consi-

1316 310 146 48 deratis
1422 310 133 48 posset
1515 310 159 48 ostendi.
1635 310 66 48 â‹
1661 310 93 48 2am
1714 310 213 48 conclusionem
1887 310 133 48 probo:
1980 310 80 48 si
2020 310 106 48 deus
2087 310 93 48 sub
2126 310 120 48 ratione

1307 349 149 52 deitatis
1418 349 149 52 absolute
1530 349 112 52 esset
1604 349 161 52 subiectum
1728 349 99 52 theo
1790 349 99 52 modo
1852 349 136 52 nostre:
1951 349 99 52 deus
2013 349 112 52 esset
2075 349 149 52 comprehen-

1302 393 134 52 sibilis
1399 393 85 52 per
1448 393 134 52 theoiam
1545 393 134 52 nostram
1642 393 97 52 actu
1703 393 134 52 habitam
1800 393 85 52 vel
1849 393 170 52 possibilem
1982 393 134 52 haberi:
2067 393 146 52 consequens

1303 434 94 52 est
1356 434 148 52 falsum:
1464 434 121 52 nulla
1545 434 108 52 enim
1613 434 162 52 notitia:
1734 434 81 52 et
1775 434 135 52 nullis
1869 434 162 52 notitiis
1991 434 148 52 creatis
2099 434 94 52 vel
2139 434 81 52 crea

1301 480 149 51 bilibus
1409 480 108 51 deus
1476 480 203 51 comprehendi
1638 480 149 51 potest:
1746 480 122 51 alias
1827 480 95 51 non
1881 480 176 51 veraciter
2003 480 230 51 incomprehensibi

1304 525 81 50 lis
1351 525 174 50 crederetur.
1490 525 186 50 consequentia
1641 525 151 50 probatur.
1758 525 93 50 quia
1816 525 70 50 ad
1851 525 105 50 omnem
1920 525 128 50 habitum
2013 525 139 50 habentem
2106 525 105 50 aliquod

1298 562 163 63 subiectum
1424 562 88 63 sub
1474 562 126 63 aliqua
1563 562 138 63 ratione
1663 562 151 63 absolute
1776 562 138 63 spectat
1877 562 189 63 considerare
2028 562 176 63 quaecumque
2154 562 75 63 illi

1311 615 144 50 pueniunt
1419 615 144 50 secundum
1528 615 108 50 illam
1600 615 157 50 rationem.
1720 615 72 50 Ex
1756 615 84 50 hoc
1805 615 96 50 enim
1865 615 72 50 p.
1901 615 120 50 probat
1985 615 96 50 quod
2045 615 72 50 ad
2082 615 120 50 phycum
2154 615 72 50 spe-

1303 653 104 55 ctat
1368 653 195 55 considerare
1524 653 78 55 de
1563 653 156 55 continuo
1680 653 156 55 infinito
1797 653 78 55 et
1836 653 130 55 finito
1927 653 104 55 loco
1992 653 78 55 et
2031 653 143 55 tempore
2135 653 78 55 et
2161 653 65 55 si-

1292 698 149 54 milibus:
1403 698 99 54 quia
1466 698 75 54 ea
1503 698 174 54 conueniunt
1640 698 137 54 corpori
1739 698 149 54 secundum
1851 698 99 54 quod
1913 698 124 54 mobile
2000 698 99 54 est.
2062 698 75 54 Ex
2100 698 87 54 hoc
2137 698 87 54 etiam

1310 743 135 54 probat
1404 743 108 54 quod
1472 743 81 54 ad
1512 743 189 54 metaphnium
1661 743 149 54 spectat
1769 743 203 54 considerare
1931 743 81 54 de
1971 743 95 54 vno
2025 743 81 54 ea
2066 743 135 54 multo:
2147 743 68 54 eo-

1301 781 88 57 dem
1352 781 76 57 et
1390 781 151 57 diuerso:
1503 781 126 57 priori
1591 781 76 57 et
1629 781 189 57 posteriori:
1780 781 76 57 et
1817 781 176 57 similibus.
1956 781 101 57 quia
2019 781 101 57 ipsa
2069 781 151 57 conueniunt

1301 830 88 57 enti
1356 830 131 57 secundum
1454 830 88 57 quod
1509 830 88 57 ens:
1564 830 88 57 quod
1619 830 77 57 est
1662 830 153 57 metaphysio
1783 830 77 57 per
1827 830 66 57 se
1860 830 110 57 primum
1936 830 153 57 subiectum.
2057 830 131 57 probatur
2144 830 77 57 etiam

1303 877 152 55 ratione.
1417 877 101 55 quia
1480 877 88 55 non
1531 877 88 55 est
1581 877 114 55 ratio
1657 877 114 55 quare
1733 877 126 55 potius
1822 877 126 55 habeat
1910 877 190 55 considerare
2062 877 126 55 aliqua
2138 877 88 55 eorum

1304 915 83 53 que
1352 915 83 53 per
1399 915 71 53 se
1435 915 155 53 competunt
1554 915 143 53 subiecto
1661 915 83 53 sub
1709 915 131 53 ratione
1804 915 83 53 qua
1852 915 95 53 eius
1911 915 155 53 subiectum
2030 915 95 53 est:
2090 915 95 53 quia
2138 915 83 53 alia.

1312 959 54 58 â‹
1334 959 139 58 Praeterea
1441 959 54 58 s
1462 959 107 58 aliqua
1538 959 86 58 sic.
1591 959 64 58 et
1623 959 107 58 aliqua
1698 959 86 58 non.
1752 959 86 58 ergo
1806 959 75 58 non
1849 959 75 58 est
1891 959 86 58 eius
1945 959 139 58 subiectum
2052 959 75 58 sub
2095 959 86 58 tali
2138 959 86 58 ratio-

1298 1001 72 55 ne
1334 1001 157 55 absolute:
1455 1001 84 55 sed
1503 1001 157 55 contracte
1623 1001 145 55 scilicet
1732 1001 72 55 ad
1768 1001 96 55 illa
1828 1001 84 55 que
1876 1001 72 55 de
1913 1001 96 55 ipso
1973 1001 157 55 inquantum
2093 1001 96 55 tale
2142 1001 84 55 consi

1300 1045 134 50 derat:
1393 1045 80 50 si
1433 1045 134 50 igitur
1527 1045 147 50 theomia
1634 1045 134 50 nostra
1728 1045 94 50 vel
1781 1045 134 50 aliqua
1875 1045 107 50 alia
1942 1045 134 50 creata
2036 1045 94 50 vel
2076 1045 147 50 creabilis

1305 1093 106 50 habet
1376 1093 82 50 eum
1423 1093 82 50 pro
1469 1093 141 50 subiecto
1575 1093 152 50 inquantum
1692 1093 94 50 deus
1751 1093 82 50 est
1798 1093 152 50 absolute.
1915 1093 94 50 ergo
1974 1093 106 50 habet
2044 1093 176 50 considerare
2173 1093 47 50 de

1302 1134 114 56 ipso:
1378 1134 177 56 verificari
1517 1134 76 56 et
1555 1134 151 56 cognosci
1668 1134 139 56 potest:
1769 1134 76 56 et
1807 1134 88 56 per
1857 1134 177 56 consequens
1996 1134 214 56 comprehendere
2160 1134 63 56 vel

1313 1175 156 55 credendo
1430 1175 78 55 si
1469 1175 117 55 talis
1547 1175 156 55 theomida
1664 1175 91 55 sit
1716 1175 117 55 fides
1794 1175 143 55 tantum:
1898 1175 78 55 vt
1937 1175 130 55 nostra
2028 1175 104 55 est:
2093 1175 91 55 vel
2132 1175 91 55 videm

1303 1231 83 43 do
1345 1231 83 43 si
1386 1231 96 43 sit
1441 1231 151 43 notitia
1551 1231 138 43 qualis
1647 1231 96 43 est
1702 1231 179 43 beatorum.
1840 1231 110 43 vnde
1909 1231 138 43 potest
2005 1231 138 43 aliter
2101 1231 83 43 in
2129 1231 96 43 eadem

1309 1274 138 46 virtute
1410 1274 113 46 argui
1485 1274 75 46 ad
1523 1274 188 46 propositum:
1674 1274 101 46 deus
1737 1274 88 46 non
1787 1274 88 46 est
1837 1274 163 46 subiectum
1963 1274 101 46 theo
2026 1274 101 46 modo
2076 1274 138 46 beatorum.

1306 1310 168 53 inquantum
1435 1310 103 53 deus
1500 1310 168 53 absolute.
1629 1310 116 53 alias
1706 1310 103 53 ipse
1771 1310 116 53 esset
1848 1310 129 53 creata
1938 1310 155 53 scientia
2054 1310 77 53 et
2080 1310 142 53 comphensi

1313 1359 118 50 bilis.
1396 1359 94 50 ergo
1455 1359 82 50 nec
1502 1359 153 50 inquantum
1619 1359 94 50 deus
1678 1359 141 50 absolute
1784 1359 82 50 est
1831 1359 153 50 subiectum
1949 1359 118 50 nostre
2032 1359 153 50 theormis:
2138 1359 82 50 patet

1316 1397 192 49 consequentia
1472 1397 132 49 quoniam
1569 1397 108 49 fides
1641 1397 96 49 vie:
1701 1397 84 49 nec
1749 1397 132 49 infusa:
1845 1397 84 49 nec
1893 1397 168 49 acquisita:
2026 1397 132 49 excedit
2122 1397 72 49 in
2146 1397 72 49 cre-

1304 1440 120 50 dendo
1384 1440 174 50 scientiam
1518 1440 134 50 patrie
1612 1440 80 50 in
1652 1440 161 50 videndo.
1772 1440 80 50 vt
1812 1440 161 50 scilicet
1933 1440 107 50 plus
2000 1440 80 50 de
2040 1440 94 50 deo
2080 1440 134 50 credamus

1302 1488 119 47 nunc
1377 1488 119 47 quam
1451 1488 119 47 tunc
1525 1488 149 47 visuri
1630 1488 149 47 sumus.
1734 1488 134 47 alias
1823 1488 134 47 fidei
1912 1488 134 47 plene
2002 1488 104 47 non
2046 1488 179 47 succederet

1306 1524 125 57 visio
1389 1524 125 57 sicut
1472 1524 152 57 innuunt
1583 1524 194 57 communiter
1735 1524 125 57 verba
1818 1524 194 57 sanctorum:
1971 1524 97 57 nec
2026 1524 166 57 veniente
2137 1524 83 57 quod

1307 1567 192 62 perfectum
1455 1567 103 62 est
1514 1567 222 62 euacuaretur
1691 1567 118 62 quod
1765 1567 89 62 ex
1809 1567 133 62 parte
1898 1567 118 62 est:
1972 1567 89 62 vt
2016 1567 133 62 dicit
2090 1567 133 62 aposto.

1303 1615 66 52 â‹
1329 1615 92 52 hec
1382 1615 92 52 pro
1434 1615 118 52 certo
1513 1615 105 52 fuit
1578 1615 157 52 intentio
1696 1615 118 52 dicti
1775 1615 157 52 Doctores
1893 1615 144 52 nostri:
1998 1615 118 52 sicut
2077 1615 118 52 patet
2155 1615 92 52 per
2195 1615 52 52 qo

1312 1661 133 49 rationem
1412 1661 89 49 eius
1468 1661 67 49 ad
1501 1661 89 49 hanc
1557 1661 178 49 quaestionem:
1701 1661 111 49 infert
1779 1661 89 49 enim
1835 1661 89 49 quod
1890 1661 133 49 theormia
1990 1661 100 49 esset
2057 1661 133 49 infinita
2157 1661 67 49 si
2179 1661 67 49 ergo

1311 1700 130 58 haberet
1406 1700 95 58 deum
1465 1700 83 58 pro
1512 1700 142 58 subiecto
1619 1700 83 58 sub
1666 1700 118 58 aliqua
1749 1700 130 58 ratione
1844 1700 154 58 deitatis.
1962 1700 71 58 id
1998 1700 83 58 est
2045 1700 95 58 deum
2104 1700 154 58 inquantum
2211 1700 36 58 s

1308 1744 114 49 deum
1379 1744 171 49 absolute
1508 1744 143 49 absque
1607 1744 228 49 contractione
1793 1744 86 49 ad
1836 1744 143 49 aliqua
1936 1744 86 49 de
1978 1744 114 49 ipso
2035 1744 186 49 cognoscibi-

1308 1788 120 51 lia.
1383 1788 105 51 cum
1443 1788 90 51 vt
1487 1788 105 51 sic
1547 1788 179 51 infinite
1682 1788 194 51 veritates
1831 1788 120 51 sint
1906 1788 90 51 de
1951 1788 120 51 ipso
2011 1788 224 51 agnoscibiles:

1311 1834 115 55 quanto
1391 1834 92 55 enim
1448 1834 138 55 scientia
1552 1834 126 55 plurium
1643 1834 80 55 est
1689 1834 161 55 veritatum:
1816 1834 103 55 tanto
1885 1834 172 55 perfectior:
2022 1834 69 55 et
2057 1834 80 55 per
2091 1834 138 55 consequens

1312 1877 80 52 si
1352 1877 200 52 infinitarum
1512 1877 174 52 infinita:
1646 1877 107 52 quod
1712 1877 187 52 consequens
1859 1877 200 52 impossibile
2020 1877 187 52 reputauit.
2153 1877 67 52 Ego

1305 1925 125 46 autem
1388 1925 111 46 quia
1458 1925 97 46 non
1513 1925 208 46 simpliciter
1680 1925 139 46 reputo
1777 1925 208 46 impossibile
1944 1925 69 46 a
1971 1925 97 46 deo
2027 1925 139 46 creari
2110 1925 125 46 aliquam

1307 1966 173 54 infinitam
1440 1966 160 54 notitiam
1560 1966 80 54 de
1600 1966 147 54 seipso.
1706 1966 173 54 infinitam
1840 1966 133 54 inquam
1933 1966 93 54 non
1986 1966 213 54 simpliciter:
2159 1966 93 54 sed

1313 2007 79 53 in
1352 2007 131 53 specie
1444 2007 105 53 sua:
1509 2007 92 53 sed
1562 2007 131 53 vtique
1653 2007 196 53 impossibile
1810 2007 118 53 teneo
1889 2007 144 53 aliquam
1993 2007 131 53 creari
2085 2007 118 53 ipsum
2150 2007 79 53 con-

1310 2055 254 53 prehendentem:
1519 2055 134 53 sicut
1608 2055 134 53 omnis
1698 2055 164 53 fidelis
1817 2055 149 53 tenet.
1922 2055 164 53 idcirco
2041 2055 90 53 ad
2086 2055 134 53 istud
2160 2055 60 53 et

1314 2085 87 57 non
1363 2085 75 57 ad
1401 2085 112 57 illud
1476 2085 199 57 inconueniens
1638 2085 162 57 deducendo
1762 2085 199 57 conclusionem
1924 2085 150 57 probaui.
2037 2085 62 57 â‹
2061 2085 75 57 3a
2099 2085 162 57 conclusio

1312 2139 202 49 faciliter
1468 2139 233 49 declaratur.
1655 2139 109 49 Nam
1717 2139 93 49 vt
1764 2139 124 49 vult
1841 2139 140 49 Augu.
1935 2139 109 49 14.
1997 2139 93 49 de
2044 2139 124 49 tri.
2106 2139 140 49 theolo-

1314 2184 108 54 gia
1375 2184 92 54 ea
1421 2184 139 54 capit
1514 2184 92 54 in
1560 2184 108 54 sua
1621 2184 292 54 consideratione:
1868 2184 154 54 quibus
1975 2184 139 54 fides
2052 2184 185 54 saluberri-

1323 2235 87 44 ma
1367 2235 116 44 (que
1440 2235 87 44 ad
1483 2235 131 44 veram
1570 2235 232 44 beatitudinem
1759 2235 145 44 ducit)
1861 2235 174 44 gignitur
1991 2235 87 44 et
2035 2235 174 44 nutritur
2151 2235 87 44 etc.

1320 2276 86 45 Ex
1363 2276 100 45 quo
1420 2276 172 45 innuitur
1549 2276 114 45 quod
1620 2276 114 45 deus
1692 2276 100 45 sub
1749 2276 129 45 eadem
1835 2276 157 45 ratione
1949 2276 100 45 est
2006 2276 172 45 obiectum
2121 2276 114 45 theolo

1327 2319 81 48 gie
1374 2319 69 48 et
1408 2319 116 48 fidei:
1489 2319 69 48 ac
1524 2319 104 48 etiam
1593 2319 139 48 visionis
1697 2319 127 48 patrie.
1790 2319 69 48 et
1824 2319 81 48 per
1871 2319 162 48 consequens
1998 2319 139 48 secundum
2102 2319 104 48 illam
2160 2319 69 48 con-

1323 2353 181 57 tractionem
1465 2353 142 57 videtur
1569 2353 129 57 obiici
1659 2353 116 57 fidei
1737 2353 78 57 et
1776 2353 181 57 theologie:
1918 2353 155 57 secundum
2034 2353 103 57 quam
2086 2353 142 57 obiicitur

1325 2401 148 53 visioni
1432 2401 148 53 glorie:
1540 2401 81 53 et
1580 2401 94 53 cum
1634 2401 94 53 hoc
1688 2401 81 53 ad
1728 2401 121 53 illam
1809 2401 175 53 ordinetur
1943 2401 121 53 satis
2024 2401 148 53 congrue
2118 2401 108 53 potest

1329 2443 109 58 talis
1401 2443 169 58 contractio
1534 2443 84 58 per
1582 2443 109 58 illam
1655 2443 181 58 denominari:
1800 2443 72 58 vt
1836 2443 133 58 dicatur
1932 2443 157 58 inquantum
2053 2443 97 58 deus
2101 2443 121 58 glorifi-

1321 2497 118 42 cator
1400 2497 92 42 vel
1452 2497 210 42 beatificator
1622 2497 92 42 sit
1675 2497 170 42 subiectum
1806 2497 105 42 theo
1871 2497 105 42 mus.
1937 2497 92 42 cui
1989 2497 118 42 tamen
2068 2497 92 42 hoc
2120 2497 92 42 non
2159 2497 79 42 pla-

1328 2533 98 54 cet.
1389 2533 123 54 Aliter
1475 2533 111 54 tamen
1549 2533 148 54 exprimat
1660 2533 209 54 contractionem
1832 2533 111 54 illam
1906 2533 135 54 dummodo
2004 2533 148 54 fateatur
2115 2533 98 54 quod
2164 2533 62 54 non

1324 2574 171 52 inquantum
1456 2574 105 52 deus
1521 2574 171 52 absolute:
1653 2574 92 52 sed
1706 2574 171 52 contracte
1838 2574 92 52 sit
1890 2574 171 52 subiectum
2022 2574 184 52 theologie:
2154 2574 79 52 quia

1325 2617 92 55 nec
1377 2617 118 55 illud
1456 2617 105 55 ille
1521 2617 131 55 doctor
1613 2617 118 55 vult:
1692 2617 79 55 vt
1731 2617 131 55 patet.
1823 2617 79 55 3.
1862 2617 92 55 suo
1915 2617 131 55 quoli.
2006 2617 79 55 q.
2046 2617 79 55 2.
2085 2617 92 55 nec
2137 2617 118 55 aliud

1319 2658 104 75 ego
1378 2658 178 75 intendo.
1512 2658 74 75 â‹
1541 2658 148 75 Contra
1645 2658 133 75 tamen
1734 2658 119 75 hanc
1808 2658 193 75 opinionem
1956 2658 178 75 arguitur
2075 2658 163 75 multipli-

1317 2699 150 60 citer.
1422 2699 75 60 â‹
1452 2699 90 60 Et
1497 2699 135 60 primo
1587 2699 150 60 quidam
1692 2699 150 60 Doctor
1796 2699 165 60 arguit:
1916 2699 105 60 cui
1976 2699 150 60 opinio
2081 2699 90 60 in
2111 2699 135 60 praece-

1318 2753 152 51 denti
1419 2753 202 51 articulo
1571 2753 118 51 est
1639 2753 219 51 reprobata
1807 2753 186 51 duplici
1942 2753 135 51 via.
2027 2753 152 51 Primo
2111 2753 135 51 quidem

1329 2795 192 52 pstendendo
1480 2795 109 52 quod
1548 2795 109 52 deus
1617 2795 96 52 sub
1671 2795 151 52 ratione
1781 2795 164 52 deitatis
1904 2795 96 52 est
1959 2795 178 52 subiectum
2082 2795 164 52 theologie.

1378 2839 126 60 primo
1462 2839 112 60 sic.
1532 2839 98 60 sub
1588 2839 112 60 illa
1658 2839 154 60 ratione
1770 2839 112 60 deus
1840 2839 98 60 est
1896 2839 182 60 subiectum
2036 2839 140 60 primum
2120 2839 126 60 theoms.

1322 2886 104 46 sub
1382 2886 104 46 qua
1441 2886 179 46 continet
1576 2886 134 46 primo
1665 2886 224 46 virtualiter
1844 2886 194 46 veritates
1993 2886 179 46 scibiles
2128 2886 90 46 de
2157 2886 90 46 deo:

1329 2924 123 54 usmodi
1415 2924 86 54 est
1464 2924 111 54 ratio
1538 2924 123 54 diuine
1625 2924 160 54 essentie.
1748 2924 136 54 igitur.
1846 2924 111 54 maior
1920 2924 86 54 (vt
1970 2924 123 54 dicit)
2056 2924 111 54 patet
2130 2924 74 54 ex
2155 2924 86 54 prius

1319 2974 136 47 dictis
1415 2974 95 47 per
1469 2974 95 47 eum
1523 2974 82 47 in
1564 2974 190 47 quaestione
1714 2974 122 47 illa.
1795 2974 122 47 minor
1877 2974 177 47 probatur.
2013 2974 109 47 quia
2081 2974 122 47 ratio
2149 2974 95 47 essen

1326 3014 99 56 tie
1382 3014 99 56 est
1439 3014 141 56 prima.
1537 3014 85 56 et
1580 3014 141 56 cetere
1678 3014 211 56 posteriores
1847 3014 127 56 quasi
1932 3014 226 56 proprietates
2115 3014 85 56 et
2143 3014 99 56 acci
