2449 3548
327 234 179 74 contracte
465 234 83 74 vt
506 234 138 74 dictum
603 234 110 74 est.
672 234 110 74 alis
741 234 97 74 non
796 234 179 74 nobiliori
934 234 110 74 modo
1003 234 207 74 obiiceretur
1154 234 97 74 nobi-

333 289 95 66 liori
397 289 126 66 scientie
491 289 126 66 scilicet
586 289 126 66 scientie
681 289 84 66 dei:
734 289 84 66 quam
786 289 95 66 minus
850 289 105 66 nobili
923 289 126 66 scilicet
1018 289 116 66 create:
1103 289 95 66 cuius
1155 289 95 66 opposi-

327 333 99 70 tum
383 333 155 70 assumit
496 333 141 70 ratio:
595 333 99 70 hac
652 333 127 70 tamen
737 333 226 70 contractione
920 333 99 70 non
977 333 170 70 obstante
1090 333 155 70 nobiliori

330 378 113 68 modo
401 378 184 68 obiicitur
542 378 198 68 theomirie:
697 378 113 68 quam
768 378 184 68 metaphyce
910 378 99 68 vel
966 378 113 68 alii
1037 378 156 68 habitui
1136 378 127 68 hbuano:

331 429 93 56 qui
384 429 120 56 illis
464 429 80 56 si
504 429 173 56 obiicitur
637 429 93 56 sub
691 429 147 56 ratione
798 429 160 56 deitatis
918 429 173 56 obiicitur
1051 429 93 56 cum
1104 429 133 56 maiori
1184 429 67 56 re-

341 461 225 62 strictione:
521 461 105 62 cum
581 461 150 62 nullus
685 461 135 62 alius
775 461 105 62 tot
835 461 195 62 veritates
985 461 90 62 de
1030 461 105 62 deo
1074 461 180 62 consideret

333 507 112 69 quot
403 507 196 69 theolomia.
557 507 84 69 Et
599 507 84 69 ex
641 507 98 69 hoc
697 507 126 69 patet
781 507 84 69 ad
824 507 266 69 confirmationem.
1048 507 70 69 ⁋
1076 507 84 69 Ad
1118 507 126 69 xmtum
1188 507 70 69 di-

331 551 134 72 cendum
425 551 107 72 quod
492 551 121 72 false
572 551 161 72 imaginat
693 551 81 72 de
733 551 107 72 illa
801 551 148 72 ratione
908 551 255 72 glorificatoris:
1123 551 121 72 sicut
1203 551 81 72 et

342 597 96 58 alie
402 597 203 58 praecedentes.
569 597 60 58 ⁋
593 597 72 58 Ad
629 597 179 58 principalem
773 597 96 58 nego
832 597 179 58 antecedens.
976 597 72 58 et
1012 597 144 58 vlterius
1119 597 108 58 dico:
1179 597 72 58 quod

346 639 111 62 simplex
427 639 101 62 potest
497 639 81 62 esse
547 639 121 62 obiectum
638 639 131 62 scientie.
739 639 60 62 Et
769 639 71 62 cum
810 639 121 62 probatur
900 639 101 62 primo.
971 639 81 62 quia
1021 639 111 62 oportet
1102 639 81 62 quod
1142 639 111 62 subiectum

333 682 147 62 aliquo
436 682 117 62 modo
509 682 103 62 sit
568 682 147 62 notum:
671 682 88 62 et
715 682 147 62 aliquo
818 682 117 62 modo
891 682 176 62 ignotum.
1023 682 117 62 Dico
1097 682 132 62 illud
1170 682 88 62 esse

335 729 125 57 verum
419 729 84 57 de
460 729 153 57 notitia
572 729 181 57 complexa:
711 729 97 57 que
767 729 97 57 est
822 729 195 57 affirmatio
976 729 97 57 vel
1031 729 167 57 negatio:
1157 729 84 57 et
1184 729 70 57 ta-

339 771 122 64 liter
421 771 176 64 contingit
556 771 149 64 simplex
664 771 108 64 esse
732 771 122 64 notum
813 771 81 64 et
854 771 162 64 ignotum.
976 771 95 64 hoc
1030 771 108 64 est.
1098 771 135 64 potest
1179 771 81 64 ali-

341 813 100 69 quid
403 813 113 69 sciri
478 813 75 69 de
516 813 100 69 ipso
578 813 75 69 et
616 813 138 69 aliquid
716 813 163 69 ignorari.
841 813 125 69 Dictum
928 813 113 69 autem
1003 813 175 69 philosophi
1128 813 125 69 intelli-

349 866 133 58 gendum
442 866 93 58 est
495 866 80 58 de
535 866 147 58 notitia
642 866 213 58 diffinitiua:
816 866 107 58 quae
882 866 93 58 non
936 866 93 58 est
989 866 200 58 affirmatiso
1149 866 93 58 vel
1189 866 67 58 ne-

339 899 144 66 gatio:
439 899 130 66 sicut
526 899 130 66 clare
612 899 130 66 patet
699 899 101 66 per
757 899 245 66 Commentatorem
958 899 159 66 ibidem.
1074 899 101 66 Cum
1131 899 115 66 enim
1189 899 72 66 non

350 947 134 56 omneat
443 947 134 56 partem
537 947 80 56 et
577 947 134 56 partem
671 947 94 56 non
724 947 134 56 potest
818 947 107 56 pars
885 947 174 56 cognosci:
1019 947 80 56 et
1059 947 107 56 pars
1113 947 147 56 ignorari:

347 987 108 62 sicut
419 987 72 62 in
455 987 108 62 rebus
527 987 180 62 compositis.
671 987 60 62 ⁋
695 987 72 62 Ad
731 987 108 62 aliam
803 987 180 62 probationem
948 987 144 62 dicendum
1056 987 96 62 quod
1104 987 156 62 philosophus

339 1032 93 67 non
392 1032 159 67 absolute
511 1032 119 67 dicit
591 1032 80 67 in
631 1032 199 67 simplicibus
790 1032 93 67 non
843 1032 106 67 esse
909 1032 199 67 quaestionem
1068 1032 119 67 neque
1135 1032 119 67 doctri-

338 1077 109 62 nam:
406 1077 95 62 sed
461 1077 82 62 de
502 1077 190 62 quaestione
651 1077 150 62 propter
760 1077 122 62 quid:
841 1077 95 62 que
896 1077 136 62 querit
991 1077 204 62 quiditatem:
1154 1077 82 62 ad
1181 1077 82 62 quam

346 1119 194 56 respondetur
502 1119 117 56 causa
579 1119 155 56 formalis
696 1119 78 56 de
735 1119 143 56 materia
838 1119 91 56 vel
890 1119 104 56 alia
955 1119 117 56 causa
1033 1119 117 56 forme
1110 1119 78 56 in
1136 1119 117 56 materia

345 1164 131 56 sicut
433 1164 131 56 agens
520 1164 87 56 et
563 1164 145 56 finis:
665 1164 102 56 que
723 1164 87 56 in
766 1164 218 56 simplicibus
941 1164 218 56 substantiis
1115 1164 102 56 non
1158 1164 102 56 conue

333 1208 138 58 niunt.
430 1208 97 58 Sed
485 1208 124 58 tamen
568 1208 124 58 alius
650 1208 124 58 modus
733 1208 207 58 quaestionis
899 1208 193 58 reliquitur
1050 1208 124 58 circa
1119 1208 138 58 substan-

346 1252 107 58 tias
413 1252 174 58 simplices
547 1252 94 58 qui
600 1252 161 58 sufficit
721 1252 80 58 ad
761 1252 188 58 scientiam.
909 1252 107 58 Unde
976 1252 121 58 verba
1056 1252 188 58 philosophi
1190 1252 67 58 vbi

340 1294 180 65 allegant
475 1294 120 65 sunt
550 1294 135 65 ista.
640 1294 135 65 Palam
730 1294 120 65 ergo
805 1294 165 65 quoniam
926 1294 90 65 in
971 1294 225 65 simplicibus
1151 1294 105 65 non
1196 1294 75 65 est

346 1341 154 58 quaestio
462 1341 115 58 neque
538 1341 167 58 doctrina.
667 1341 90 58 Sed
718 1341 115 58 alter
795 1341 115 58 modus
872 1341 192 58 quaestionis
1025 1341 141 58 talium.
1128 1341 103 58 ecce
1179 1341 77 58 quod

337 1385 141 51 alique
436 1385 127 51 modum
520 1385 211 51 quaestionis
689 1385 127 51 dicit
774 1385 113 51 esse
844 1385 127 51 circa
929 1385 197 51 simplicia.
1084 1385 155 51 aliquem
1182 1385 85 51 vero

341 1426 118 60 negat
419 1426 157 60 scilicet
537 1426 118 60 illum
616 1426 79 60 de
655 1426 92 60 quo
707 1426 170 60 immediate
838 1426 144 60 locutus
943 1426 105 60 est:
1008 1426 79 60 et
1048 1426 105 60 ille
1113 1426 92 60 est
1165 1426 79 60 de
1192 1426 65 60 quo

337 1476 162 47 dictum
450 1476 129 47 est.
531 1476 129 47 Unde
612 1476 243 47 Commentator
806 1476 162 47 ibidem
919 1476 194 47 exposito
1065 1476 162 47 dicit.
1162 1476 97 47 Mani

354 1509 133 63 festum
447 1509 93 63 est
500 1509 106 63 quod
566 1509 80 63 in
606 1509 119 63 rebus
685 1509 199 63 simplicibus
845 1509 93 63 non
898 1509 186 63 compositis
1044 1509 93 63 non
1097 1509 159 63 queritur
1203 1509 66 63 per

354 1556 109 65 quare
426 1556 84 65 nec
475 1556 84 65 per
523 1556 109 65 quid:
595 1556 84 65 sed
644 1556 145 65 quaestio
752 1556 72 65 in
788 1556 109 65 istis
861 1556 97 65 alio
921 1556 97 65 modo
981 1556 109 65 erit:
1054 1556 72 65 et
1090 1556 97 65 idem
1150 1556 109 65 dicit
1211 1556 48 65 co

332 1598 127 61 mento
416 1598 225 61 praecedente.
599 1598 211 61 Confirmatur
768 1598 84 61 ex
810 1598 197 61 intentione
965 1598 169 61 eorumdem
1091 1598 98 61 qui
1147 1598 127 61 plura
1218 1598 56 61 in

348 1650 124 47 1i2.
425 1650 139 47 meta.
517 1650 185 47 nituntur
657 1650 93 47 de
703 1650 232 47 simplicibus
888 1650 247 47 demonstrare.
1089 1650 77 47 ⁋
1120 1650 93 47 Ad
1151 1650 108 47 aliam

359 1686 167 60 probationem
493 1686 190 60 antecedentis.
649 1686 78 60 cum
694 1686 123 60 dicitur
783 1686 89 60 quod
839 1686 112 60 nullum
917 1686 145 60 singulare
1028 1686 112 60 potest
1107 1686 89 60 esse
1151 1686 123 60 subiectum

347 1731 154 53 scientie.
466 1731 107 53 nego.
537 1731 59 53 ⁋
561 1731 71 53 Ad
597 1731 119 53 primam
680 1731 190 53 probationem:
834 1731 143 53 dicendum
941 1731 95 53 quod
1001 1731 83 53 non
1048 1731 83 53 est
1096 1731 154 53 necessium
1203 1731 71 53 quod

352 1772 158 55 subiectum
474 1772 146 55 scientie
583 1772 122 55 habeat
669 1772 122 55 partes
754 1772 195 55 subiectiuas.
913 1772 85 55 nec
961 1772 110 55 istud
1034 1772 110 55 dicit
1095 1772 171 55 philosophus:

356 1824 88 54 sed
407 1824 101 54 vult
470 1824 101 54 quod
532 1824 113 54 vnius
608 1824 163 54 scientiae
734 1824 126 54 genere
822 1824 88 54 est
872 1824 189 54 considerare
1023 1824 163 54 subiectum
1148 1824 75 54 et
1173 1824 101 54 partes

351 1858 114 62 eius
422 1858 142 62 supple
521 1858 85 62 si
564 1858 128 62 habet
649 1858 156 62 partes.
763 1858 71 62 ⁋
791 1858 85 62 Ad
834 1858 128 62 aliam
919 1858 99 62 qua
976 1858 170 62 probatur
1104 1858 85 62 de
1132 1858 128 62 singula

354 1912 128 55 ribus
439 1912 100 55 non
496 1912 114 55 esse
567 1912 199 55 scientiam.
724 1912 114 55 dico
795 1912 100 55 hoc
852 1912 114 55 esse
923 1912 242 55 intelligendum
1123 1912 85 55 de
1151 1912 114 55 singu-

356 1955 144 47 laribus
461 1955 223 47 corporalibus:
644 1955 79 47 vt
683 1955 118 47 patet
762 1955 79 47 ex
801 1955 105 47 tex.
867 1955 183 47 manifeste.
1011 1955 79 47 et
1050 1955 92 47 hoc
1103 1955 118 47 tamen
1168 1955 92 47 requi

357 1989 98 65 rit
413 1989 125 65 sanum
496 1989 209 65 intellectum
664 1989 98 65 qui
719 1989 125 65 dicet
803 1989 139 65 alibi:
901 1989 84 65 de
942 1989 209 65 incorporali
1110 1989 125 65 autem
1179 1989 84 65 sin-

346 2034 134 65 gulari
439 2034 120 65 posse
520 2034 107 65 esse
587 2034 174 65 scientiam
720 2034 94 65 non
774 2034 120 65 negat
854 2034 214 65 philosophus:
1028 2034 161 65 quinimmo
1135 2034 134 65 concede-

341 2086 132 46 ret:
424 2086 116 46 cum
490 2086 132 46 ipse
573 2086 99 46 de
623 2086 116 46 deo
689 2086 149 46 multa
788 2086 182 46 conetur
921 2086 248 46 demonstrare
1119 2086 99 46 in
1152 2086 116 46 diuer

341 2131 173 54 sis
440 2131 222 54 locis
588 2131 394 54 philosophie.
908 2131 173 54 Qo.
1007 2131 123 54 I
1032 2131 246 54 Prologi.

539 2159 151 102 timo
633 2159 170 102 circa
746 2159 226 102 prologum
916 2159 188 102 quero.
1048 2159 170 102 Utrum
1142 2159 113 102 theo

734 2209 111 56 sit
797 2209 190 56 practica
940 2209 111 56 vel
1003 2209 253 56 speculatiua.
1193 2209 79 56 Ar-

525 2247 145 72 guitur
626 2247 116 72 quod
698 2247 232 72 speculatiua.
887 2247 116 72 Quia
959 2247 130 72 omnis
1046 2247 159 72 habitus
1162 2247 101 72 qui
1206 2247 72 72 est

528 2305 106 58 gratia
603 2305 85 58 sui:
656 2305 75 58 est
699 2305 181 58 speculatiuus:
848 2305 85 58 theo
901 2305 85 58 mida
954 2305 75 58 est
997 2305 138 58 huiusmodi
1103 2305 117 58 igitur.
1178 2305 85 58 Magist

519 2337 120 64 lior
594 2337 135 64 patet
684 2337 90 64 ex
730 2337 180 64 prohemio
865 2337 211 64 metaphyce.
1030 2337 135 64 Minor
1106 2337 165 64 probatur.

360 2391 99 59 qui
416 2391 99 59 cum
473 2391 155 59 habitus
586 2391 99 59 qui
642 2391 113 59 sunt
713 2391 141 59 gratia
811 2391 99 59 sui
868 2391 113 59 sint
938 2391 198 59 nobiliores
1094 2391 99 59 his
1150 2391 99 59 qui
1192 2391 85 59 sunt

359 2429 132 60 propter
455 2429 120 60 aliud:
539 2429 72 60 vt
575 2429 120 60 ibidem
659 2429 120 60 patet:
743 2429 72 60 si
779 2429 144 60 theomida
887 2429 84 60 non
935 2429 108 60 esset
1007 2429 120 60 gratia
1091 2429 96 60 sui:
1151 2429 108 60 alius
1211 2429 60 60 ha-

359 2469 146 66 bitus:
462 2469 117 66 puta
535 2469 234 66 metaphysica:
725 2469 102 66 que
783 2469 146 66 vtique
885 2469 146 66 gratia
987 2469 102 66 sui
1046 2469 117 66 est:
1119 2469 88 66 vt
1148 2469 117 66 ibidem

362 2524 95 52 vult
421 2524 189 52 philosophus:
575 2524 106 52 esset
646 2524 142 52 nobilior
753 2524 95 52 quam
812 2524 154 52 theomida:
930 2524 95 52 quod
989 2524 83 52 est
1025 2524 177 52 inconueniens.

375 2560 89 56 Ad
420 2560 194 56 oppositum
569 2560 134 56 omnis
658 2560 164 56 habitus
777 2560 104 56 quo
837 2560 119 56 vult
911 2560 119 56 quis
986 2560 134 56 scire
1075 2560 89 56 et
1120 2560 134 56 habet
1195 2560 74 56 pro

366 2600 106 65 fine
432 2600 160 65 virtuose
552 2600 146 65 operari
658 2600 93 65 est
711 2600 186 65 practicus:
858 2600 120 65 patet
938 2600 146 65 ibidem:
1044 2600 93 65 sed
1097 2600 160 65 theomida
1204 2600 66 65 est

368 2641 144 60 hosmon.
473 2641 118 60 iuxta
552 2641 131 60 illud.
644 2641 92 60 Ia.
696 2641 131 60 Estote
788 2641 158 60 factores
906 2641 118 60 verbi
985 2641 92 60 non
1038 2641 171 60 auditores
1156 2641 118 60 tantum.

381 2685 95 68 In
429 2685 222 68 questione.
603 2685 95 68 4.
651 2685 143 68 erunt
746 2685 206 68 articuli.
904 2685 95 68 In
952 2685 143 68 primo
1047 2685 206 68 videbitur
1190 2685 79 68 que

356 2733 175 62 operatio
487 2733 160 62 proprie
604 2733 160 62 dicitur
720 2733 145 62 praxis
822 2733 73 62 a
851 2733 102 62 qua
909 2733 160 62 habitus
1026 2733 233 62 scientificus
1200 2733 73 62 vel

367 2783 126 53 alius
451 2783 182 53 practicus
591 2783 224 53 denominatur.
772 2783 84 53 2o
814 2783 98 53 que
870 2783 154 53 notitia
982 2783 154 53 proprie
1093 2783 154 53 dicitur
1191 2783 84 53 pra-

370 2816 131 64 ctica:
462 2816 79 64 et
501 2816 92 64 que
553 2816 209 64 speculatiua:
723 2816 79 64 et
763 2816 105 64 quis
828 2816 144 64 habitus
933 2816 144 64 dicitur
1037 2816 144 64 proprie
1129 2816 144 64 practicus

359 2865 154 59 quisue
466 2865 261 59 speculatiuus.
681 2865 92 59 3o
728 2865 92 59 de
774 2865 246 59 distinctione
974 2865 215 59 extrinseca
1127 2865 154 59 habituum

368 2903 264 69 speculatiuorum
589 2903 88 69 et
633 2903 220 69 practicorum
809 2903 132 69 vtrum
897 2903 250 69 distinguantur
1103 2903 132 69 penes
1176 2903 103 69 obie-

365 2950 109 63 cta
428 2950 109 63 vel
490 2950 141 63 fines
584 2950 109 63 vel
647 2950 125 63 quo.
725 2950 94 63 4o
772 2950 125 63 vero
850 2950 94 63 de
897 2950 219 63 principali
1053 2950 156 63 quesito.

319 2986 193 123 Quantum
460 2986 105 123 ad
513 2986 176 123 primum
636 2986 141 123 dico
724 2986 141 123 quod
812 2986 158 123 sicut
917 2986 158 123 patet
1022 2986 123 123 per
1075 2986 211 123 eustracium

644 3041 144 74 primo
740 3041 208 74 ethicorum
900 3041 160 74 praxis
1011 3041 96 74 in
1059 3041 144 74 greco
1139 3041 144 74 dicitur

1305 224 124 67 actus
1388 224 83 67 in
1429 224 151 67 latino.
1539 224 83 67 Et
1580 224 179 67 accipitur
1718 224 124 67 actus
1801 224 96 67 non
1856 224 96 67 pro
1911 224 110 67 actu
1979 224 138 67 primo:
2076 224 96 67 sed
2131 224 83 67 2o
2158 224 69 67 qui

1304 277 146 61 communi
1410 277 132 61 nomine
1502 277 146 61 vocatur
1608 277 172 61 operatio.
1741 277 146 61 Quamuis
1846 277 159 61 secundum
1966 277 132 61 alique
2058 277 106 61 vsum
2111 277 106 61 aucto-

1301 318 84 58 rum
1349 318 156 58 aliquando
1469 318 144 58 operatio
1577 318 168 58 accipiatur
1709 318 144 58 praecise
1818 318 84 58 pro
1866 318 96 58 actu
1926 318 144 58 potentie
2034 318 156 58 executiue
2142 318 84 58 impe-

1305 364 113 57 rato
1375 364 70 57 a
1403 364 197 57 voluntate:
1558 364 127 57 sicut
1643 364 99 57 cum
1699 364 197 57 distinguit
1854 364 127 57 inter
1938 364 127 57 scire
2023 364 141 57 velle:
2121 364 84 57 et
2150 364 70 57 ope

1302 408 133 56 rari.
1391 408 89 56 In
1436 408 163 56 talibus
1554 408 119 56 enim
1628 408 237 56 locutionibus
1821 408 104 56 nec
1880 408 133 56 scire
1969 408 104 56 nec
2028 408 133 56 velle
2102 408 119 56 dicun-

1301 451 93 64 tur
1354 451 212 64 operationes:
1526 451 93 64 cum
1578 451 119 64 tamen
1658 451 106 64 sint
1724 451 119 64 actus
1803 451 159 64 secundi.
1922 451 119 64 Sicut
2001 451 132 64 igitur
2094 451 119 64 actus
2160 451 53 64 et

1306 492 158 61 operatio
1425 492 185 61 communiter
1570 492 132 61 sumpta
1662 492 145 61 possunt
1768 492 225 61 multipliciter
1953 492 145 61 accipi.
2059 492 92 61 sic
2111 492 79 61 et
2138 492 79 61 pra-

1303 542 124 57 xis.
1381 542 78 57 ⁋
1412 542 186 57 Dimissis
1552 542 140 57 autem
1645 542 140 57 aliis
1738 542 264 57 acceptionibus
1955 542 93 57 et
2002 542 171 57 sumendo
2110 542 109 57 actum

1305 582 85 61 vt
1347 582 85 61 ab
1390 582 85 61 eo
1433 582 156 61 habitus
1546 582 156 61 dicitur
1660 582 170 61 actiuus:
1788 582 99 61 vel
1845 582 170 61 operatio
1972 582 85 61 vt
2015 582 85 61 ab
2058 582 85 61 ea
2086 582 128 61 habitus

1295 626 137 58 dicitur
1394 626 187 58 operatiuus:
1543 626 87 58 vel
1593 626 124 58 praxis
1680 626 149 58 secundum
1792 626 100 58 quam
1854 626 137 58 dicitur
1954 626 162 58 practicus
2078 626 100 58 quae
2128 626 87 58 omnes

1298 670 267 58 denominationes
1521 670 149 58 eiusde
1625 670 119 58 sunt
1699 670 297 58 significationis.
1952 670 74 58 ⁋
1981 670 119 58 Dico
2056 670 119 58 quod
2115 670 119 58 praxis

1313 707 120 67 potest
1397 707 167 67 dupliciter
1528 707 132 67 accipi.
1624 707 84 67 Uno
1672 707 96 67 modo
1732 707 167 67 communiter
1863 707 108 67 prout
1935 707 144 67 quilibet
2043 707 132 67 habitus
2126 707 108 67 actiuus

1304 769 95 49 vel
1359 769 162 49 factiuus
1480 769 122 49 (siue
1561 769 230 49 scientificus:
1750 769 108 49 siue
1818 769 108 49 non)
1885 769 149 49 dicitur
1993 769 176 49 practicus
2128 769 68 49 a
2142 769 81 49 pra-

1303 794 94 68 xi.
1356 794 67 68 ⁋
1383 794 107 68 Alio
1450 794 107 68 modo
1517 794 201 68 specialiter
1678 794 121 68 prout
1759 794 134 68 tantum
1852 794 148 68 habitus
1960 794 161 68 actiuus:
2067 794 161 68 distinguen

1305 844 85 54 do
1347 844 127 54 ipsum
1432 844 141 54 contra
1531 844 170 54 factiuum
1658 844 156 54 dicitur
1772 844 198 54 practicus:
1927 844 127 54 sicut
2012 844 127 54 actus
2097 844 85 54 et
2125 844 99 54 actio

1306 886 223 59 distinguuntur
1490 886 131 59 contra
1582 886 184 59 factionem.
1726 886 79 59 6.
1765 886 184 59 ethicorum.
1910 886 79 59 vt
1949 886 131 59 statim
2041 886 158 59 dicetur.
2159 886 66 59 ⁋
2185 886 79 59 Si

1305 939 124 57 primo
1388 939 124 57 modo:
1471 939 97 57 cum
1526 939 124 57 tales
1609 939 152 57 habitus
1720 939 124 57 solum
1803 939 83 57 in
1844 939 166 57 homnibus
1968 939 193 57 generentur
2107 939 124 57 quamuis

1304 974 121 59 deus
1380 974 91 59 et
1425 974 152 59 angeli
1531 974 167 59 habeant
1653 974 91 59 de
1698 974 137 59 rebus
1789 974 197 59 practicam
1941 974 182 59 notitia)
2077 974 121 59 Dico
2138 974 91 59 quod

1306 1029 127 49 omnis
1391 1029 169 49 operatio
1518 1029 169 49 existens
1645 1029 85 49 in
1687 1029 183 49 potestate
1828 1029 141 49 nostra
1927 1029 99 49 est
1983 1029 155 49 praxis.
2096 1029 99 49 Ita
2138 1029 85 49 quod

1299 1065 212 54 descriptio
1465 1065 151 54 praxis
1571 1065 91 54 (a
1617 1065 106 54 qua
1677 1065 166 54 aliquis
1798 1065 166 54 habitus
1919 1065 166 54 dicitur
2040 1065 212 54 practicus)

1299 1107 95 63 sit
1354 1107 162 63 operatio
1475 1107 162 63 existens
1597 1107 81 63 in
1638 1107 135 63 homnis
1732 1107 189 63 potestate:
1881 1107 95 63 hoc
1935 1107 162 63 probatur
2057 1107 149 63 statim:
2152 1107 81 63 quia

1309 1157 125 52 omnis
1393 1157 167 52 operatio
1518 1157 70 52 a
1546 1157 97 52 qua
1601 1157 153 52 habitus
1713 1157 153 52 aliquis
1824 1157 153 52 dicitur
1936 1157 181 52 practicus
2075 1157 153 52 existit
2172 1157 56 52 in

1301 1193 176 66 potestate
1437 1193 176 66 operantis
1572 1193 162 66 secundum
1693 1193 162 66 habitum.
1815 1193 176 66 Inductiue
1950 1193 135 66 patet.
2044 1193 81 66 Et
2071 1193 149 66 probatur.

1303 1245 165 51 ratione:
1427 1245 152 51 quoniam
1537 1245 165 51 quilibet
1661 1245 152 51 habitus
1772 1245 179 51 practicus
1909 1245 152 51 dirigit
2019 1245 83 51 ad
2047 1245 179 51 operationem

1307 1282 67 63 a
1333 1282 94 63 qua
1387 1282 148 63 dicitur
1494 1282 134 63 talis.
1588 1282 121 63 Circa
1669 1282 134 63 nullam
1763 1282 121 63 autem
1843 1282 188 63 operatione
1991 1282 94 63 non
2044 1282 188 63 existentem
2178 1282 54 63 in

1317 1329 187 51 potestate
1461 1329 130 51 cadit
1547 1329 187 51 directio.
1691 1329 144 51 igitur
1792 1329 130 51 omnis
1878 1329 144 51 praxis
1979 1329 101 51 est
2036 1329 173 51 operatio
2152 1329 86 51 exi-

1305 1368 135 59 stens
1395 1368 90 59 in
1440 1368 196 59 potestate
1591 1368 166 59 nostra.
1711 1368 196 59 Econuerso
1862 1368 135 59 etiam
1952 1368 135 59 omnis
2042 1368 181 59 operatio
2163 1368 75 59 exi

1315 1418 122 55 stens
1397 1418 81 55 in
1437 1418 176 55 potestate
1572 1418 135 55 nostra
1667 1418 95 55 est
1721 1418 149 55 praxis.
1829 1418 135 55 Qoniam
1924 1418 122 55 circa
2005 1418 189 55 quamcumque
2140 1418 95 55 opera

1310 1457 149 62 tionem
1414 1457 149 62 potest
1519 1457 149 62 haberi
1623 1457 179 62 dictamen
1757 1457 194 62 practicum
1906 1457 104 62 seu
1965 1457 164 62 notitia
2069 1457 164 62 practica:

1311 1501 85 55 et
1353 1501 156 55 habitus
1467 1501 199 55 practicus:
1624 1501 114 55 ipsa
1695 1501 100 55 est
1752 1501 156 55 praxis.
1865 1501 185 55 huiusmodi
2008 1501 100 55 est
2064 1501 128 55 omnis
2135 1501 100 55 opera

1315 1543 95 58 tio
1370 1543 163 58 existens
1492 1543 81 58 in
1533 1543 136 58 nostra
1628 1543 190 58 potestate:
1777 1543 149 58 quoniam
1886 1543 176 58 quodlibet
2021 1543 109 58 tale
2076 1543 149 58 contingit

1310 1592 124 56 agere
1393 1592 83 56 et
1434 1592 97 56 non
1490 1592 138 56 agere.
1586 1592 83 56 et
1628 1592 166 56 vtrumque
1752 1592 138 56 aliter
1849 1592 83 56 et
1890 1592 152 56 aliter:
2000 1592 83 56 ac
2042 1592 97 56 per
2097 1592 97 56 hoc
2152 1592 83 56 de
2180 1592 55 56 ea

1322 1630 135 56 potest
1416 1630 162 56 iudicari
1538 1630 162 56 qualiter
1659 1630 95 56 sit
1713 1630 135 56 agenda
1808 1630 95 56 vel
1862 1630 95 56 non
1916 1630 149 56 agenda.
2024 1630 68 56 ⁋
2051 1630 81 56 Si
2091 1630 122 56 autem
2159 1630 68 56 ve-

1317 1673 109 62 limus
1390 1673 170 62 describere
1523 1673 121 62 praxim
1608 1673 170 62 communius:
1741 1673 73 62 vt
1778 1673 158 62 videlibet
1899 1673 109 62 etiam
1971 1673 218 62 comprehendatur
2141 1673 85 62 omnis

1325 1718 140 64 operatio
1431 1718 140 64 secundum
1536 1718 94 64 quam
1594 1718 129 64 notitia
1688 1718 82 64 dei
1734 1718 82 64 vel
1781 1718 117 64 angeli
1863 1718 129 64 dicitur
1956 1718 152 64 practica:
2073 1718 117 64 potest
2155 1718 105 64 dici:

1326 1775 90 50 quod
1382 1775 113 50 praxis
1461 1775 79 50 est
1506 1775 135 50 oporitio
1607 1775 135 50 existens
1709 1775 68 50 in
1742 1775 146 50 operantis
1855 1775 158 50 potestate.
1979 1775 68 50 et
2013 1775 135 50 secundum
2114 1775 79 50 hoc
2148 1775 90 50 opera-

1328 1807 128 54 tiones
1418 1807 193 54 creaturarum
1572 1807 193 54 naturaliter
1726 1807 167 54 agentium:
1855 1807 90 54 que
1906 1807 128 54 vtique
1996 1807 103 54 sunt
2060 1807 116 54 etiam
2124 1807 116 54 partia-

1328 1850 105 58 iter
1393 1850 197 58 operationes
1551 1850 105 58 dei:
1616 1850 92 58 cum
1669 1850 105 58 sint
1734 1850 79 58 in
1773 1850 170 58 potestate
1904 1850 92 58 dei
1957 1850 170 58 operantis
2088 1850 118 58 erunt
2153 1850 79 58 pra-

1320 1897 90 56 xes
1371 1897 166 56 inquantum
1499 1897 102 56 sunt
1563 1897 102 56 dei:
1627 1897 115 56 licem
1704 1897 90 56 non
1755 1897 166 56 inquantum
1883 1897 102 56 sunt
1947 1897 192 56 oporitiones
2088 1897 141 56 creatura-

1322 1935 100 65 rum
1379 1935 157 65 talium.
1493 1935 71 65 ⁋
1521 1935 86 65 Si
1564 1935 114 65 vero
1635 1935 157 65 sumatur
1749 1935 143 65 praxis
1849 1935 86 65 2o
1892 1935 114 65 modo
1963 1935 86 65 vt
2006 1935 157 65 habitus
2106 1935 128 65 practi-

1319 1980 95 60 cus
1374 1980 218 60 distinguitur
1551 1980 136 60 contra
1647 1980 177 60 factiuum.
1783 1980 136 60 potest
1879 1980 95 60 sic
1933 1980 177 60 describi.
2070 1980 68 60 ⁋
2097 1980 136 60 Praxis
2179 1980 68 60 est

1322 2022 112 57 actio
1396 2022 150 57 existens
1508 2022 75 57 in
1546 2022 162 57 potestate
1670 2022 137 57 sumendo
1770 2022 150 57 actionem
1882 2022 162 57 distincte
2007 2022 125 57 contra
2082 2022 150 57 factionem:

1317 2065 134 62 secundum
1417 2065 89 62 quod
1473 2065 167 62 philosophus
1607 2065 112 62 sumit.
1685 2065 67 62 6.
1718 2065 156 62 ethicorum.
1841 2065 78 62 vbi
1886 2065 89 62 ait.
1942 2065 179 62 Contingentis
2087 2065 100 62 autem
2154 2065 112 62 aliter
2221 2065 33 62 e

1314 2109 79 61 se
1353 2109 132 61 habere
1445 2109 92 61 est
1498 2109 145 61 aliquid
1603 2109 171 61 factibile
1735 2109 79 61 et
1774 2109 145 61 aliquid
1880 2109 158 61 agibile:
1998 2109 145 61 alterum
2103 2109 118 61 autem
2169 2109 66 61 est

1311 2158 127 52 actio
1395 2158 84 52 et
1437 2158 155 52 factio.
1550 2158 169 52 credimus
1677 2158 127 52 autem
1761 2158 84 52 de
1803 2158 127 52 ipsis
1887 2158 84 52 et
1930 2158 225 52 exterioribus
2098 2158 141 52 rationi-

1317 2198 109 62 bus:
1386 2198 123 62 quare
1468 2198 82 62 et
1509 2198 96 62 cum
1564 2198 151 62 ratione
1673 2198 151 62 habitus
1783 2198 151 62 actiuus
1892 2198 151 62 alterum
2002 2198 96 62 est
2056 2198 82 62 ab
2097 2198 82 62 eo
2139 2198 96 62 qui
2180 2198 68 62 cum

1328 2245 147 52 ratione
1434 2245 147 52 factiuo
1541 2245 147 52 habitu.
1648 2245 80 52 et
1688 2245 120 52 neque
1768 2245 200 52 continentur
1927 2245 187 52 subinuicem
2074 2245 120 52 actio
2154 2245 80 52 et
2181 2245 53 52 fa

1324 2297 110 46 ctio:
1397 2297 110 46 neque
1471 2297 98 46 enim
1532 2297 110 46 actio
1605 2297 122 46 factio
1691 2297 98 46 est.
1752 2297 86 46 vbi
1801 2297 171 46 eustracius
1935 2297 122 46 dicit.
2021 2297 86 46 Ait
2070 2297 147 46 scilicet
2168 2297 73 46 Ar3.

1321 2342 126 50 aliud
1405 2342 182 50 practica.
1545 2342 84 50 id
1587 2342 98 50 est
1643 2342 140 50 actiua
1741 2342 126 50 aliud
1824 2342 168 50 factiua.
1950 2342 168 50 Practica
2076 2342 112 50 enim
2146 2342 84 50 et
2174 2342 70 50 fa-

1330 2383 116 51 ctiua
1407 2383 155 51 habituum
1523 2383 142 51 nomina:
1626 2383 116 51 actio
1704 2383 103 51 vero
1768 2383 77 51 et
1807 2383 129 51 factio
1897 2383 193 51 operationum
2052 2383 77 51 id
2090 2383 90 51 est
2129 2383 103 51 motio-

1325 2421 92 53 num
1377 2421 79 53 ab
1417 2421 184 53 habitibus.
1561 2421 92 53 sic
1613 2421 92 53 est
1666 2421 144 53 accipit
1771 2421 197 53 philosophus
1928 2421 79 53 6o
1968 2421 118 53 meta.
2046 2421 92 53 vbi
2086 2421 157 53 distinguit

1326 2462 170 59 scientias
1457 2462 144 59 actiuas
1561 2462 65 59 a
1587 2462 170 59 factiuis:
1718 2462 92 59 vel
1770 2462 92 59 (et
1823 2462 78 59 in
1862 2462 105 59 idem
1927 2462 131 59 redit)
2019 2462 131 59 potest
2110 2462 105 59 dici
2163 2462 78 59 quod

1327 2516 136 47 praxis
1423 2516 95 47 est
1477 2516 82 47 in
1518 2516 177 47 potestate
1655 2516 164 47 existens
1777 2516 95 47 rei
1832 2516 164 47 agibilis
1955 2516 95 47 vel
2009 2516 177 47 actibilis
2132 2516 109 47 opera-

1326 2549 95 59 tio.
1386 2549 59 59 ⁋
1409 2549 131 59 Dicitur
1505 2549 83 59 aut
1552 2549 143 59 actibile
1659 2549 83 59 vel
1707 2549 131 59 agibile
1802 2549 143 59 secundum
1909 2549 167 59 eustracium
2040 2549 107 59 primo
2111 2549 107 59 ethi.
2171 2549 71 59 quod

1330 2600 126 46 cessat
1419 2600 139 46 agentis
1519 2600 139 46 actione
1620 2600 151 46 cessante
1734 2600 76 46 id
1771 2600 88 46 est
1822 2600 101 46 quod
1885 2600 88 46 non
1935 2600 88 46 est
1985 2600 101 46 nisi
2048 2600 88 46 dum
2099 2600 101 46 agit
2149 2600 101 46 agens:

1327 2644 112 52 sicut
1401 2644 187 52 intellectio
1551 2644 87 52 non
1601 2644 87 52 est
1651 2644 100 52 nisi
1713 2644 87 52 dum
1763 2644 87 52 eam
1813 2644 112 52 agens
1888 2644 112 52 agit.
1963 2644 75 52 Et
2000 2644 162 52 similiter
2125 2644 125 52 videre
2200 2644 50 52 et

1325 2693 133 47 audire
1418 2693 80 47 et
1458 2693 133 47 plures
1550 2693 120 47 alie.
1630 2693 66 47 ⁋
1657 2693 173 47 Ractibile
1790 2693 106 47 vero
1856 2693 146 47 dicitur
1962 2693 106 47 quod
2029 2693 159 47 cessante
2135 2693 106 47 actio-

1326 2724 84 56 ne:
1374 2724 84 56 per
1422 2724 96 56 quam
1482 2724 108 56 habet
1554 2724 96 56 esse
1614 2724 84 56 non
1662 2724 132 56 cessat:
1758 2724 84 56 seu
1806 2724 96 56 quod
1866 2724 84 56 non
1914 2724 132 56 desinit
2010 2724 96 56 esse
2070 2724 120 56 agente
2142 2724 108 56 cessan-

1324 2769 78 52 te
1363 2769 131 52 agere:
1455 2769 118 52 sicut
1533 2769 118 52 domus
1612 2769 92 52 vel
1664 2769 118 52 nauis
1742 2769 92 52 non
1795 2769 144 52 cessant
1899 2769 118 52 esse:
1978 2769 118 52 earum
2056 2769 170 52 agentibus
2174 2769 78 52 ces-

1333 2814 153 58 santibus
1448 2814 127 58 agere:
1537 2814 102 58 quod
1600 2814 165 58 intelligi
1728 2814 114 58 debet
1804 2814 76 58 de
1842 2814 165 58 agentibus
1969 2814 229 58 particularibus
2160 2814 76 58 et
2185 2814 64 58 se-

1337 2863 155 50 cundariis
1456 2863 83 50 non
1504 2863 72 50 de
1540 2863 107 50 primo
1611 2863 72 50 et
1647 2863 167 50 vniversali
1778 2863 95 50 quod
1838 2863 83 50 est
1885 2863 107 50 deus.
1957 2863 83 50 Nam
2005 2863 107 50 nulla
2076 2863 83 50 res
2112 2863 143 50 subsistere

1334 2906 138 52 potest
1431 2906 97 52 deo
1486 2906 166 52 cessante
1611 2906 138 52 agere.
1708 2906 69 52 ⁋
1735 2906 111 52 Quia
1804 2906 111 52 vero
1874 2906 83 52 in
1915 2906 207 52 sequentibus
2081 2906 97 52 non
2136 2906 97 52 est
2178 2906 69 52 ne-

1329 2944 176 56 cessarium
1465 2944 81 56 ad
1506 2944 190 56 propositum
1655 2944 122 56 inter
1736 2944 149 56 actiuas
1844 2944 81 56 et
1885 2944 163 56 factiuas
2007 2944 217 56 distinguere.
2170 2944 81 56 ideo

1335 2994 192 49 communiter
1486 2994 82 49 de
1528 2994 96 49 eis
1583 2994 165 49 loquendo
1706 2994 96 49 sub
1761 2994 137 49 nomine
1857 2994 151 49 habitus
1967 2994 179 49 practici:
2091 2994 165 49 intelligo-

1334 3033 115 64 praxim
1415 3033 104 64 primo
1484 3033 92 64 modo
1542 3033 150 64 videlibet
1658 3033 162 64 communiter
1784 3033 81 64 pro
1831 3033 162 64 operatione
1958 3033 92 64 quae
2015 3033 127 64 existit
2108 3033 69 64 in
2131 3033 115 64 homnibus
