2446 3522
199 246 209 77 consequentia
369 246 170 77 probatur:
500 246 105 77 quia
565 246 118 77 talis
644 246 144 77 noticia
749 246 157 77 complexa
866 246 118 77 magis
945 246 92 77 est
984 246 144 77 directiua

196 302 151 67 praxis
302 302 121 67 quam
377 302 151 67 aliqua
483 302 226 67 incomplexa.
664 302 75 67 ⁋
694 302 242 67 Confirmatur.
890 302 91 67 si
936 302 121 67 enim
996 302 136 67 simplex

206 346 241 63 apprehensio
399 346 193 63 alicuius
544 346 145 63 herbe
640 346 113 63 vel
705 346 193 63 aromatis
850 346 113 63 est
914 346 193 63 practica
1043 346 64 63 no

208 383 139 67 ticia:
306 383 125 67 multo
389 383 125 67 magis
473 383 111 67 illa
542 383 167 67 complexa
668 383 97 67 qua
723 383 153 67 scitur:
835 383 111 67 quod
904 383 111 67 illa
974 383 125 67 herba
1043 383 70 67 est

201 430 139 66 calida
298 430 97 66 vel
354 430 167 66 frigida.
479 430 97 66 nam
535 430 83 66 ex
576 430 111 66 ista
646 430 139 66 potest
743 430 208 66 immediatius
910 430 83 66 et
951 430 139 66 melius
1035 430 83 66 quis

203 472 129 61 dirigi
294 472 78 61 ad
332 472 181 61 operandum.
475 472 78 61 et
514 472 116 61 tamen
591 472 104 61 ista
656 472 91 61 non
708 472 91 61 est
760 472 142 61 proprie
863 472 168 61 practica:
993 472 91 61 cum
1031 472 91 61 nihil

203 515 121 61 dicat
283 515 81 61 in
324 515 175 61 qualitate
459 515 216 61 operationis.
634 515 67 61 ⁋
661 515 162 61 Ulterius
782 515 162 61 secundum
903 515 94 61 hoc
957 515 121 61 omnis
1025 515 94 61 noti-

202 556 97 72 cia
258 556 208 72 cuiuscumque
424 556 97 72 sit
479 556 97 72 rei
534 556 125 72 esset
618 556 166 72 practica
742 556 83 72 et
784 556 125 72 nulla
867 556 222 72 speculatiua:
1033 556 83 72 quod

196 606 101 62 est
253 606 144 62 contra
354 606 129 62 omnes
440 606 216 62 philosophos
613 606 86 62 et
656 606 173 62 ipsummet
785 606 115 62 doc.
857 606 101 62 cum
915 606 115 62 ipse
987 606 86 62 et
1015 606 101 62 omnes

187 646 112 67 alii
257 646 210 67 distinguant
425 646 168 67 noticias
551 646 84 67 et
593 646 182 67 scientias
732 646 84 67 in
774 646 182 67 practicas
914 646 84 67 et
942 646 168 67 speculati-

199 693 88 61 uas.
254 693 66 61 Et
287 693 132 61 secundum
386 693 99 61 dicta
451 693 110 61 illius
528 693 66 61 si
561 693 99 61 velit
627 693 176 61 consequentur
770 693 99 61 loqui
836 693 121 61 oportet
923 693 110 61 dicere
1000 693 88 61 quod
1044 693 66 61 nul-

181 728 87 76 la
224 728 173 76 scientia
354 728 101 76 vel
412 728 159 76 noticia
527 728 173 76 practica
657 728 101 76 est
715 728 231 76 speculatiua.
902 728 116 76 Quod
960 728 159 76 probatur:

184 772 98 70 qui
240 772 153 70 noticia
351 772 167 70 secundum
477 772 98 70 eum
533 772 153 70 dicitur
644 772 167 70 practica
769 772 153 70 propter
881 772 167 70 duplicem
992 772 112 70 respe-

187 822 113 60 ctum
258 822 240 60 aptitudinalem
456 822 85 60 ad
498 822 141 60 praxim
597 822 170 60 scilicet
724 822 240 60 conformitatis
922 822 85 60 et
950 822 156 60 priorita-

179 860 119 70 tis.
254 860 224 70 Speculatiua
432 860 119 70 vero
507 860 164 70 propter
626 860 194 70 carentiam
775 860 134 70 talis
865 860 179 70 duplicis
984 860 119 70 respe-

188 907 120 59 ctus.
267 907 120 59 Nulla
347 907 120 59 autem
427 907 146 59 noticia
533 907 120 59 habet
613 907 120 59 tales
693 907 173 59 respectus
826 907 80 59 et
866 907 120 59 caret
945 907 106 59 eis.
999 907 106 59 igitur

189 950 96 63 tur
244 950 124 63 nulla
327 950 96 63 est
382 950 165 63 practica
505 950 82 63 et
547 950 220 63 speculatiua.
725 950 220 63 Consequentia
904 950 179 63 probatur:
1028 950 82 63 quia

181 991 83 69 si
223 991 166 69 alicuius
347 991 97 69 rei
402 991 152 69 noticia
513 991 180 69 incoplexa
651 991 97 69 est
706 991 180 69 practica.
844 991 138 69 igitur
941 991 83 69 et
969 991 138 69 quelibet

187 1038 111 66 eius
256 1038 180 66 complexa.
394 1038 221 66 Consequentia
574 1038 180 66 probatur:
712 1038 111 66 quia
781 1038 97 66 cum
837 1038 111 66 esse
906 1038 166 66 noticiam
1016 1038 83 66 pra-

182 1083 126 59 cticam
270 1083 151 59 secundum
383 1083 113 59 ipsum
459 1083 88 59 non
509 1083 88 59 sit
559 1083 113 59 aliud
634 1083 88 59 que
685 1083 100 59 esse
747 1083 151 59 noticiam
860 1083 188 59 directiuam:
1011 1083 75 59 et
1036 1083 63 59 no-

170 1126 134 62 ticia
260 1126 209 62 incomplexa
424 1126 104 62 non
483 1126 104 62 sit
543 1126 209 62 directiua:
707 1126 119 62 nisi
782 1126 179 62 quatenus
916 1126 104 62 est
961 1126 134 62 manife-

171 1166 154 63 statio
279 1166 185 63 obiecti:
417 1166 108 63 cum
479 1166 139 63 omnis
571 1166 170 63 noticia
695 1166 185 63 complexa
834 1166 108 63 sit
895 1166 139 63 etiam
972 1166 139 63 manife-

171 1207 135 64 statio
266 1207 162 64 obiecti:
388 1207 162 64 quelibet
509 1207 108 64 erit
577 1207 176 64 directiua
712 1207 135 64 praxis
807 1207 176 64 alicuius.
942 1207 68 64 ⁋
955 1207 149 64 Praeterea

177 1257 104 63 qua
236 1257 163 63 ratione
355 1257 163 63 noticia
474 1257 163 63 simplex
592 1257 133 63 vnius
681 1257 104 63 rei
740 1257 104 63 est
800 1257 193 63 directiua
948 1257 148 63 praxis
1037 1257 74 63 cir

169 1295 86 64 ca
212 1295 129 64 illam
298 1295 115 64 rem.
370 1295 86 64 vt
413 1295 215 64 dilectionis
585 1295 101 64 vel
643 1295 187 64 alterius:
786 1295 129 64 eadem
872 1295 158 64 ratione
973 1295 129 64 cuiusli

167 1332 108 72 bet
228 1332 108 72 rei
290 1332 169 72 noticia
413 1332 169 72 simplex
536 1332 123 72 erit
613 1332 200 72 directiua
767 1332 231 72 dilectionis
951 1332 108 72 aut
997 1332 108 72 odii:

168 1386 103 57 vel
227 1386 177 57 alterius
360 1386 147 57 praxis
463 1386 133 57 circa
552 1386 118 57 eam.
625 1386 88 57 et
669 1386 147 57 maxime
773 1386 103 57 hoc
832 1386 133 57 patet
920 1386 88 57 si
964 1386 103 57 sic
1009 1386 88 57 ipse

162 1429 139 60 dicit
254 1429 170 60 simplex
378 1429 170 60 noticia
501 1429 93 60 de
547 1429 108 60 deo
609 1429 154 60 qualis
717 1429 108 60 est
779 1429 139 60 visio
872 1429 216 60 beatifica:
1026 1429 77 60 sit

174 1471 175 61 directiua
308 1471 135 61 praxis
403 1471 162 61 scilicet
524 1471 202 61 dilectionis
685 1471 121 61 circa
766 1471 135 61 ipsum:
861 1471 81 61 ac
901 1471 94 61 per
955 1471 94 61 hoc
995 1471 108 61 practi

161 1517 106 62 ca.
221 1517 106 62 Sic
282 1517 121 62 enim
357 1517 91 62 et
402 1517 211 62 cuiuslibet
569 1517 181 62 creature
704 1517 166 62 noticia
825 1517 106 62 est
886 1517 196 62 directiua
1022 1517 75 62 di-

166 1553 168 74 lectionis
295 1553 116 74 circa
373 1553 103 74 eam:
438 1553 78 74 et
476 1553 91 74 per
528 1553 181 74 consequens
670 1553 155 74 secundum
787 1553 91 74 eum
838 1553 168 74 practica.
968 1553 65 74 ⁋
994 1553 78 74 Ex
1019 1553 65 74 hoc

169 1606 163 64 vlterius
292 1606 163 64 sequitur
414 1606 136 64 contra
509 1606 136 64 eundem
605 1606 109 64 doc.
672 1606 82 64 in
713 1606 122 64 eadem
795 1606 190 64 quaestione
944 1606 109 64 quod
999 1606 95 64 nulla

164 1647 173 54 talium.
290 1647 126 54 deus
369 1647 110 54 est
432 1647 157 54 trinus
542 1647 94 54 et
589 1647 142 54 vnus.
683 1647 142 54 Pater
778 1647 173 54 generat
903 1647 173 54 filium.
1013 1647 79 54 est

167 1687 112 60 vere
237 1687 84 60 et
279 1687 154 60 proprie
391 1687 182 60 practica:
531 1687 98 60 cum
587 1687 126 60 nulla
672 1687 140 60 talium
770 1687 196 60 formaliter
924 1687 154 60 dirigat
1022 1687 70 60 nos

162 1732 87 62 ad
206 1732 160 62 aliquam
323 1732 233 62 operationem.
512 1732 73 62 ⁋
541 1732 146 62 Contra
643 1732 102 62 hoc
701 1732 102 62 est
760 1732 131 62 ratio
847 1732 131 62 eius:
934 1732 117 62 quia
993 1732 87 62 pri-

161 1777 87 59 ma
205 1777 160 59 (inquit
321 1777 131 59 ipse)
408 1777 174 59 includit
539 1777 174 59 noticiam
669 1777 218 59 virtualiter
843 1777 232 59 rectitudinis
1017 1777 73 59 di-

162 1814 184 65 lectionis
304 1814 184 65 tendentis
445 1814 85 65 in
488 1814 113 65 tres
559 1814 184 65 personas:
700 1814 99 65 ita
757 1814 113 65 quod
828 1814 85 65 si
870 1814 128 65 actus
941 1814 142 65 elicere-

151 1855 110 63 tur
214 1855 142 63 circa
309 1855 126 63 vnam
387 1855 142 63 solam
482 1855 220 63 excludendo
655 1855 157 63 aliam:
765 1855 142 63 esset
860 1855 142 63 actus
954 1855 110 63 non
1001 1855 79 63 re-

161 1906 132 52 ctus.
249 1906 161 52 Secunda
366 1906 132 52 etiam
454 1906 176 52 includit
586 1906 176 52 noticiam
717 1906 234 52 rectitudinis
907 1906 132 52 actus
981 1906 102 52 circa

160 1950 111 53 duas
230 1950 181 53 personas:
369 1950 139 53 quarum
466 1950 97 53 vna
522 1950 97 53 est
577 1950 97 53 sic
633 1950 83 53 ab
675 1950 125 53 alia.
758 1950 70 53 ⁋
786 1950 153 53 Contra.
897 1950 83 53 si
939 1950 97 53 hec
981 1950 97 53 ratio

153 1992 116 55 vera
225 1992 101 55 sit
283 1992 188 55 sequitur:
427 1992 116 55 quod
499 1992 188 55 quecumque
644 1992 159 55 noticia
760 1992 87 55 de
803 1992 101 55 deo
861 1992 159 55 physica
976 1992 101 55 vel
1020 1992 72 55 me-

146 2032 196 64 taphysica
296 2032 105 64 vel
357 2032 211 64 theologica
522 2032 105 64 sit
582 2032 120 64 vere
658 2032 196 64 practica:
808 2032 90 64 et
853 2032 105 64 sic
913 2032 135 64 ista.
989 2032 90 64 Deus

152 2083 104 54 est
212 2083 104 54 ens
271 2083 134 54 summe
360 2083 208 54 perfectum:
523 2083 134 54 actus
612 2083 148 54 purus:
716 2083 163 54 necesse
835 2083 134 54 esse:
924 2083 134 54 prima
998 2083 89 54 cau-

156 2116 85 67 sa:
204 2116 170 67 infinitus:
338 2116 73 67 et
374 2116 97 67 alie
435 2116 146 67 qualibet
544 2116 121 67 essent
629 2116 133 67 proprie
726 2116 158 67 practice.
847 2116 73 67 Et
884 2116 146 67 scientie
981 2116 97 67 quibus

148 2161 174 58 scirentur
282 2161 107 58 iste
349 2161 107 58 siue
416 2161 134 58 quibus
510 2161 161 58 sciretur
630 2161 94 58 sic
684 2161 107 58 esse
751 2161 121 58 esent
831 2161 107 58 vere
898 2161 174 58 practice:
1019 2161 67 58 ac-

150 2209 102 65 per
209 2209 102 65 hoc
267 2209 219 65 metaphysica
443 2209 102 65 non
501 2209 132 65 esset
589 2209 117 65 vere
662 2209 234 65 speculatiua:
852 2209 132 65 sicut
925 2209 161 65 indubitan

156 2254 100 54 ter
213 2254 128 54 vult.
298 2254 86 54 p.
341 2254 100 54 sed
398 2254 185 54 practica:
541 2254 128 54 cuius
626 2254 185 54 oppositum
769 2254 143 54 probat
868 2254 86 54 ex
897 2254 185 54 intentione.

159 2293 198 61 Consequentia
319 2293 124 61 patet:
406 2293 99 61 quia
468 2293 161 61 quaelibet
591 2293 111 61 talis
665 2293 86 61 ita
715 2293 99 61 bene
776 2293 185 61 virtualiter
925 2293 148 61 includit
1024 2293 49 61 no

152 2338 151 56 ticiam
257 2338 241 56 rectitudinis
453 2338 226 56 dilectionis
634 2338 196 56 tendentis
784 2338 90 56 in
829 2338 135 56 deum:
920 2338 135 56 sicut
995 2338 75 56 il-

150 2379 102 65 la.
209 2379 117 65 deus
282 2379 102 65 est
340 2379 146 65 trinus
442 2379 88 65 et
486 2379 131 65 vnus.
574 2379 190 65 Similiter
720 2379 175 65 quelibet
851 2379 146 65 harum.
939 2379 146 65 Angelus.

152 2431 109 56 est
215 2431 156 56 nature
324 2431 296 56 intellectualis.
574 2431 172 56 Angelus
699 2431 109 56 est
761 2431 203 56 creatura.
917 2431 140 56 Celum
995 2431 78 56 est

154 2472 137 53 causa
245 2472 243 53 generationis
442 2472 213 53 plantarum.
609 2472 91 53 Et
655 2472 137 53 multe
746 2472 137 53 alie:
837 2472 121 53 quas
913 2472 152 53 nullus
1004 2472 76 53 re-

145 2519 97 55 cte
201 2519 208 55 intelligens
367 2519 152 55 diceret
478 2519 111 55 esse
547 2519 194 55 practicas:
699 2519 111 55 nisi
768 2519 125 55 omnis
851 2519 194 55 propositio
990 2519 83 55 pra-

152 2553 127 67 ctica
236 2553 169 67 diceret:
363 2553 99 67 cum
419 2553 127 67 nulla
504 2553 169 67 apparens
631 2553 127 67 ratio
715 2553 84 67 de
757 2553 127 67 istis
842 2553 141 67 possit
926 2553 141 67 assigna-

146 2600 109 57 ri:
209 2600 109 57 que
271 2600 109 57 non
333 2600 124 57 eque
411 2600 124 57 bene
488 2600 109 57 vel
551 2600 124 57 alia
628 2600 171 57 potior:
753 2600 109 57 vel
815 2600 124 57 eque
892 2600 124 57 bona
955 2600 124 57 posset

146 2641 71 62 de
182 2641 95 62 alia
241 2641 142 62 qualibet
347 2641 165 62 assignari:
477 2641 106 62 patet
548 2641 189 62 consequentia
702 2641 95 62 quia
761 2641 106 62 prima
832 2641 83 62 ita
879 2641 177 62 virtualiter
1009 2641 59 62 con

152 2682 139 67 tinet
244 2682 186 67 noticiam
384 2682 248 67 rectitudinis
585 2682 232 67 dilectionis
771 2682 201 67 tendentis
926 2682 93 67 in
957 2682 108 67 ange-

154 2724 109 69 lum
217 2724 140 69 sicut
310 2724 124 69 illa
387 2724 249 69 rectitudinis
589 2724 233 69 dilectionis
776 2724 202 69 tendentis
931 2724 93 69 in
962 2724 109 69 deum.

151 2777 126 60 vnde
230 2777 110 60 per
293 2777 157 60 primam
403 2777 157 60 possum
513 2777 142 60 scire
608 2777 126 60 quod
686 2777 173 60 angelus
812 2777 142 60 magis
907 2777 110 60 est
954 2777 110 60 dili-

162 2817 134 62 gendus
256 2817 107 62 quam
323 2817 148 62 asinus:
430 2817 81 62 et
470 2817 94 62 per
524 2817 94 62 2am
578 2817 107 62 quod
645 2817 121 62 minus
725 2817 94 62 est
779 2817 175 62 diligedus
913 2817 107 62 quam
967 2817 94 62 deus:

149 2854 87 67 et
193 2854 102 67 per
251 2854 102 67 3am
309 2854 116 67 quod
382 2854 131 67 celum
469 2854 102 67 est
527 2854 131 67 magis
615 2854 203 67 diligendum
774 2854 131 67 etiam
862 2854 116 67 quam
920 2854 145 67 plumbum.

150 2898 76 66 ⁋
180 2898 153 66 Tertiu
287 2898 229 66 correlarium
470 2898 153 66 contra
577 2898 168 66 eundem:
699 2898 122 66 quod
775 2898 137 66 aliud
867 2898 153 66 dictum
958 2898 107 66 eius-

160 2942 90 67 dem
211 2942 90 67 est
263 2942 141 67 falsum.
365 2942 90 67 Ait
416 2942 102 67 enim
480 2942 77 67 in
519 2942 218 67 quaestionemet
698 2942 115 67 eadem
774 2942 115 67 circa
851 2942 128 67 finem:
941 2942 102 67 quod
992 2942 64 67 me-

149 2986 145 60 dicina
251 2986 174 60 theorica
382 2986 102 60 est
440 2986 87 60 de
483 2986 290 60 vniuersalioribus
730 2986 87 60 et
773 2986 232 60 nobilioribus
947 2986 102 60 curis

140 3029 90 86 et
185 3029 105 86 est
245 3029 180 86 cognitio
380 3029 180 86 remotior
515 3029 75 86 a
545 3029 135 86 praxi
634 3029 210 86 elicienda:
799 3029 180 86 practica
934 3029 120 86 vero
994 3029 75 86 est

1154 255 91 81 de
1199 255 272 81 particularibus
1426 255 91 81 et
1472 255 287 81 propinquioribus
1714 255 136 81 praxi
1805 255 91 81 et
1850 255 227 81 immediatius
2016 255 76 81 con

1168 313 136 67 formis
1264 313 123 67 praxi
1346 313 191 67 eliciende.
1496 313 82 67 Et
1537 313 123 67 licem
1618 313 123 67 prima
1700 313 164 67 respectu
1823 313 150 67 secunde
1932 313 136 67 possit
2014 313 68 67 di-

1164 364 74 60 ci
1201 364 198 60 speculatiua:
1362 364 186 60 simpliciter
1510 364 111 60 tamen
1584 364 74 60 et
1621 364 161 60 verissime
1745 364 87 60 est
1794 364 161 60 practica:
1918 364 99 60 quia
1968 364 111 60 virtua-

1170 403 121 65 iter
1246 403 182 65 includit
1382 403 136 65 illam
1473 403 242 65 particularem
1670 403 197 65 conformem
1821 403 152 65 praxi:
1927 403 136 65 ratio
2003 403 76 65 sua

1161 453 85 60 ad
1203 453 99 60 hoc
1260 453 113 60 est:
1331 453 113 60 quia
1402 453 85 60 si
1444 453 127 60 talis
1529 453 156 60 notitia
1642 453 212 60 virtualiter
1812 453 198 60 contentiua
1954 453 127 60 noticie

1166 487 187 71 formaliter
1312 487 173 71 directiue
1446 487 120 71 esset
1526 487 213 71 speculatiua:
1699 487 160 71 sequitur
1819 487 107 71 quod
1886 487 80 71 ex
1913 487 160 71 principiis

1163 533 214 64 speculatiuis
1336 533 147 64 possent
1443 533 134 64 deduci
1537 533 214 64 conclusiones
1710 533 174 64 practice:
1844 533 107 64 quod
1911 533 134 64 falsum
1991 533 80 64 est.

1154 581 71 61 ⁋
1182 581 100 61 hoc
1239 581 128 61 autem
1324 581 100 61 est
1381 581 156 61 falsum:
1495 581 85 61 vt
1538 581 114 61 dixi
1609 581 142 61 primo:
1708 581 114 61 quia
1779 581 128 61 dicit
1865 581 185 61 theoricam
1993 581 85 61 tra-

1156 622 142 61 ctare
1251 622 95 61 de
1298 622 158 61 curis:
1409 622 111 61 cum
1472 622 142 61 tamen
1567 622 174 61 ipsamet
1693 622 158 61 nullam
1804 622 158 61 doceat
1914 622 158 61 facere
2009 622 63 61 cu

1149 664 106 68 ram
1209 664 136 68 neque
1300 664 91 68 in
1345 664 211 68 vniuersali
1511 664 136 68 neque
1601 664 91 68 in
1647 664 241 68 particulari:
1843 664 121 68 tunc
1918 664 121 68 enim
1979 664 91 68 pro-

1154 707 116 58 prie
1226 707 202 58 pertineret
1385 707 87 58 ad
1428 707 144 58 partem
1529 707 188 58 practicam
1674 707 188 58 medicine:
1818 707 144 58 contra
1919 707 116 58 quam
1977 707 101 58 diui-

1149 754 150 60 ditur.
1254 754 75 60 ⁋
1284 754 90 60 2o
1329 754 120 60 quia
1404 754 135 60 dicit
1494 754 135 60 illam
1584 754 150 60 primam
1688 754 195 60 verissime
1838 754 120 60 esse
1898 754 180 60 practicam:

1152 797 137 63 cuius
1243 797 198 63 oppositum
1396 797 137 63 dicit
1487 797 168 63 Auicena
1609 797 198 63 expresse:
1762 797 92 63 et
1808 797 137 63 certe
1899 797 168 63 Auicene
2006 797 61 63 in

1152 837 104 66 hac
1211 837 133 66 parte
1300 837 163 66 videtur
1418 837 222 66 adherendum:
1596 837 89 66 eo
1640 837 118 66 quod
1714 837 296 66 excellentissimus
1951 837 118 66 fuerit

1145 883 192 63 medicus:
1289 883 96 63 et
1337 883 128 63 bene
1417 883 176 63 nouerit
1545 883 112 63 que
1609 883 128 63 pars
1689 883 192 63 medicine
1833 883 192 63 censetur
1961 883 112 63 theo-

1150 927 123 64 rica:
1232 927 82 64 et
1273 927 95 64 que
1327 927 177 64 practica:
1464 927 82 64 ac
1505 927 150 64 propter
1614 927 109 64 quid
1682 927 95 64 hec
1736 927 177 64 theorica.
1872 927 109 64 illa
1940 927 109 64 vero
1995 927 68 64 pra

1135 978 126 56 ctica
1219 978 140 56 dicat.
1317 978 126 56 Ratio
1401 978 154 56 istorum
1513 978 98 56 non
1569 978 140 56 valet:
1667 978 112 56 quia
1737 978 196 56 verissimum
1891 978 98 56 est
1947 978 112 56 quod
2003 978 56 56 ex

1146 1016 151 54 altera
1252 1016 181 54 premissa
1387 1016 226 54 speculatiua
1568 1016 91 54 et
1614 1016 166 54 reliqua
1734 1016 181 54 practica
1870 1016 151 54 potest
1960 1016 106 54 sequi

1147 1054 182 66 conclusio
1287 1054 182 66 practica.
1427 1054 112 66 Unde
1497 1054 84 66 ex
1539 1054 98 66 hoc
1595 1054 182 66 principio
1736 1054 182 66 practico.
1876 1054 182 66 contraria
2002 1054 70 66 con

1134 1104 201 62 trariorum
1288 1104 232 62 appositione
1474 1104 170 62 curanda
1597 1104 139 62 sunt:
1690 1104 139 62 sicut
1783 1104 278 62 supercalefacta
1999 1104 62 62 ap

1151 1144 191 60 positione
1298 1144 221 60 frigidorum:
1475 1144 147 60 sumpto
1578 1144 103 60 sub
1637 1144 103 60 hoc
1696 1144 236 60 speculatiuo:
1887 1144 162 60 taliter
1990 1144 74 60 la-

1142 1187 150 61 borans
1247 1187 105 61 est
1307 1187 300 61 supercalefactus:
1562 1187 105 61 vel
1623 1187 135 61 talis
1713 1187 180 61 egritudo
1848 1187 105 61 est
1908 1187 90 61 ex
1938 1187 120 61 super-

1139 1226 175 63 abundantia
1277 1226 75 63 c.
1315 1226 113 63 oris:
1390 1226 125 63 statim
1478 1226 150 63 sequitur
1590 1226 163 63 conclusio
1716 1226 150 63 practica
1829 1226 150 63 scilicet
1941 1226 100 63 quod
1991 1226 63 63 ta-

1141 1273 101 58 lis
1198 1273 173 58 egritudo
1328 1273 101 58 est
1386 1273 159 58 curanda
1501 1273 101 58 per
1559 1273 231 58 appositionem
1746 1273 216 58 frigidorum:
1919 1273 86 58 et
1962 1273 101 58 ita
2005 1273 58 58 de

1127 1324 151 56 aliis:
1233 1324 121 56 quia
1308 1324 151 56 gratia
1414 1324 181 56 exempli.
1550 1324 106 56 hoc
1611 1324 106 56 est
1671 1324 181 56 positum.
1807 1324 76 56 ⁋
1837 1324 166 56 Quartum
1943 1324 106 56 corre

1140 1357 149 67 larium
1245 1357 149 67 contra
1349 1357 134 67 alium
1438 1357 179 67 doctorem
1573 1357 164 67 ponitur
1692 1357 194 67 dicentem:
1841 1357 119 67 quod
1901 1357 149 67 practica

1138 1405 225 58 distinguitur
1321 1405 70 58 a
1349 1405 211 58 speculatiua
1518 1405 98 58 per
1574 1405 113 58 hoc:
1644 1405 113 58 quod
1715 1405 169 58 practica
1841 1405 197 58 acquiritur
1982 1405 70 58 per

1128 1455 262 56 assuefactionem
1347 1455 87 56 et
1391 1455 233 56 experientiam
1580 1455 219 56 singularium
1755 1455 87 56 in
1799 1455 160 56 ratione
1901 1455 146 56 particum

1135 1488 131 63 lari:
1222 1488 87 63 et
1265 1488 102 63 non
1323 1488 102 63 est
1381 1488 116 63 nisi
1454 1488 160 63 habitus
1570 1488 174 63 experti.
1700 1488 218 63 Speculatiua
1874 1488 116 63 vero
1947 1488 102 63 per
1990 1488 58 63 de

1138 1532 177 62 ductionem
1275 1532 218 62 vniuersalium
1452 1532 82 62 in
1493 1532 150 62 ratione
1602 1532 191 62 vniuersali
1751 1532 82 62 et
1792 1532 109 62 ipsa
1860 1532 95 62 est
1901 1532 150 62 scientia-

1131 1575 85 60 hoc
1179 1575 109 60 autem
1252 1575 97 60 esse
1312 1575 121 60 falsum
1397 1575 109 60 patet
1470 1575 109 60 primo
1542 1575 73 60 ex
1578 1575 109 60 dicto
1651 1575 109 60 Auic.
1723 1575 121 60 dicens
1808 1575 145 60 vtramque
1917 1575 97 60 esse
1965 1575 85 60 scien

1126 1622 121 46 tiam:
1206 1622 81 46 et
1247 1622 108 46 idem
1314 1622 121 46 dicit
1395 1622 121 46 Auer.
1476 1622 81 46 2o
1516 1622 121 46 meta.
1597 1622 94 46 vbi
1651 1622 108 46 ait.
1719 1622 108 46 quod
1786 1622 162 46 scientie
1894 1622 148 46 attribute

1138 1664 205 53 philosophie
1302 1664 109 53 sunt
1370 1664 109 53 due.
1438 1664 136 53 quarum
1534 1664 95 53 vna
1588 1664 95 53 est
1643 1664 123 53 cuius
1725 1664 123 53 finis
1807 1664 95 53 est
1861 1664 123 53 scire
1929 1664 123 53 tantum:

1127 1708 90 57 et
1172 1708 150 57 altera
1277 1708 180 57 operari:
1412 1708 90 57 et
1457 1708 135 57 illam
1547 1708 135 57 cuius
1636 1708 135 57 finis
1726 1708 105 57 est
1786 1708 180 57 operari:
1921 1708 135 57 vocat
1996 1708 60 57 im

1142 1750 148 62 mediate
1249 1750 174 62 scientiam
1383 1750 201 62 operatiuam:
1544 1750 161 62 secundum
1665 1750 94 62 eum
1719 1750 107 62 ergo
1786 1750 161 62 practica
1906 1750 94 62 est
1947 1750 107 62 scien-

1130 1792 128 59 tia.
1210 1792 96 59 6o
1258 1792 144 59 etiam
1354 1792 192 59 metaphy.
1499 1792 96 59 p.
1547 1792 96 59 et
1595 1792 257 59 Commentator.
1803 1792 160 59 volunt
1900 1792 144 59 quasdam

1132 1832 180 63 scientias
1270 1832 111 63 esse
1340 1832 194 63 practicas:
1492 1832 152 63 quasdam
1602 1832 111 63 vero
1672 1832 221 63 speculatiuas
1851 1832 83 63 et
1893 1832 138 63 certum
1976 1832 69 63 est

1130 1875 176 66 vtrasque
1262 1875 117 66 esse
1336 1875 88 66 ex
1380 1875 264 66 vniuersalibus.
1600 1875 117 66 Item
1673 1875 132 66 Auic.
1761 1875 147 66 verbis
1849 1875 191 66 praeallega-

1134 1918 103 66 tis
1193 1918 176 66 excludit
1325 1918 176 66 expresse
1457 1918 250 66 imaginationem
1663 1918 147 66 istam:
1766 1918 103 66 cum
1825 1918 132 66 dicit
1913 1918 118 66 quod
1972 1918 73 66 per

1128 1963 183 61 practicam
1269 1963 99 61 non
1325 1963 198 61 intelligit
1481 1963 212 61 operationem
1650 1963 85 61 in
1692 1963 169 61 effectu:
1819 1963 85 61 et
1862 1963 183 61 similiter
1989 1963 56 61 in

1129 2007 188 59 principio
1273 2007 144 59 illius
1374 2007 246 59 auctoritatis:
1576 2007 202 59 expressius
1735 2007 130 59 autem
1822 2007 101 59 cum
1880 2007 144 59 ibidem
1966 2007 87 59 post

1126 2054 190 56 allegata
1269 2054 142 56 verba
1364 2054 158 56 subdit
1474 2054 222 56 immediate.
1648 2054 158 56 cumque
1759 2054 158 56 duarum
1854 2054 190 56 diuisionum

1123 2092 158 59 medicine
1241 2092 184 59 qualitatem
1386 2092 171 59 sciueris:
1517 2092 92 59 iam
1570 2092 171 59 scientiam
1701 2092 210 59 scientialem:
1872 2092 79 59 et
1898 2092 145 59 scientiam

1124 2136 181 57 operatiuam
1266 2136 142 57 adeptus
1370 2136 116 57 eris:
1448 2136 78 57 et
1486 2136 78 57 si
1525 2136 142 57 nunquam
1629 2136 78 57 id
1668 2136 91 57 est
1719 2136 142 57 quaeuis
1823 2136 142 57 nunquam
1914 2136 129 57 operatus

1126 2178 157 64 fueris:
1240 2178 115 64 ecce
1312 2178 115 64 quod
1383 2178 172 64 practica
1512 2178 172 64 medicina
1641 2178 157 64 acquiri
1756 2178 143 64 potest
1856 2178 115 64 sine
1913 2178 129 64 assuefa

1131 2228 138 58 ctione
1228 2228 83 58 et
1269 2228 138 58 absque
1366 2228 180 58 exteriori
1504 2228 207 58 singularium
1670 2228 221 58 experientia:
1849 2228 97 58 vel
1891 2228 138 58 operatio

1129 2269 95 56 ne.
1183 2269 68 56 ⁋
1210 2269 122 56 Large
1291 2269 108 56 vero
1358 2269 68 56 a
1385 2269 176 56 improprie
1520 2269 149 56 noticia
1628 2269 162 56 practica
1750 2269 149 56 dicitur
1858 2269 149 56 noticia
1952 2269 81 56 quae

1123 2307 100 62 est
1180 2307 185 62 directiua
1322 2307 142 62 praxis
1422 2307 85 62 2o
1464 2307 128 62 modo.
1550 2307 185 62 Exemplum.
1692 2307 157 62 Sanitas
1806 2307 100 62 est
1863 2307 142 62 debita
1949 2307 85 62 humo

1125 2358 110 55 rum
1188 2358 219 55 temperies:
1360 2358 110 55 vel
1423 2358 219 55 adequatio:
1595 2358 125 55 tale
1673 2358 203 55 medicamen
1830 2358 141 55 talis
1908 2358 125 55 virtu-

1126 2397 102 61 tis
1184 2397 174 61 existit:
1314 2397 145 61 carnes
1416 2397 203 61 volatilium
1575 2397 116 61 sunt
1648 2397 131 61 leues
1735 2397 87 61 et
1778 2397 160 61 facilis
1880 2397 160 61 digestio-

1125 2445 96 58 nis:
1185 2445 72 58 et
1221 2445 144 58 similes:
1329 2445 84 58 que
1376 2445 108 58 licet
1448 2445 84 58 non
1496 2445 144 58 secundum
1604 2445 72 58 se
1640 2445 168 58 formaliter
1772 2445 72 58 et
1808 2445 156 58 immediate
1915 2445 120 58 dirigant

1123 2490 92 54 ad
1169 2490 199 54 sanitatis
1322 2490 245 54 causationem:
1521 2490 107 54 aut
1582 2490 92 54 ad
1628 2490 138 54 aliam
1720 2490 245 54 operationem:
1919 2490 92 54 de
1950 2490 92 54 pro-

1126 2522 143 66 pinquo
1226 2522 129 66 tamen
1312 2522 215 66 virtualiter
1484 2522 186 66 continent
1627 2522 172 66 noticias
1756 2522 172 66 secundum
1885 2522 86 66 se
1914 2522 129 66 immedia

1124 2574 83 52 te
1166 2574 83 52 ad
1207 2574 179 52 causandum
1345 2574 179 52 sanitatem
1482 2574 207 52 dirigentes.
1647 2574 110 52 quod
1716 2574 124 52 autem
1799 2574 110 52 iste
1868 2574 151 52 quamuis
1964 2574 69 52 non

1112 2619 147 51 proprie
1218 2619 120 51 sicut
1299 2619 80 51 he
1339 2619 93 51 que
1392 2619 107 51 sunt
1459 2619 187 51 formaliter
1606 2619 174 51 directiue
1739 2619 80 51 de
1779 2619 134 51 quibus
1873 2619 134 51 dictum
1953 2619 80 51 est)

1128 2658 100 52 sint
1190 2658 75 52 et
1227 2658 149 52 dicantur
1339 2658 149 52 practice
1451 2658 199 52 auctoritate.
1613 2658 75 52 p.
1650 2658 75 52 7.
1688 2658 112 52 meta.
1763 2658 125 52 dicens
1850 2658 100 52 quod
1912 2658 62 52 a
1924 2658 100 52 sanita

1127 2698 87 63 te
1171 2698 102 63 que
1229 2698 102 63 est
1288 2698 87 63 in
1331 2698 131 63 anima
1419 2698 102 63 fit
1477 2698 160 63 sanitas
1593 2698 131 63 extra
1681 2698 87 63 in
1724 2698 175 63 materia.
1855 2698 160 63 Sanitas
1957 2698 102 63 autem

1121 2741 78 48 in
1160 2741 117 48 anima
1238 2741 143 48 vocatur
1342 2741 78 48 ab
1381 2741 78 48 eo
1420 2741 195 48 diffinitio:
1576 2741 78 48 et
1614 2741 143 48 noticia
1718 2741 182 48 quiditatis
1861 2741 130 48 ipsius
1939 2741 91 48 sani-

1121 2787 135 59 tatis:
1215 2787 81 59 vt
1256 2787 95 59 ibi
1310 2787 135 59 patet.
1404 2787 122 59 Modus
1485 2787 122 59 autem
1566 2787 95 59 quo
1620 2787 68 59 a
1647 2787 162 59 sanitate
1769 2787 81 59 in
1809 2787 122 59 anima
1890 2787 95 59 fit
1931 2787 95 59 sani-

1106 2829 89 64 tas
1157 2829 102 64 exta
1221 2829 77 64 in
1259 2829 153 64 mathedta
1374 2829 89 64 sed
1425 2829 77 64 p.
1464 2829 89 64 est
1515 2829 128 64 talis.
1604 2829 115 64 Nouit
1680 2829 102 64 enim
1744 2829 153 64 medicus:
1859 2829 102 64 quod
1910 2829 115 64 sanitas

1115 2879 91 56 est
1167 2879 130 56 debita
1258 2879 143 56 humorum
1363 2879 209 56 regularitas:
1532 2879 78 56 ex
1571 2879 91 56 hac
1624 2879 170 56 concludit
1754 2879 104 56 quod
1819 2879 143 56 humores
1911 2879 117 56 oportet

1114 2919 149 58 regulari.
1228 2919 103 58 Nouit
1296 2919 80 58 est
1342 2919 91 58 quod
1399 2919 126 58 humores
1491 2919 114 58 frindi
1571 2919 206 58 superabundant:
1742 2919 69 58 et
1776 2919 80 58 per
1822 2919 171 58 consequens:
1947 2919 69 58 quod

1126 2961 109 60 irtute
1202 2961 130 60 alicuius
1300 2961 130 60 habentis
1398 2961 120 60 frindum
1485 2961 152 60 remittetr:
1604 2961 87 60 sunt
1659 2961 196 60 contemperandi:
1822 2961 98 60 deind
1887 2961 87 60 quia
1941 2961 109 60 nouit:

1118 3005 81 60 quod
1169 3005 91 60 illud
1229 3005 71 60 vel
1270 3005 101 60 compus
1341 3005 71 60 vel
1381 3005 112 60 medicam
1463 3005 71 60 est
1503 3005 91 60 talis
1564 3005 132 60 virtutis:
1665 3005 132 60 concludit
1767 3005 132 60 immediate
1868 3005 71 60 quo
1898 3005 112 60 huiusmodi

1098 3053 185 66 medicamen
1240 3053 100 66 est
1297 3053 200 66 adhibendum
1454 3053 114 66 etc.
1525 3053 86 66 vt
1568 3053 100 66 ibi
1625 3053 171 66 deducit.
1754 3053 86 66 p.
1796 3053 86 66 in
1839 3053 100 66 qua
1882 3053 171 66 deductione
