2427 3536
324 216 181 81 operantis
463 216 83 81 et
505 216 167 81 carentia
630 216 167 81 potentia
755 216 139 81 agendi
853 216 97 81 non
908 216 125 81 minus
992 216 97 81 sit
1047 216 167 81 practica
1159 216 83 81 quam

329 277 91 60 dum
381 277 144 60 haberet
486 277 131 60 manus.
577 277 78 60 Et
616 277 104 60 quod
682 277 157 60 additur:
799 277 104 60 quod
864 277 78 60 si
903 277 104 60 deus
969 277 118 60 daret
1047 277 118 60 nobis
1112 277 131 60 potentia

324 322 179 62 generandi
462 322 138 62 rosam:
558 322 165 62 scientia
682 322 110 62 quam
751 322 152 62 habemus
861 322 124 62 esset
944 322 179 62 practica:
1082 322 138 62 vtique
1164 322 83 62 fal-

321 365 85 61 sum
370 365 98 61 est.
431 365 85 61 non
479 365 98 61 enim
540 365 134 61 proprie
638 365 110 61 esset
711 365 146 61 practica
821 365 73 61 et
857 365 183 61 formaliter:
1003 365 134 61 quamuis
1101 365 134 61 quantum
1186 365 49 61 ad

326 412 133 57 aliquas
423 412 121 57 partes
508 412 97 57 suas
568 412 109 57 esset
641 412 182 57 virtualiter
786 412 158 57 practica:
908 412 109 57 sicut
980 412 97 57 nunc
1041 412 97 57 est:
1102 412 85 57 pro
1150 412 73 57 eo
1174 412 73 57 quod

327 458 70 51 ex
362 458 128 51 talibus
455 458 210 51 conclusionibus
630 458 128 51 tanquam
723 458 70 51 ex
758 458 175 51 principiis:
898 458 128 51 causari
991 458 116 51 potest
1072 458 128 51 noticia
1154 458 93 51 forma-

321 503 127 58 liter
406 503 169 58 practica
533 503 127 58 iuxta
617 503 127 58 modum
702 503 127 58 supra
787 503 155 58 dictum.
899 503 71 58 ⁋
928 503 85 58 Ad
970 503 85 58 2m
1012 503 141 58 aitrio
1111 503 99 58 non
1153 503 85 58 opor

331 538 196 65 respondere:
488 538 105 65 quia
553 538 92 65 non
606 538 105 65 pono
671 538 105 65 quod
737 538 79 65 ex
776 538 144 65 talibus
881 538 196 65 respectibus
1038 538 144 65 habitus
1142 538 92 65 sit
1182 538 65 65 pra

328 586 138 58 cticus.
429 586 63 58 ⁋
454 586 113 58 Ratio
530 586 76 58 3a
568 586 138 58 deficit
668 586 113 58 primo
744 586 76 58 in
781 586 151 58 probando
895 586 101 58 quod
958 586 76 58 in
995 586 126 58 angelo
1083 586 88 58 sit
1121 586 126 58 scientia

321 627 149 65 moralis
430 627 136 65 eiusde
525 627 163 65 rationis
647 627 95 65 cum
701 627 81 65 ea
742 627 109 65 quae
810 627 95 65 est
864 627 81 65 in
905 627 136 65 nobis.
1000 627 95 65 tum
1054 627 109 65 quia
1108 627 136 65 probatio

328 669 127 57 assumit
421 669 127 57 falsum.
513 669 104 57 valet
582 669 92 57 quod
639 669 92 57 illa
697 669 138 57 scientia
801 669 81 57 sit
847 669 69 57 in
881 669 138 57 subiecto
985 669 127 57 eiusdem
1077 669 138 57 rationis
1169 669 69 57 siue

329 714 119 65 speciei
416 714 185 65 specialissime
568 714 76 65 cum
611 714 130 65 subiecto
709 714 65 65 in
742 714 76 65 quo
785 714 76 65 est
828 714 130 65 scientia
926 714 119 65 nostra.
1013 714 76 65 cum
1056 714 87 65 enim
1100 714 141 65 intellectas

318 761 132 61 noster
410 761 93 61 sit
463 761 145 61 ipsamet
569 761 119 61 anima
648 761 132 61 nostra
741 761 79 61 vt
780 761 79 61 in
820 761 79 61 2o
860 761 198 61 probabitur:
1018 761 79 61 et
1058 761 119 61 eadem
1124 761 119 61 ratione

321 805 173 52 intellectis
460 805 115 52 angeli
540 805 81 52 sit
586 805 138 52 subiecta
690 805 138 52 angelica
793 805 161 52 consequens
920 805 92 52 est:
977 805 92 52 quod
1035 805 173 52 intellectis
1161 805 81 52 ange-

325 846 117 65 licus
403 846 78 65 et
442 846 143 65 humanus
545 846 91 65 non
597 846 104 65 sint
662 846 143 65 eiusdem
766 846 155 65 rationis
882 846 104 65 siue
947 846 143 65 speciei
1038 846 207 65 specialissime-

325 890 71 50 et
361 890 82 50 per
408 890 165 50 consequens
537 890 94 50 illa
596 890 141 50 scientia
701 890 71 50 et
737 890 94 50 ista
796 890 82 50 non
843 890 94 50 sunt
901 890 71 50 in
937 890 141 50 subiecto
1042 890 129 50 eiusdem
1125 890 129 50 rationis:

332 931 91 56 tum
384 931 104 56 quia
449 931 104 56 esto
513 931 104 56 quod
578 931 104 56 sint
643 931 78 56 in
682 931 168 56 subiectis
811 931 143 56 eiusdem
915 931 168 56 rationis:
1045 931 78 56 et
1084 931 78 56 de
1122 931 117 56 eodem
1187 931 52 56 ob

320 978 111 60 iecto
393 978 86 60 non
443 978 147 60 sequitur
553 978 98 60 quod
615 978 98 60 sint
676 978 135 60 eiusdem
774 978 160 60 rationis:
897 978 86 60 cum
946 978 111 60 etiam
1020 978 74 60 in
1057 978 111 60 vnico
1118 978 123 60 intellet

326 1028 90 44 ctu
378 1028 129 44 numero
468 1028 142 44 possint
571 1028 103 44 esse
636 1028 142 44 habitus
739 1028 77 44 et
778 1028 168 44 scientiae
907 1028 181 44 diuersarum
1049 1028 155 44 rationum
1165 1028 77 44 de
1190 1028 52 44 eo

331 1065 77 63 dem
375 1065 132 63 obiecto:
474 1065 66 63 vt
506 1065 132 63 probatum
605 1065 88 63 est.
660 1065 99 63 supra
726 1065 66 63 q.
759 1065 55 63 2
781 1065 132 63 articulo
879 1065 99 63 primo
945 1065 55 63 ⁋
967 1065 143 63 Praeterea
1077 1065 77 63 non
1120 1065 99 63 video
1175 1065 66 63 ali-

324 1110 111 50 quam
394 1110 223 50 necessitatem
575 1110 153 50 ponendi
686 1110 84 50 in
728 1110 153 50 angelis
839 1110 153 50 aliquem
951 1110 153 50 habitum
1062 1110 167 50 moralem:
1173 1110 70 50 nec

323 1151 102 64 iste
387 1151 102 64 doc.
451 1151 127 64 probat
540 1151 102 64 hoc:
604 1151 89 64 sed
655 1151 127 64 gratis
744 1151 153 64 assumit.
859 1151 76 64 si
897 1151 115 64 tamen
973 1151 76 64 in
1012 1151 89 64 eis
1063 1151 115 64 esset
1126 1151 115 64 aliquis

327 1195 139 53 eiusdem
429 1195 139 53 speciei
530 1195 89 53 cum
580 1195 76 53 eo
618 1195 89 53 qui
669 1195 89 53 est
719 1195 76 53 in
757 1195 114 53 nobis
833 1195 76 53 et
871 1195 177 53 noticiarum
1010 1195 139 53 eiusdem
1099 1195 139 53 rationium

320 1243 193 56 elicitiuus
472 1243 248 56 qualitercumque
678 1243 151 56 habitus
788 1243 179 56 intelligi
926 1243 138 56 debeat
1022 1243 110 56 esse
1077 1243 165 56 elicitiuus

328 1279 134 63 suorum
421 1279 147 63 actuum:
529 1279 80 63 de
569 1279 94 63 quo
622 1279 80 63 ad
663 1279 161 63 praesens
783 1279 94 63 non
837 1279 121 63 curo)
917 1279 94 63 cum
971 1279 161 63 noticiis
1091 1279 134 63 quarum
1172 1279 80 63 eli-

321 1337 135 47 citiuus
419 1337 86 47 est
468 1337 135 47 habitus
566 1337 86 47 qui
615 1337 86 47 est
664 1337 74 47 in
701 1337 123 47 nobis.
787 1337 98 47 dico
848 1337 98 47 quod
910 1337 74 47 si
947 1337 123 47 noster
1032 1337 86 47 est
1081 1337 160 47 practicus
1192 1337 49 47 et

322 1379 103 42 suus
386 1379 116 42 esset
463 1379 180 42 practicus:
605 1379 90 42 non
656 1379 154 42 obstante
772 1379 103 42 quod
836 1379 167 42 potentiam
964 1379 193 42 productiuam
1118 1379 90 42 non
1157 1379 77 42 hod-

331 1425 138 47 beret:
428 1425 124 47 sicut
510 1425 124 47 etiam
593 1425 151 47 habitus
703 1425 193 47 statuifice
854 1425 96 47 vel
909 1425 193 47 scriptorum
1060 1425 179 47 mutilatis
1184 1425 69 47 ma-

323 1464 120 50 nibus
403 1464 93 50 est
456 1464 106 50 vere
522 1464 173 50 practicus
655 1464 93 50 non
709 1464 160 50 obstante
828 1464 160 50 carentia
948 1464 186 50 productiua
1095 1464 146 50 opoeris
1188 1464 53 50 ex

316 1511 184 44 terioris:
458 1511 99 44 pro
514 1511 128 44 tanto
599 1511 113 44 quia
670 1511 99 44 est
727 1511 198 44 directiuus
883 1511 99 44 seu
939 1511 198 44 elicitiuus
1095 1511 142 44 actuum
1180 1511 71 44 seu

318 1550 201 51 noticiarum
476 1550 201 51 formaliter
634 1550 230 51 directiuarum
821 1550 86 51 ad
864 1550 158 51 praxim.
980 1550 72 51 ⁋
1008 1550 187 51 Praeterea
1138 1550 115 51 firma-

331 1593 92 54 tio.
388 1593 103 54 valet
457 1593 80 54 qua
502 1593 126 54 dicitur
594 1593 92 54 quod
651 1593 137 54 medicina
754 1593 80 54 est
800 1593 115 54 quidam
880 1593 137 54 physica:
984 1593 69 54 et
1018 1593 103 54 tamen
1087 1593 80 54 est
1121 1593 126 54 practica:

331 1642 121 48 videtur
419 1642 99 48 prima
485 1642 99 48 facie
552 1642 88 48 sibi
607 1642 188 48 contradicere:
761 1642 88 48 quia
817 1642 77 48 vt.
861 1642 99 48 supra
927 1642 143 48 recitatum
1037 1642 77 48 est
1081 1642 66 48 in
1115 1642 110 48 eadem.
1181 1642 66 48 quod

318 1678 121 51 dicit.
403 1678 97 51 quod
464 1678 97 51 tota
524 1678 97 51 phy.
585 1678 73 51 in
621 1678 109 51 nobis
694 1678 85 51 est
743 1678 158 51 spedietua
864 1678 85 51 cum
913 1678 73 51 ex
949 1678 97 51 alia
1010 1678 109 51 parte
1083 1678 109 51 velit
1144 1678 109 51 expres-

328 1724 84 45 se:
376 1724 72 45 et
412 1724 84 45 ita
459 1724 131 45 oportet
555 1724 84 45 eum
603 1724 119 45 dicere
686 1724 72 45 si
722 1724 107 45 velit
794 1724 107 45 loqui
865 1724 191 45 consequentur
1020 1724 95 45 quod
1080 1724 119 45 nullus
1164 1724 95 45 vnus
1211 1724 48 45 ha

336 1767 111 49 bitus
410 1767 86 49 est
459 1767 197 49 speculatiuus
619 1767 74 49 et
656 1767 172 49 practicus:
791 1767 148 49 quicquid
902 1767 111 49 tamen
976 1767 86 49 sit
1025 1767 74 49 de
1050 1767 197 49 contradictione

329 1805 110 57 ista:
402 1805 98 57 quia
464 1805 110 57 forte
537 1805 86 57 per
586 1805 135 57 aliquam
685 1805 123 57 glosam
771 1805 86 57 eam
820 1805 160 57 euitaret.
942 1805 98 57 dico
1004 1805 74 57 ad
1041 1805 172 57 argumentum
1163 1805 74 57 quod

328 1847 134 48 aliqua
422 1847 148 48 medicia
529 1847 134 48 vtique
623 1847 94 48 est
677 1847 175 48 practica:
812 1847 94 48 sed
865 1847 94 48 non
919 1847 108 48 quia
986 1847 94 48 est
1040 1847 134 48 actiua
1134 1847 81 48 ad
1161 1847 81 48 sen-

322 1896 99 45 sum
378 1896 85 45 in
421 1896 99 45 quo
477 1896 183 45 loquitur:
618 1896 99 45 sed
675 1896 113 45 quia
745 1896 99 45 est
802 1896 183 45 directiua
943 1896 113 45 modo
1013 1896 169 45 superius
1126 1896 113 45 expret

328 1940 100 55 so.
385 1940 71 55 ⁋
413 1940 85 55 Ad
456 1940 256 55 confirmationem
669 1940 128 55 aliam
755 1940 85 55 de
798 1940 185 55 alchimia.
940 1940 114 55 dico
1011 1940 114 55 quod
1082 1940 100 55 non
1125 1940 128 55 propte-

330 1984 104 50 rea
390 1984 89 50 si
434 1984 179 50 alchimia
568 1984 194 50 induceret
717 1984 134 50 veras
806 1984 164 50 formas:
926 1984 164 50 physica
1045 1984 119 50 quae
1119 1984 119 50 nunc
1179 1984 74 50 ha-

320 2020 115 62 betur
397 2020 77 62 de
435 2020 192 62 generatione
589 2020 205 62 methallorum:
756 2020 115 62 esset
832 2020 154 62 practica
948 2020 102 62 plus
1012 2020 102 62 quam
1076 2020 102 62 nunc
1140 2020 102 62 sit:
1191 2020 64 62 li-

323 2069 94 49 cet
376 2069 94 49 ars
430 2069 94 49 vel
484 2069 161 49 scientia
604 2069 161 49 alchimie
725 2069 107 49 tunc
792 2069 121 49 esset
872 2069 107 49 vere
940 2069 161 49 practica
1060 2069 121 49 sicut
1141 2069 80 49 et
1168 2069 80 49 nunc

323 2110 93 53 de
369 2110 139 53 facto
461 2110 123 53 ille
539 2110 170 53 habitus
662 2110 216 53 directiuus
832 2110 93 53 ad
878 2110 201 53 faciendum
1032 2110 201 53 alquimiam
1171 2110 77 53 est

320 2155 169 57 practicus:
453 2155 133 57 quamuis
550 2155 85 57 non
598 2155 85 57 sit
646 2155 157 57 scientia:
767 2155 109 57 neque
840 2155 97 57 ars:
900 2155 85 57 cum
949 2155 85 57 non
997 2155 85 57 sit
1045 2155 97 57 vera
1106 2155 133 57 ratione
1191 2155 60 57 fa-

324 2193 136 62 ctiuus:
422 2193 86 62 sed
472 2193 124 62 potius
558 2193 148 62 inertie:
670 2193 99 62 quae
731 2193 74 62 in
768 2193 111 62 greco
843 2193 136 62 dicitur
941 2193 148 62 achenia:
1053 2193 99 62 quae
1114 2193 86 62 est
1152 2193 86 62 habit

325 2247 92 48 cum
378 2247 119 48 falsa
457 2247 145 48 ratione
562 2247 171 48 factiuus:
694 2247 79 48 et
733 2247 171 48 opponitur
865 2247 145 48 articu.
970 2247 79 48 vt
1010 2247 92 48 di.
1063 2247 79 48 p.
1102 2247 79 48 6.
1128 2247 119 48 ethico-

323 2289 74 53 ⁋
353 2289 163 53 Quantum
471 2289 148 53 igitur
575 2289 89 53 ad
619 2289 133 53 illud
708 2289 118 53 dico
782 2289 222 53 conformiter
960 2289 89 53 ad
1004 2289 222 53 supradicta.
1167 2289 74 53 nam

325 2325 78 62 de
364 2325 130 62 habitu
455 2325 156 62 possumus
572 2325 182 62 dupliciter
715 2325 130 62 loqui.
806 2325 91 62 Uno
858 2325 104 62 modo
923 2325 78 62 de
962 2325 130 62 aliquo
1053 2325 130 62 habitu
1144 2325 91 62 vno
1183 2325 52 62 no

319 2373 216 58 comprehendente
499 2373 120 58 plures
582 2373 168 58 partiales:
714 2373 108 58 sicut
786 2373 84 58 est
834 2373 132 58 habitus
930 2373 108 58 vnius
1002 2373 192 58 conclusionis
1145 2373 96 58 tantum

333 2424 84 50 et
375 2424 112 50 isto
445 2424 112 50 modo
515 2424 140 50 sumpto
614 2424 154 50 habitu:
726 2424 112 50 dico
796 2424 112 50 quod
866 2424 112 50 ille
936 2424 154 50 habitus
1049 2424 98 50 est
1091 2424 154 50 practicus

333 2464 101 49 qui
390 2464 174 49 mediante
521 2464 101 49 suo
578 2464 116 49 actu
651 2464 159 49 elicito
767 2464 101 49 est
824 2464 203 49 formaliter
984 2464 145 49 praxis
1070 2464 174 49 directiuus

328 2502 99 53 hoc
384 2502 99 53 est
441 2502 127 53 cuius
525 2502 169 53 proprius
652 2502 127 53 actus
736 2502 169 53 elicitus
863 2502 99 53 est
919 2502 197 53 formaliter
1074 2502 141 53 praxis
1159 2502 84 53 dire

318 2543 149 59 ctiuus.
427 2543 108 59 Ille
494 2543 108 59 vero
562 2543 95 59 est
616 2543 216 59 speculatiuus
792 2543 122 59 cuius
873 2543 162 59 proprius
995 2543 122 59 actus
1076 2543 95 59 non
1130 2543 95 59 est
1170 2543 68 59 for

325 2586 145 56 maliter
430 2586 132 56 praxis
523 2586 198 56 directiuus.
681 2586 92 56 non
734 2586 106 56 enim
800 2586 79 56 ex
839 2586 145 56 actibus
945 2586 171 56 practicis
1077 2586 171 56 generatur
1195 2586 53 56 ha

325 2630 114 52 bitus
402 2630 165 52 immediate
529 2630 114 52 alius
605 2630 64 52 /
631 2630 102 52 quam
694 2630 178 52 practicus.
834 2630 165 52 Similiter
961 2630 89 52 nec
1012 2630 76 52 ex
1050 2630 203 52 speculatiuis
1203 2630 38 52 n

321 2675 88 58 si
365 2675 161 58 habitus
482 2675 249 58 speculatiuus:
687 2675 103 58 nec
746 2675 146 58 actuum
849 2675 264 58 speculatiuorum
1068 2675 103 58 est
1112 2675 132 58 immedio

331 2721 70 49 te
366 2721 163 49 elicitiuus
495 2721 128 49 habitus
588 2721 105 49 alius
658 2721 93 49 quam
716 2721 198 49 speculatiuus.
880 2721 117 49 patet:
961 2721 82 49 sed
1008 2721 105 49 actus
1078 2721 163 49 formaliter
1195 2721 58 49 di-

324 2763 152 57 rectiui
435 2763 111 57 sunt
504 2763 180 57 practici:
642 2763 83 57 et
683 2763 97 57 non
739 2763 193 57 formaliter
891 2763 180 57 directiui
1029 2763 111 57 sunt
1084 2763 166 57 speculati-

331 2808 76 51 ui:
374 2808 76 51 vt.
418 2808 97 51 supra
483 2808 108 51 patet.
558 2808 87 51 ergo
613 2808 87 51 etc.
667 2808 87 51 Alio
721 2808 87 51 modo
775 2808 119 51 sumitur
861 2808 119 51 habitus
948 2808 76 51 pro
991 2808 162 51 collectione
1121 2808 119 51 plurium
1197 2808 54 51 par

333 2855 143 53 tialium
437 2855 155 53 habituum
553 2855 78 53 vt
592 2855 181 53 frequenter
735 2855 130 53 dictum
825 2855 104 53 est:
890 2855 78 53 et
929 2855 91 53 sic
981 2855 143 53 sumendo
1085 2855 155 53 habitum.
1188 2855 65 53 di-

333 2895 72 55 co
369 2895 97 55 quod
430 2895 85 55 vel
478 2895 97 55 ille
538 2895 145 55 includit
647 2895 145 55 praecise
756 2895 133 55 habitus
852 2895 205 55 speculatiuos:
1021 2895 109 55 sicut
1094 2895 109 55 verbi
1154 2895 97 55 gratia

324 2932 110 59 tota
393 2932 137 59 geodia
489 2932 151 59 proprie
599 2932 151 59 sumpta:
708 2932 82 59 et
749 2932 151 59 constat
859 2932 110 59 quod
928 2932 123 59 talis
1010 2932 96 59 est
1051 2932 206 59 speculatiuus:

330 2979 96 61 vel
385 2979 164 61 includit
508 2979 164 61 praecise
631 2979 191 61 practicos:
781 2979 82 61 vt
822 2979 123 61 verbi
904 2979 150 61 gratia.
1013 2979 164 61 medicina
1122 2979 123 61 practi-

331 3023 79 73 ca
370 3023 211 73 condistincta
542 3023 132 73 contra
634 3023 172 73 medicinam
766 3023 185 73 theoricam:
912 3023 79 73 et
951 3023 106 73 tunc
1017 3023 92 73 non
1070 3023 92 73 est
1123 3023 132 73 dubium
1202 3023 53 73 ta

1301 207 91 71 lem
1353 207 104 71 esse
1418 207 143 71 proprie
1522 207 182 71 practicum.
1665 207 91 71 Aut
1717 207 156 71 includit
1834 207 143 71 aliquos
1938 207 169 71 practicos
2068 207 78 71 et
2094 207 117 71 aliquas

1285 267 206 63 speculatiuos
1452 267 154 63 habentes
1568 267 219 63 conuenientiam
1749 267 142 63 generis
1852 267 154 63 subiecti
1967 267 77 63 et
2006 267 142 63 analoam
2109 267 77 63 ad
2135 267 77 63 pra-

1299 312 116 54 cticos:
1384 312 105 54 vtpote
1458 312 84 54 quod
1510 312 137 54 principim
1616 312 74 54 seu
1658 312 116 54 potius:
1742 312 105 54 quorum
1816 312 169 54 conclusiones
1953 312 84 54 sunt
2006 312 137 54 principim
2101 312 116 54 respectum

1285 357 217 57 conclusionem
1462 357 163 57 habituum
1584 357 217 57 practicorum:
1761 357 136 57 quales
1856 357 95 57 (vt
1910 357 122 57 supra
1992 357 136 57 dictum
2087 357 109 57 est)
2141 357 82 57 sunt

1297 397 205 64 virtualiter
1462 397 82 64 et
1503 397 82 64 de
1544 397 151 64 proximo
1653 397 205 64 mediantibus
1817 397 109 64 suis
1886 397 151 64 actibus
1995 397 137 64 praxis
2077 397 137 64 directi-

1293 450 103 48 ui:
1352 450 132 48 sicut
1440 450 117 48 tota
1513 450 161 48 medicia
1631 450 191 48 includens
1777 450 103 48 tam
1836 450 191 48 medicinas
1982 450 191 48 partiales
2114 450 103 48 specu

1295 487 141 57 latiuas
1398 487 102 57 quam
1461 487 166 57 partiales
1589 487 179 57 practicas.
1730 487 77 57 et
1768 487 115 57 talis
1845 487 141 57 habitus
1947 487 141 57 congrue
2050 487 128 57 potest
2126 487 90 57 deno-

1292 530 132 53 minari
1384 530 184 53 practicus:
1529 530 105 53 quod
1595 530 132 53 patet.
1687 530 105 53 Quia
1752 530 118 53 sicut
1831 530 105 53 tota
1897 530 158 53 medicina
2016 530 171 53 praedicto
2134 530 79 53 modo

1294 576 119 51 sumpta.
1381 576 152 51 communiter
1500 576 119 51 dicitur
1586 576 141 51 practica.
1695 576 141 51 Similiter
1803 576 162 51 philosophia
1933 576 119 51 moralis
2019 576 119 51 dicitur
2095 576 119 51 practica-

1285 621 81 53 no
1325 621 162 53 obstante
1446 621 108 53 quod
1514 621 135 53 multos
1608 621 148 53 habitus
1716 621 108 53 mere
1783 621 216 53 speculatiuos
1959 621 175 53 includat:
2094 621 121 53 sicut
2161 621 54 53 fa

1282 664 153 53 ciliter
1394 664 181 53 aduertere
1533 664 139 53 potest
1631 664 98 53 qui
1686 664 125 53 curam
1770 664 167 53 voluerit
1895 664 181 53 adhibere.
2035 664 70 53 ⁋
2063 664 139 53 Secudo
2160 664 112 53 quia

1291 703 116 61 exquo
1368 703 116 61 tales
1445 703 141 61 habitus
1548 703 193 61 speculatiui
1703 703 77 61 et
1741 703 167 61 practici:
1870 703 154 61 dicuntur
1986 703 77 61 ad
2024 703 103 61 vnam
2076 703 141 61 scientiam

1293 756 126 54 totalem
1384 756 149 54 pertinere
1499 756 126 54 propter
1591 756 138 54 vnitatem
1694 756 80 54 per
1740 756 69 54 se
1774 756 126 54 generis
1866 756 138 54 subiecti
1969 756 126 54 possunt
2049 756 161 54 conuenienter

1295 803 188 48 denominari.
1446 803 88 48 vno
1496 803 113 48 modo:
1572 803 113 48 iuxta
1647 803 163 48 consuetam
1773 803 226 48 denominationem
1961 803 163 48 habituum.
2074 803 151 48 conuenien-

1289 839 101 52 tius
1353 839 114 52 autem
1429 839 139 52 vocatur
1530 839 101 52 iste
1593 839 139 52 totalis
1695 839 139 52 habitus
1796 839 76 52 ab
1834 839 165 52 habitibus
1961 839 127 52 quorum
2037 839 177 52 conclusiones

1287 881 97 55 sunt
1348 881 134 55 deducte
1445 881 73 55 ex
1482 881 219 55 conclusionibus
1665 881 134 55 aliorum
1762 881 110 55 sicut
1835 881 73 55 ex
1872 881 183 55 principiis:
2018 881 97 55 quam
2079 881 73 55 ex
2103 881 110 55 habiti-

1288 925 84 57 bus:
1341 925 105 57 quorum
1415 925 168 57 conclusiones
1552 925 84 57 sunt
1604 925 116 57 princia
1688 925 189 57 conclusionibus
1846 925 126 57 aliorum:
1941 925 95 57 sicut
2004 925 63 57 et
2036 925 179 57 demonstratio:
2172 925 53 57 de-

1289 977 164 47 nominatur
1416 977 114 47 autet
1492 977 190 47 vniversalis
1643 977 89 47 vel
1694 977 215 47 particularis.
1871 977 190 47 affirmatiua
2023 977 89 47 vel
2073 977 152 47 negatiua
2174 977 51 47 ex

1290 1015 193 60 conclusione:
1447 1015 72 60 et
1483 1015 85 60 non
1532 1015 72 60 ex
1568 1015 181 60 principiis:
1713 1015 72 60 vt
1749 1015 109 60 patet
1821 1015 109 60 primo
1894 1015 193 60 posteriorum.
2051 1015 60 60 ⁋
2075 1015 121 60 Tertio
2148 1015 72 60 idem

1289 1062 111 56 patet
1363 1062 74 56 ex
1400 1062 111 56 dicto
1474 1062 210 56 Commentatori.
1646 1062 74 56 2o
1683 1062 111 56 meta.
1757 1062 86 56 vbi
1806 1062 99 56 ait.
1868 1062 148 56 Scientia
1979 1062 173 56 operatiua:
2102 1062 111 56 quamuis

1299 1100 137 55 vtatur
1395 1100 219 55 rtocinatione
1572 1100 82 55 et
1613 1100 191 55 speculetur
1764 1100 82 55 de
1805 1100 150 55 causis:
1914 1100 96 55 non
1969 1100 123 55 tamen
2050 1100 96 55 est
2105 1100 123 55 digna
2173 1100 55 55 vo

1297 1144 105 56 cari
1362 1144 157 56 scientia
1480 1144 209 56 speculatiua:
1650 1144 105 56 quia
1715 1144 92 56 non
1768 1144 209 56 perscrutatur
1937 1144 78 56 de
1977 1144 131 56 causis
2068 1144 118 56 rerum
2147 1144 78 56 et
2173 1144 52 56 de

1292 1187 227 53 diffinitionibus
1483 1187 120 53 earum:
1567 1187 96 53 nisi
1627 1187 72 53 vt
1663 1187 144 53 scientes
1770 1187 84 53 eam
1818 1187 120 53 agant:
1902 1187 72 53 et
1938 1187 84 53 non
1986 1187 72 53 vt
2022 1187 120 53 sciant
2105 1187 108 53 sicut
2165 1187 60 53 est

1296 1233 73 55 de
1332 1233 158 55 scientiis
1454 1233 206 55 speculatiuis.
1624 1233 134 55 Constat
1721 1233 109 55 autem
1794 1233 97 55 quod
1855 1233 146 55 scientia
1964 1233 97 55 quae
2025 1233 170 55 speculatur
2146 1233 73 55 cau-

1298 1273 91 63 sas
1350 1273 117 63 rerum
1428 1273 91 63 vel
1480 1273 143 63 naturas
1584 1273 156 63 causarum
1701 1273 78 63 et
1740 1273 221 63 diffinitiones
1921 1273 117 63 rerum
1999 1273 91 63 est
2038 1273 182 63 speculatiua:

1292 1319 209 55 comprehendit
1462 1319 104 55 ergo
1527 1319 118 55 talis
1605 1319 157 55 scientia
1723 1319 78 55 de
1762 1319 91 55 qua
1814 1319 170 55 loquitur.
1945 1319 144 55 habitus
2049 1319 91 55 non
2088 1319 144 55 practicos

1297 1366 97 52 sed
1352 1366 235 52 speculatiuos:
1546 1366 83 52 et
1587 1366 124 52 tamen
1670 1366 124 52 dicit
1753 1366 97 52 eam
1808 1366 97 52 non
1863 1366 110 52 esse
1932 1366 138 52 dignam
2029 1366 138 52 vocari
2112 1366 110 52 specu-

1293 1404 163 59 latiuam:
1415 1404 95 59 sed
1470 1404 190 59 practicam.
1619 1404 81 59 Et
1660 1404 163 59 rationem
1782 1404 149 59 subdit.
1890 1404 108 59 quia
1958 1404 122 59 tales
2039 1404 149 59 notitie
2134 1404 95 59 specu

1297 1457 114 48 latiue
1376 1457 159 48 ordinantur
1501 1457 68 48 ad
1535 1457 159 48 practicas:
1660 1457 102 48 velut
1729 1457 136 48 scilicet
1831 1457 148 48 principio
1945 1457 68 48 ad
1979 1457 182 48 conclusiones
2115 1457 114 48 principa

1295 1503 128 45 liter
1380 1503 184 45 intentas:
1522 1503 85 45 et
1564 1503 113 45 ideo
1635 1503 71 45 a
1664 1503 142 45 finali
1763 1503 128 45 parte
1848 1503 213 45 denominatur
2018 1503 184 45 practica.
2160 1503 71 45 ⁋
2174 1503 71 45 Re-

1302 1537 91 58 stat
1359 1537 103 58 autem
1427 1537 103 58 circa
1496 1537 149 58 praedicta
1610 1537 91 58 vnum
1667 1537 114 58 dubium
1747 1537 137 58 scilicet
1850 1537 80 58 quo
1896 1537 137 58 scientia
1999 1537 137 58 practica
2102 1537 80 58 seu
2136 1537 80 58 acti-

1294 1579 84 60 ua
1336 1579 195 60 distinguat
1489 1579 70 60 a
1517 1579 195 60 prudentia:
1671 1579 84 60 et
1713 1579 167 60 scientia
1838 1579 154 60 factiua
1950 1579 223 60 distinguatur
2131 1579 84 60 ab
2159 1579 70 60 ar-

1292 1626 83 54 te:
1340 1626 95 54 quod
1399 1626 95 54 enim
1459 1626 191 54 distinguatur
1614 1626 107 54 patet
1686 1626 72 54 ex
1721 1626 72 54 6o
1757 1626 131 54 ethico.
1853 1626 83 54 vbi
1900 1626 179 54 philosophus
2043 1626 119 54 probat
2127 1626 107 54 neque
2186 1626 60 54 ar-

1291 1674 91 54 tem
1343 1674 117 54 neque
1421 1674 182 54 prudentiam
1564 1674 104 54 esse
1629 1674 182 54 scientiam.
1772 1674 78 54 Si
1811 1674 130 54 igitur
1902 1674 156 54 scientia
2019 1674 130 54 actiua
2110 1674 91 54 vel
2149 1674 65 54 pra

1291 1718 124 50 ctica
1374 1718 96 50 sit
1429 1718 152 50 habitus
1539 1718 96 50 sic
1594 1718 193 50 directiuus
1746 1718 83 50 vt
1787 1718 138 50 dictum
1884 1718 110 50 est.
1952 1718 138 50 igitur
2049 1718 110 50 ipsa
2118 1718 96 50 est
2159 1718 69 50 ha-

1293 1754 111 63 bitus
1367 1754 99 63 vera
1428 1754 136 63 ratione
1527 1754 148 63 actiuus.
1638 1754 86 63 hoc
1687 1754 111 63 autem
1761 1754 185 63 praedicatum
1909 1754 172 63 diffinitio
2044 1754 86 63 est
2081 1754 148 63 prudentie:

1300 1805 65 54 vt
1333 1805 109 54 patet.
1409 1805 65 54 6.
1441 1805 141 54 ethicorm.
1550 1805 141 54 Similiter
1659 1805 130 54 scientia
1756 1805 119 54 factiua
1843 1805 87 54 erit
1897 1805 119 54 habitus
1984 1805 87 54 vera
2039 1805 119 54 ratione
2126 1805 141 54 factiuus:

1299 1840 78 60 cum
1343 1840 111 60 igitur
1421 1840 78 60 hec
1466 1840 78 60 sit
1510 1840 156 60 diffinitio
1633 1840 111 60 artis:
1710 1840 67 60 vt
1744 1840 100 60 patet
1810 1840 111 60 ibidem
1888 1840 78 60 quo
1933 1840 111 60 igitur
2011 1840 145 60 scientiae
2122 1840 89 60 iste
2166 1840 56 60 di-

1297 1889 202 55 stinguuntur
1458 1889 67 55 a
1485 1889 175 55 prudentia
1620 1889 81 55 et
1660 1889 121 55 arte.
1741 1889 67 55 ⁋
1768 1889 148 55 Dudenmm
1876 1889 148 55 quantum
1984 1889 108 55 mihi
2051 1889 148 55 apparet
2145 1889 81 55 quod

1292 1922 177 60 differentia
1434 1922 106 60 harum
1505 1922 154 60 consistit
1623 1922 71 60 in
1658 1922 83 60 hoc
1706 1922 94 60 quod
1765 1922 106 60 nulla
1835 1922 142 60 scientia
1942 1922 94 60 siue
2001 1922 142 60 practica
2107 1922 118 60 actiua
2178 1922 59 60 vel

1294 1979 151 50 factiua
1404 1979 110 50 siue
1473 1979 220 50 speculatiua:
1651 1979 178 50 concludit
1788 1979 82 50 de
1830 1979 82 50 re
1871 1979 137 50 aliqua
1967 1979 206 50 contingenti
2118 1979 96 50 singu

1291 2017 115 57 larem
1368 2017 205 57 conclusionem
1534 2017 166 57 Prudentia
1662 2017 102 57 vero
1726 2017 128 57 semper
1816 2017 77 57 de
1854 2017 77 57 re
1892 2017 192 57 contingenti
2046 2017 166 57 singulare
2161 2017 64 57 con

1299 2062 106 56 cludit
1373 2062 179 56 conclusionem:
1521 2062 63 56 et
1553 2062 74 56 hoc
1595 2062 84 56 siue
1648 2062 63 56 ex
1679 2062 106 56 altera
1753 2062 137 56 praemissa
1859 2062 148 56 vniversali
1975 2062 63 56 et
2006 2062 106 56 maxime
2080 2062 74 56 per
2112 2062 116 56 experien-

1293 2107 117 56 tias
1366 2107 219 56 singularium
1541 2107 131 56 nota:
1629 2107 87 56 et
1672 2107 160 56 reliqua
1789 2107 189 56 singulari
1935 2107 117 56 nota
2007 2107 102 56 per
2066 2107 146 56 sensum
2153 2107 73 56 vel

1288 2158 115 45 aliam
1365 2158 217 45 experientiam:
1543 2158 89 45 aut
1594 2158 76 45 ex
1632 2158 102 45 sola
1696 2158 178 45 experietia
1836 2158 204 45 singularium:
2002 2158 102 45 vnde
2066 2158 76 45 6o
2104 2158 166 45 ethicorum

1293 2198 112 51 dici¬.
1371 2198 67 51 p.
1405 2198 78 51 non
1450 2198 78 51 est
1494 2198 146 51 prudentia
1606 2198 179 51 vniversalium
1752 2198 112 51 solum:
1830 2198 78 51 sed
1875 2198 123 51 oportet
1965 2198 67 51 et
1998 2198 157 51 singularia
2110 2198 112 51 cognosce

1295 2239 92 50 re.
1348 2239 132 50 actiua
1440 2239 92 50 est
1493 2239 106 50 enim
1559 2239 158 50 actionum
1678 2239 119 50 circa
1757 2239 198 50 singularia.
1915 2239 79 50 Et
1955 2239 132 50 infra.
2047 2239 132 50 eodem.
2140 2239 79 50 c.
2166 2239 66 50 di-

1298 2279 92 57 cit
1350 2279 105 57 quod
1416 2279 170 57 prudentia
1546 2279 92 57 est
1599 2279 209 57 singularium:
1768 2279 105 57 quae
1834 2279 118 57 fiunt
1912 2279 144 57 cognita
2017 2279 78 57 ex
2043 2279 183 57 experientia.

1306 2325 51 62 ⁋
1326 2325 82 62 Alia
1378 2325 92 62 ratio
1439 2325 154 62 differentie
1562 2325 82 62 est:
1613 2325 82 62 quia
1665 2325 123 62 scientia
1757 2325 133 62 quaelibet
1860 2325 62 62 ex
1890 2325 133 62 necessiis
1993 2325 144 62 principiis
2096 2325 133 62 necessarias

1306 2369 165 57 prciusiones
1438 2369 132 57 deducit.
1537 2369 143 57 Prudentie
1648 2369 88 57 vero
1703 2369 176 57 conclusiones
1846 2369 77 57 non
1890 2369 88 57 sunt
1945 2369 154 57 necessarie
2067 2369 77 57 sed
2100 2369 132 57 contingen-

1304 2424 88 44 tes:
1359 2424 66 44 et
1392 2424 164 44 differentia
1523 2424 131 44 praesens
1621 2424 109 44 melius
1698 2424 175 44 declarabitur
1840 2424 98 44 arti:
1906 2424 142 44 sequenti.
2015 2424 77 44 hec
2059 2424 98 44 patet
2125 2424 88 44 esse
2168 2424 55 44 in-

1294 2455 139 56 tentio.
1396 2455 76 56 p.
1434 2455 76 56 6o
1472 2455 165 56 ethicorum
1599 2455 89 56 vbi
1649 2455 127 56 probat
1738 2455 165 56 scientiam
1865 2455 89 56 non
1915 2455 101 56 esse
1979 2455 190 56 prudentiam.
2131 2455 89 56 ibi
2169 2455 76 56 enim

1297 2502 154 52 postquam
1413 2502 167 52 conclusit
1541 2502 103 52 quod
1605 2502 115 52 actus
1682 2502 179 52 prudentie:
1823 2502 90 52 est
1874 2502 103 52 bene
1938 2502 192 52 consiliari:
2092 2502 128 52 statim
2169 2502 51 52 ex

1293 2546 85 48 hoc
1342 2546 158 48 concludit
1463 2546 97 48 quod
1524 2546 158 48 prudentia
1646 2546 85 48 non
1695 2546 85 48 est
1744 2546 158 48 scientia:
1866 2546 97 48 quia
1927 2546 146 48 scientia
2036 2546 85 48 est
2085 2546 85 48 cum
2122 2546 97 48 demon-

1297 2587 178 53 stratione
1434 2587 82 53 et
1475 2587 82 53 de
1516 2587 96 53 his
1571 2587 96 53 que
1626 2587 82 53 ex
1667 2587 205 53 necessitate
1831 2587 151 53 insunt.
1941 2587 82 53 de
1982 2587 151 53 talibus
2091 2587 123 53 autem
2160 2587 68 53 non

1301 2631 66 52 est
1338 2631 141 52 consiliari:
1451 2631 66 52 sed
1488 2631 56 52 de
1516 2631 66 52 his
1554 2631 94 52 tantum
1619 2631 66 52 oua
1657 2631 131 52 contingunt
1760 2631 94 52 aliter
1825 2631 56 52 se
1853 2631 103 52 habere.
1928 2631 66 52 Sic
1966 2631 84 52 etiam
2022 2631 66 52 suo
2059 2631 75 52 modo
2106 2631 112 52 dicendum
2181 2631 47 52 est

1302 2680 66 49 de
1335 2680 133 49 scientia
1435 2680 122 49 factiua
1523 2680 99 49 repes
1589 2680 110 49 artis:
1667 2680 66 49 vt
1700 2680 66 49 de
1733 2680 99 49 arte.
1799 2680 66 49 p.
1832 2680 133 49 loquitur
1932 2680 66 49 6o
1965 2680 144 49 ethicorum
2075 2680 122 49 quamuis
2153 2680 66 49 vter

1299 2722 86 57 que
1348 2722 136 57 habitus
1447 2722 62 57 a
1471 2722 123 57 multis
1557 2722 111 57 artis
1631 2722 123 57 nomine
1718 2722 160 57 nuncupet:
1841 2722 86 57 sed
1890 2722 86 57 non
1940 2722 86 57 est
1989 2722 148 57 curandum
2100 2722 74 57 de
2124 2722 99 57 nomine

1296 2763 126 70 dummodo
1387 2763 149 70 praedicte
1502 2763 172 70 differentie
1640 2763 103 70 inter
1709 2763 80 70 eas
1755 2763 207 70 intelligantur.
1927 2763 69 70 Et
1962 2763 80 70 hoc
2008 2763 69 70 de
2042 2763 103 70 artio
2111 2763 69 70 2o

1279 2811 113 87 unc
1343 2811 113 87 quo
1408 2811 97 87 ad
1457 2811 210 87 articulum
1618 2811 113 87 3m.
1683 2811 145 87 Utrum
1780 2811 113 87 per
1844 2811 178 87 obiecta
1974 2811 113 87 vel
2038 2811 145 87 fines
2119 2811 97 87 pro-

1444 2851 143 50 prios
1539 2851 238 50 extrinsece:
1730 2851 270 50 distinguantur
1953 2851 175 50 habitus
2064 2851 159 50 specula-

1298 2896 119 56 tiui
1372 2896 74 56 a
1402 2896 208 56 practicis.
1566 2896 178 56 Premitto
1700 2896 134 56 iuxta
1789 2896 193 56 prehabita
1938 2896 89 56 in
1982 2896 253 56 quaestionibus
2176 2896 59 56 su

1293 2944 202 50 perioribus
1452 2944 116 50 quod
1524 2944 173 50 obiectum
1654 2944 173 50 scientie
1784 2944 145 50 potest
1885 2944 202 50 dupliciter
2044 2944 130 50 sumi.
2131 2944 101 50 Uno
2174 2944 58 50 mo

1292 2984 66 57 do
1325 2984 120 57 proprie
1413 2984 77 57 pro
1456 2984 66 57 eo
1489 2984 88 57 quod
1544 2984 120 57 scitur:
1632 2984 66 57 et
1664 2984 77 57 sic
1708 2984 131 57 obiectum
1807 2984 131 57 scientie
1905 2984 77 57 est
1949 2984 175 57 significatum
2092 2984 110 57 totale
2157 2984 66 57 con-

1306 3021 156 71 clusionis
1426 3021 192 71 scientifice.
1582 3021 96 71 Alio
1642 3021 108 71 modo:
1714 3021 156 71 consuetum
1833 3021 84 71 est
1881 3021 120 71 vocari
1965 3021 72 71 ab
2001 3021 156 71 aliquibus
2109 3021 120 71 obiectum
