2439 3522
189 225 135 66 scientie
290 225 101 66 illud
357 225 67 66 de
391 225 79 66 quo
436 225 124 66 aliquid
526 225 112 66 scitu:
604 225 90 66 siue
661 225 101 66 illud
728 225 90 66 quod
784 225 112 66 scitur
863 225 90 66 esse
919 225 90 66 tale
975 225 79 66 vel
1020 225 90 66 tale
1065 225 45 66 et

195 269 108 67 illud
267 269 84 67 est
315 269 108 67 illud
387 269 84 67 pro
436 269 84 67 quo
484 269 144 67 supponit
592 269 156 67 subiectum
712 269 180 67 scientifice
856 269 204 67 conclusionis:
1025 269 72 67 et
1049 269 48 67 ma

192 314 82 67 gis
239 314 128 67 proprie
332 314 128 67 vocatur
425 314 151 67 subiectum
542 314 151 67 scientie:
658 314 70 67 et
693 314 82 67 sic
740 314 116 67 aliqui
821 314 128 67 moderni
915 314 116 67 tantum
996 314 93 67 modo
1043 314 58 67 vo-

193 364 98 62 cant
254 364 73 62 et
291 364 86 62 non
340 364 159 62 obiectum.
462 364 73 62 et
499 364 86 62 sic
547 364 110 62 etiam
621 364 98 62 vsus
682 364 86 62 sum
731 364 86 62 pro
780 364 122 62 maiori
865 364 110 62 parte
939 364 73 62 in
963 364 147 62 quaestioni

190 395 95 74 bus
245 395 257 74 praecedentibus:
461 395 149 74 quamuis
569 395 176 74 aliquando
704 395 81 74 me
745 395 189 74 conformans
894 395 81 74 in
934 395 108 74 modo
988 395 122 74 loquen-

184 443 81 64 di
224 443 202 64 opinionibus
385 443 81 64 de
426 443 134 64 quibus
520 443 188 64 tractabam.
668 443 121 64 etiam
748 443 175 64 subiectum
883 443 215 64 appellauerim
1044 443 54 64 ob

181 482 149 76 iectum.
290 482 81 76 In
331 482 176 76 praesenti
466 482 122 76 autem
547 482 163 76 articulo
669 482 81 76 ad
710 482 163 76 vitandum
832 482 217 76 ambiguitatem
995 482 108 76 signi-

188 523 184 73 ficationis
332 523 105 73 vtar
398 523 171 73 distincte
529 523 171 73 nominibus
660 523 144 73 obiecti
765 523 79 73 et
804 523 171 73 subiecti.
935 523 118 73 iuxta
1001 523 105 73 sensum

186 569 184 66 praemissum.
333 569 98 66 Pono
394 569 123 66 igitur
480 569 147 66 (quantum
591 569 74 66 ad
627 569 123 66 artium
713 569 123 66 istum)
799 569 196 66 conclusiones
959 569 110 66 tres.
1020 569 86 66 Prima

184 621 112 63 quod
254 621 98 63 non
310 621 168 63 quilibet
437 621 154 63 habitus
549 621 182 63 practicus
689 621 70 63 a
717 621 168 63 quolibet
843 621 210 63 speculatiuo
998 621 112 63 distin

172 664 128 57 guitur
262 664 166 57 subiecto.
390 664 154 57 Secunda.
505 664 154 57 quilibet
620 664 166 57 practicus
748 664 64 57 a
774 664 154 57 quolibet
889 664 192 57 speculatiuo
1030 664 64 57 di-

170 705 177 66 stinguitur
310 705 152 66 obiecto.
424 705 127 66 Tertia
512 705 101 66 quod
576 705 152 66 quilibet
690 705 165 66 practicus
816 705 139 66 proprio
918 705 101 66 fine
981 705 63 66 a
994 705 101 66 quali-

177 743 106 65 bet
238 743 228 65 speculatiuo
420 743 258 65 distinguitur.
632 743 91 65 Et
678 743 152 65 loquor
784 743 106 65 hoc
845 743 91 65 de
890 743 152 65 habitu
982 743 121 65 practi

174 793 107 62 co:
235 793 92 62 et
281 793 198 62 similiter
433 793 229 62 speculatiuo
616 793 107 62 vno
677 793 107 62 non
738 793 244 62 comphendenti
936 793 153 62 plures
1028 793 76 62 par

172 833 149 63 tiales.
281 833 81 63 Ex
322 833 122 63 qubus
403 833 136 63 statim
498 833 136 63 patere
593 833 149 63 potest.
702 833 109 63 quid
770 833 95 63 sit
824 833 163 63 dicendum
947 833 81 63 de
974 833 122 63 habiti-

174 873 108 70 bus
235 873 201 70 totalibus
390 873 155 70 plures
498 873 201 70 partiales
653 873 340 70 comprehendentibus.
947 873 77 70 â‹
962 873 124 70 Primam

168 916 204 71 conclusionem
334 916 115 71 probo
411 916 102 71 sic.
474 916 166 71 contingit
602 916 140 71 eiusdem
704 916 153 71 subiecti
819 916 102 71 esse
883 916 153 71 noticiam
985 916 102 71 practi

171 970 117 64 causa
249 970 78 64 et
288 970 220 64 speculatiuam.
469 970 130 64 igitur
560 970 78 64 et
599 970 143 64 habitum
702 970 168 64 practicum
832 970 78 64 et
871 970 143 64 habitum
961 970 130 64 specula-

167 1007 126 61 tiuum:
255 1007 75 61 et
293 1007 88 61 per
343 1007 176 61 consequens
482 1007 88 61 non
532 1007 151 61 quilibet
645 1007 138 61 habitus
746 1007 163 61 practicus
871 1007 63 61 a
896 1007 151 61 quolibet
997 1007 88 61 specu

160 1047 133 71 latiuo
253 1047 213 71 distinguitur
426 1047 173 71 subiecto.
559 1047 213 71 Consequentia
732 1047 120 71 prima
812 1047 133 71 patet:
905 1047 106 71 quia
971 1047 80 71 ex
998 1047 93 71 noti-

156 1094 125 68 tiis
234 1094 249 68 speculatiuis
437 1094 172 68 habitus
562 1094 265 68 speculatiuus:
780 1094 94 68 et
827 1094 94 68 ex
874 1094 203 68 practicis
1014 1094 78 68 ha-

155 1131 106 77 bitus
226 1131 153 77 practicus
343 1131 164 77 generatur.
472 1131 129 77 Secunda
566 1131 106 77 etiam
637 1131 188 77 consequentia
789 1131 117 77 patet:
872 1131 94 77 quia
930 1131 129 77 habitus
1013 1131 70 77 quo-

156 1178 82 69 rum
203 1178 82 69 est
250 1178 93 69 idem
308 1178 152 69 subiectum
425 1178 82 69 non
472 1178 199 69 distinguuntur
635 1178 164 69 subiectis.
764 1178 164 69 Antecedens
892 1178 117 69 patet.
974 1178 82 69 nam
1009 1178 82 69 verbi

156 1232 135 55 gratia.
254 1232 74 55 de
291 1232 86 55 ira
340 1232 123 55 potest
426 1232 98 55 quis
487 1232 111 55 nosse
561 1232 98 55 quod
622 1232 86 55 est
671 1232 123 55 quedam
757 1232 160 55 qualitas:
880 1232 74 55 et
917 1232 123 55 passio
991 1232 98 55 anime:

167 1272 85 63 et
209 1272 113 63 quod
280 1272 99 63 est
337 1272 170 63 ebulitio
464 1272 156 63 sanguis
577 1272 127 63 circa
662 1272 113 63 cor.
732 1272 85 63 et
775 1272 127 63 alias
860 1272 170 63 noticias
973 1272 113 63 specu-

159 1308 132 71 latiuas
255 1308 120 71 habere
339 1308 72 71 de
375 1308 108 71 ipsa:
448 1308 120 71 potest
532 1308 108 71 etiam
604 1308 108 71 scire
676 1308 84 71 pro
724 1308 84 71 qua
772 1308 108 71 causa
844 1308 144 71 qualiter
953 1308 72 71 et
977 1308 96 71 quando

163 1358 178 59 elicienda
300 1358 96 59 est
355 1358 96 59 que
410 1358 110 59 sunt
478 1358 151 59 noticie
588 1358 178 59 practice.
725 1358 178 59 Similiter
862 1358 137 59 potest
958 1358 123 59 sciri
1026 1358 55 59 de

152 1401 127 66 aliqua
241 1401 127 66 specie
331 1401 153 66 febrium.
445 1401 102 66 quod
509 1401 89 66 est
560 1401 115 66 talis
636 1401 217 66 proprietatis:
815 1401 76 66 et
853 1401 102 66 quod
916 1401 76 66 ex
955 1401 102 66 tali
1006 1401 76 66 pro-

147 1436 135 71 uenit
237 1436 151 71 causa:
343 1436 105 71 que
403 1436 120 71 sunt
478 1436 166 71 noticie
598 1436 241 71 speculatiue:
794 1436 226 71 pertinentes
975 1436 90 71 ad
1005 1436 60 71 me

149 1484 140 68 dicinam
251 1484 179 68 theoricam:
392 1484 77 68 et
430 1484 128 68 potest
519 1484 115 68 sciri
596 1484 102 68 quod
660 1484 140 68 talibus
762 1484 102 68 est:
826 1484 77 68 et
864 1484 140 68 talibus
953 1484 115 68 curanda

135 1535 271 62 medicaminibus:
361 1535 90 62 et
406 1535 120 62 tali
481 1535 166 62 talique
601 1535 135 62 modo:
692 1535 105 62 que
752 1535 120 62 sunt
827 1535 166 62 noticie
933 1535 135 62 practi-

145 1576 94 54 ce.
198 1576 175 54 Similiter
333 1576 81 54 de
373 1576 148 54 plantis
480 1576 81 54 et
521 1576 175 54 arboribus
655 1576 148 54 possunt
762 1576 121 54 sciri
843 1576 215 54 proprietates
1004 1576 54 54 na

137 1617 164 65 turales
257 1617 90 65 et
301 1617 194 65 passiones
451 1617 105 65 que
510 1617 164 65 noticie
630 1617 119 65 sunt
705 1617 224 65 speculatiue
884 1617 90 65 et
929 1617 90 65 ad
958 1617 105 65 scien

132 1661 111 61 tias
201 1661 222 61 speculatiuas
382 1661 222 61 pertinentes.
562 1661 83 61 Et
604 1661 139 61 potest
701 1661 125 61 sciri
784 1661 166 61 qualiter
909 1661 111 61 sunt
964 1661 97 61 putam

136 1703 93 60 de
183 1703 109 60 vel
245 1703 218 60 inserende:
417 1703 202 60 plantande
572 1703 202 60 nutriende
728 1703 93 60 et
774 1703 187 60 colende:
914 1703 109 60 que
961 1703 109 60 noti-

131 1754 111 52 cie
195 1754 127 52 sunt
274 1754 191 52 practice
417 1754 95 52 ad
465 1754 270 52 agriculturam:
687 1754 111 52 vel
750 1754 95 52 si
798 1754 159 52 melius
909 1754 127 52 alio
973 1754 95 52 nomi

146 1785 81 57 ne
187 1785 203 57 nuncupetur:
350 1785 81 57 ad
390 1785 176 57 scientiam
526 1785 122 57 tamen
607 1785 176 57 practicam
743 1785 217 57 pertinentes.
919 1785 68 57 â‹
932 1785 136 57 Secundam

146 1825 187 69 conclusionem
298 1825 117 69 probo.
380 1825 175 69 Impossibile
520 1825 82 69 est
567 1825 117 69 eandem
649 1825 187 69 conclusionem
801 1825 82 69 vel
848 1825 140 69 noticiam
953 1825 94 69 esse
1000 1825 70 69 pra-

136 1884 114 52 cticam
215 1884 68 52 et
249 1884 193 52 speculatiuam.
408 1884 91 52 ergo
465 1884 170 52 impossibile
601 1884 80 52 est
647 1884 68 52 de
681 1884 102 52 eodem
749 1884 125 52 obiecto
840 1884 91 52 esse
897 1884 148 52 scientiam
999 1884 68 52 pra-

150 1918 117 61 cticam
232 1918 70 61 et
267 1918 199 61 speculatiuam:
431 1918 70 61 et
466 1918 82 61 per
513 1918 164 61 consequens
641 1918 152 61 quaelibet
758 1918 140 61 practica
863 1918 58 61 a
887 1918 140 61 qualibet
980 1918 82 61 specu

141 1957 121 67 latiua
225 1957 193 67 distinguitur
383 1957 145 67 obiecto.
491 1957 169 67 Antecedens
624 1957 145 67 probatur
733 1957 72 67 ex
769 1957 72 67 eo
805 1957 97 67 quod
866 1957 181 67 impossibile
999 1957 60 67 est

139 2009 139 60 eandem
236 2009 166 60 noticiam
361 2009 111 60 esse
430 2009 194 60 formaliter
583 2009 194 60 directiuam
735 2009 153 60 praxis:
846 2009 83 60 et
888 2009 97 60 non
943 2009 111 60 esse
999 2009 69 60 for

140 2045 145 63 maliter
245 2045 184 63 directiuam
390 2045 145 63 praxis.
495 2045 210 63 Consequentia
666 2045 131 63 patet:
758 2045 145 63 quoniam
863 2045 184 63 cuiuslibet
994 2045 66 63 ha-

131 2087 106 63 bitus
202 2087 142 63 practici
308 2087 154 63 conclusio
427 2087 83 63 est
474 2087 142 63 practica
580 2087 71 63 et
616 2087 165 63 cuiuslibet
746 2087 177 63 speculatiui
888 2087 154 63 conclusio
994 2087 59 63 est

135 2132 234 61 speculatiua:
325 2132 161 61 nullius
442 2132 131 61 autem
530 2132 219 61 speculatiue
705 2132 146 61 totale
807 2132 234 61 significatum
982 2132 73 61 est

142 2178 153 62 totale
249 2178 246 62 significatum
449 2178 199 62 practice.
602 2178 107 62 Nam
663 2178 230 62 impossibile
848 2178 107 62 est
909 2178 123 62 idem
970 2178 77 62 ade

138 2225 133 47 quate
227 2225 221 47 significari
404 2225 103 47 per
463 2225 251 47 propositionem
669 2225 103 47 non
728 2225 207 47 formaliter
876 2225 177 47 directiuam

140 2270 156 62 praxis
249 2270 93 62 et
296 2270 218 62 directiuam
467 2270 171 62 praxis:
592 2270 93 62 vt
638 2270 93 62 de
685 2270 93 62 se
732 2270 140 62 notum
825 2270 124 62 est.
903 2270 78 62 â‹
919 2270 124 62 Tertia

138 2313 114 56 est.
209 2313 114 56 quod
280 2313 170 56 quilibet
407 2313 156 56 habitus
521 2313 184 56 practicus
663 2313 71 56 a
691 2313 170 56 quolibet
819 2313 213 56 speculatiuo
975 2313 71 56 pro

133 2350 110 59 prio
202 2350 110 59 fine
271 2350 234 59 distinguitur.
464 2350 179 59 probatur:
602 2350 110 59 quia
670 2350 152 59 nullius
781 2350 152 59 habitus
877 2350 179 59 speculatiui

126 2405 98 50 est
182 2405 153 50 aliquis
293 2405 126 50 actus
377 2405 126 50 alius
461 2405 70 50 a
489 2405 126 50 scire
573 2405 153 50 proprio
684 2405 153 50 elicito
796 2405 140 50 finis:
880 2405 167 50 cuiuslibet

133 2445 127 55 autem
218 2445 156 55 habitus
331 2445 170 55 practici
458 2445 127 55 alius
543 2445 127 55 actus
628 2445 71 55 a
657 2445 127 55 scire
742 2445 156 55 proprio
855 2445 99 55 est
911 2445 142 55 finis.
996 2445 57 55 er

133 2488 84 51 go
175 2488 168 51 quilibet
301 2488 154 51 habitus
412 2488 182 51 practicus
552 2488 70 51 a
580 2488 168 51 quolibet
706 2488 210 51 speculatiuo
873 2488 112 51 fine
929 2488 112 51 distin

139 2533 125 52 guitur.
230 2533 57 52 â‹
252 2533 159 52 Antecedens
378 2533 80 52 quo
423 2533 68 52 ad
457 2533 114 52 primam
537 2533 114 52 partem
617 2533 114 52 patet:
696 2533 91 52 quia
753 2533 114 52 nullus
833 2533 102 52 actus
901 2533 80 52 est
935 2533 114 52 proprius

131 2573 139 48 finis
223 2573 170 48 habitus
347 2573 124 48 nisi
425 2573 108 48 vel
487 2573 93 48 ab
533 2573 124 48 ipso
610 2573 186 48 elicitus
750 2573 108 48 vel
812 2573 93 48 ab
858 2573 93 48 eo
889 2573 155 48 mediante

136 2619 126 56 actu
215 2619 173 56 elicito
341 2619 205 56 directus.
499 2619 95 56 Et
546 2619 158 56 loquor
656 2619 95 56 de
703 2619 126 56 fine
782 2619 221 56 competente
940 2619 110 56 habi-

143 2660 92 53 tui
195 2660 79 53 ex
235 2660 145 53 propria
340 2660 105 53 nam:
406 2660 92 53 non
459 2660 79 53 ex
498 2660 171 53 voluntate
630 2660 158 53 habentis
748 2660 158 53 habitum:
867 2660 145 53 quamuis
959 2660 79 53 enim

144 2707 117 49 quis
218 2707 146 49 possit
320 2707 176 49 adiscere
452 2707 205 49 geometriam
613 2707 88 49 vt
657 2707 102 49 eam
715 2707 161 49 doceat:
832 2707 88 49 et
876 2707 161 49 docendo
978 2707 59 49 lu

138 2751 156 48 cretur:
251 2751 99 48 nec
308 2751 142 48 docere
408 2751 99 48 nec
465 2751 156 48 lucrari
578 2751 128 48 finis
663 2751 99 48 est
720 2751 185 48 competens
862 2751 185 48 geomediae
990 2751 57 48 ex

134 2788 164 54 propria
254 2788 120 54 nam:
328 2788 105 54 cum
388 2788 105 54 nec
448 2788 120 54 ipsa
523 2788 149 54 doceat
627 2788 149 54 docere
732 2788 105 54 vel
792 2788 179 54 lucrari:
926 2788 105 54 nec
971 2788 60 54 al

143 2834 106 53 ter
203 2834 136 53 eorum
294 2834 106 53 sit
355 2834 136 53 actus
445 2834 197 53 immediate
597 2834 91 53 ab
642 2834 91 53 ea
687 2834 197 53 elicitus)
838 2834 166 53 habitus
944 2834 91 53 aute

133 2872 217 61 speculatiui
306 2872 145 61 nullus
407 2872 101 61 est
465 2872 130 61 actus
552 2872 188 61 directus:
697 2872 101 61 cum
755 2872 116 61 eius
827 2872 130 61 actus
899 2872 145 61 elicitus

142 2922 79 49 non
187 2922 79 49 sit
232 2922 170 49 directiuus:
368 2922 79 49 vt.
413 2922 102 49 supra
481 2922 113 49 patet.
560 2922 57 49 â‹
583 2922 124 49 Secunda
674 2922 91 49 pars
730 2922 170 49 antecedents
866 2922 79 49 est
911 2922 113 49 clara:
979 2922 68 49 quia

144 2961 121 62 omnis
224 2961 148 62 habitus
332 2961 175 62 practicus
466 2961 188 62 directiuus
614 2961 94 62 est
668 2961 134 62 praxis
762 2961 161 62 alicuius
883 2961 94 62 que
923 2961 108 62 quiden

141 3001 85 56 est
189 3001 109 56 actus
262 3001 145 56 directus
371 3001 109 56 alius
444 3001 73 56 ab
480 3001 97 56 actu
541 3001 133 56 proprio
638 3001 145 56 elicito.
747 3001 145 56 quilibet
856 3001 109 56 autem
917 3001 133 56 huiusmodi

1147 232 129 84 actus
1232 232 100 84 est
1290 232 129 84 finis
1375 232 172 84 habitus.
1504 232 129 84 Unde.
1590 232 86 84 p.
1633 232 86 84 9.
1676 232 129 84 meta.
1761 232 129 84 finis
1847 232 129 84 autem
1933 232 100 84 est
1976 232 114 84 actus.

1158 289 85 70 et
1200 289 128 70 huius
1286 289 142 70 gratia
1386 289 171 70 potentia
1514 289 171 70 sumitur.
1642 289 100 70 Non
1699 289 114 70 enim
1770 289 85 70 vt
1813 289 128 70 visum
1898 289 157 70 habeant
1998 289 71 70 vi-

1162 334 103 66 dent
1226 334 141 66 aialia:
1329 334 90 66 sed
1380 334 77 66 vt
1419 334 154 66 videant:
1534 334 115 66 visum
1611 334 141 66 habent.
1714 334 167 66 Similiter
1842 334 90 66 aut
1893 334 77 66 et
1919 334 141 66 edifican-

1149 382 83 62 di
1191 382 193 62 scientiam:
1342 382 83 62 vt
1384 382 193 62 edificent:
1536 382 83 62 et
1577 382 179 62 theoricam
1715 382 83 62 vt
1756 382 221 62 speculentur.
1936 382 83 62 Et
1963 382 97 62 paulo

1148 422 115 69 post.
1225 422 103 69 opus
1289 422 103 69 enim
1353 422 128 69 inquit
1443 422 115 69 finis
1520 422 154 69 supieite
1635 422 167 69 scientie.
1763 422 115 69 actus
1840 422 115 69 autem
1917 422 115 69 opus.
1994 422 64 69 â‹
2007 422 51 69 Ex

1154 474 127 54 quibus
1243 474 165 54 euidenter
1370 474 140 54 apparet
1472 474 102 54 quod
1535 474 165 54 secundum.
1662 474 76 54 p.
1701 474 89 54 tam
1751 474 114 54 actus
1828 474 152 54 elicitus
1942 474 102 54 quam
1993 474 76 54 opus

1156 513 91 65 quod
1212 513 79 65 est
1258 513 102 65 actus
1326 513 159 65 directiuus
1451 513 148 65 scientiae
1564 513 79 65 vel
1610 513 102 65 artis
1678 513 79 65 est
1723 513 102 65 finis
1791 513 102 65 eius:
1860 513 68 65 et
1894 513 148 65 similiter
1996 513 68 65 quod

1151 550 110 63 scire
1224 550 207 63 speculationum
1395 550 85 63 est
1444 550 110 63 finis
1517 550 159 63 theorice.
1639 550 195 63 consequentia
1798 550 110 63 autem
1871 550 110 63 clara
1944 550 98 63 est:
1993 550 61 63 quo

1141 594 116 64 niam
1213 594 174 64 practici
1343 594 145 64 duplex
1445 594 130 64 actus
1531 594 101 64 est
1589 594 145 64 finis:
1691 594 130 64 licem
1777 594 116 64 vnus
1850 594 145 64 alteri
1937 594 130 64 subordi

1147 641 90 64 net
1199 641 155 64 scilicet
1315 641 155 64 proprium
1431 641 116 64 scire
1508 641 77 64 et
1547 641 155 64 operari.
1663 641 194 64 speculatiui
1818 641 103 64 vero
1882 641 129 64 tantum
1960 641 103 64 scire.

1139 686 74 58 â‹
1169 686 192 58 Praeterea
1316 686 133 58 actus
1405 686 177 58 directus
1538 686 89 58 ab
1582 686 103 58 vno
1641 686 148 58 habitu
1745 686 177 58 practico
1878 686 133 58 esset
1952 686 103 58 actus

1139 727 182 66 elicitus
1275 727 91 66 ab
1321 727 121 66 alio
1397 727 152 66 habitu
1503 727 243 66 speculatiuo:
1700 727 91 66 vt
1746 727 137 66 satis
1837 727 106 66 est
1882 727 182 66 possibile.

1148 767 123 65 verbi
1230 767 150 65 gratia.
1340 767 82 65 Si
1381 767 109 65 quis
1449 767 150 65 haberet
1558 767 150 65 habitum
1667 767 178 65 prudentie
1804 767 96 65 vel
1859 767 123 65 alium
1941 767 96 65 quo
1982 767 68 65 sci

1135 810 95 61 ret
1190 810 82 61 in
1231 810 95 61 qua
1285 810 177 61 facultate
1421 810 204 61 speculatiua
1584 810 82 61 et
1625 810 95 61 quo
1679 810 150 61 tempore
1788 810 82 61 et
1829 810 136 61 quando
1924 810 122 61 esset
1992 810 68 61 stu

1132 855 161 62 dendum
1245 855 113 62 vel
1309 855 242 62 meditandum:
1502 855 97 62 et
1551 855 193 62 mediante
1696 855 161 62 habitu
1808 855 161 62 illius
1905 855 145 62 faculta

1135 897 108 69 tis
1196 897 232 69 meditaretur
1382 897 93 69 et
1428 897 186 69 studeret
1568 897 139 69 iuxta
1660 897 186 69 dictamen
1800 897 108 69 iam
1861 897 139 69 dicti
1939 897 108 69 habi-

1128 944 116 65 tus:
1200 944 145 65 vtique
1301 944 130 65 talis
1388 944 188 65 meditatio
1533 944 130 65 esset
1620 944 130 65 actus
1707 944 174 65 directus
1838 944 87 65 ab
1881 944 145 65 habitu
1968 944 87 65 pra-

1138 983 116 67 ctico
1216 983 77 67 et
1254 983 155 67 elicitus
1370 983 65 67 a
1396 983 206 67 speculatiuo:
1564 983 77 67 et
1603 983 90 67 per
1654 983 181 67 consequens
1796 983 116 67 finis
1873 983 168 67 vtriusque
1990 983 65 67 ve-

1135 1032 100 63 rum:
1198 1032 100 63 quia
1261 1032 88 63 non
1311 1032 113 63 esset
1386 1032 113 63 eodem
1461 1032 100 63 modo
1523 1032 113 63 finis
1599 1032 150 63 amborum:
1711 1032 88 63 sed
1761 1032 150 63 practici
1874 1032 138 63 tanquam
1961 1032 88 63 actus

1130 1069 178 69 directus.
1267 1069 205 69 speculatiui
1431 1069 109 69 vero
1499 1069 96 69 non
1554 1069 82 69 vt
1595 1069 178 69 directus:
1732 1069 96 69 sed
1786 1069 82 69 vt
1827 1069 164 69 elicitus
1937 1069 109 69 tantum

1127 1118 137 62 adhuc
1218 1118 167 62 habitus
1339 1118 121 62 isti
1415 1118 167 62 possent
1536 1118 152 62 aliquo
1643 1118 121 62 modo
1718 1118 182 62 differre
1855 1118 106 62 quo
1916 1118 91 62 ad
1946 1118 106 62 finem

1131 1164 123 56 vtrique
1220 1164 145 56 communem.
1332 1164 56 56 â‹
1355 1164 90 56 Ista
1411 1164 145 56 conclusio
1522 1164 78 56 est
1567 1164 112 56 vtique
1645 1164 67 56 de
1679 1164 157 56 intentione
1802 1164 157 56 philosophi
1925 1164 67 56 et
1948 1164 90 56 commen

1120 1209 147 57 tatorum
1226 1209 133 57 suorum
1320 1209 80 57 in
1360 1209 160 57 pluribus
1479 1209 133 57 locis.
1573 1209 93 57 Ait
1626 1209 107 57 enim
1693 1209 80 57 p.
1733 1209 80 57 2o
1773 1209 120 57 meta.
1852 1209 107 57 quod
1906 1209 133 57 theorice

1129 1243 100 69 finis
1195 1243 78 69 est
1240 1243 133 69 veritas.
1339 1243 133 69 practice
1439 1243 89 69 vero
1494 1243 100 69 opus.
1561 1243 66 69 Et
1594 1243 199 69 Commentatoris.
1760 1243 89 69 ibi.
1816 1243 133 69 scientie
1915 1243 111 69 inquit
1982 1243 55 69 at-

1121 1293 135 52 tribute
1219 1293 184 52 philosophie
1366 1293 86 52 due
1415 1293 110 52 sunt:
1488 1293 123 52 quarum
1574 1293 86 52 vna
1623 1293 86 52 est
1672 1293 110 52 cuius
1746 1293 110 52 finis
1819 1293 86 52 est
1868 1293 110 52 scire
1930 1293 110 52 tantum:

1123 1331 77 61 et
1162 1331 129 61 altera
1252 1331 154 61 operari.
1368 1331 64 61 â‹
1393 1331 90 61 Ite
1445 1331 77 61 3o
1483 1331 77 61 de
1522 1331 129 61 anima.
1612 1331 142 61 inquit.
1715 1331 90 61 ph.
1767 1331 154 61 capitulo
1882 1331 77 61 de
1908 1331 116 61 motore.

1126 1379 183 52 tellectus
1267 1379 99 52 qui
1323 1379 155 52 propter
1436 1379 155 52 aliquid
1549 1379 183 52 rocinatur
1690 1379 85 52 et
1732 1379 183 52 practicus
1873 1379 99 52 est
1915 1379 113 52 differ

1114 1425 70 57 a
1142 1425 210 57 speculatiuo
1310 1425 126 57 fine.
1395 1425 98 57 vbi
1451 1425 239 57 Commentators.
1647 1425 196 57 operatiuus
1801 1425 140 57 inquit
1900 1425 154 57 differt
1998 1425 42 57 a

1117 1460 234 62 speculatiuo
1305 1460 94 62 in
1352 1460 281 62 participatione
1586 1460 94 62 et
1633 1460 141 62 fine.
1727 1460 141 62 Finis
1820 1460 125 62 enim
1883 1460 156 62 specula-

1114 1506 116 63 tiui
1186 1506 101 63 est
1244 1506 130 63 scire
1330 1506 159 63 tantum:
1446 1506 188 63 operatiui
1591 1506 159 63 operari
1706 1506 116 63 sup.
1779 1506 101 63 non
1837 1506 145 63 tantum
1923 1506 116 63 scire.

1121 1551 175 57 vtriusque
1255 1551 107 57 enim
1322 1551 121 57 finis
1403 1551 94 57 est
1456 1551 134 57 scire.
1550 1551 121 57 iuxta
1631 1551 134 57 illud.
1725 1551 81 57 p.
1765 1551 81 57 6.
1806 1551 148 57 ethico.
1913 1551 94 57 hoc
1953 1551 81 57 enim

1120 1599 135 55 omnis
1210 1599 240 55 intellectiui
1405 1599 135 55 opus:
1495 1599 105 55 sed
1555 1599 135 55 vltra
1644 1599 135 55 scire
1734 1599 105 55 non
1794 1599 105 55 est
1854 1599 135 55 alius
1929 1599 105 55 finis

1106 1637 221 60 speculatiui.
1286 1637 166 60 practici
1410 1637 124 60 autem
1493 1637 124 60 vltra
1576 1637 124 60 scire
1658 1637 124 60 finis
1741 1637 97 60 est
1796 1637 166 60 operari.
1921 1637 110 60 quod
1976 1637 55 60 si

1103 1677 87 59 de
1147 1677 116 59 fine
1220 1677 145 59 vltimo
1322 1677 160 59 proprio
1438 1677 145 59 tantum
1540 1677 102 59 sit
1598 1677 145 59 sermo:
1700 1677 116 59 tunc
1772 1677 145 59 vtique
1874 1677 145 59 tantum
1961 1677 73 59 ope

1105 1723 110 55 rari
1174 1723 96 55 est
1229 1723 124 55 finis
1311 1723 178 55 practici.
1448 1723 96 55 Nam
1503 1723 110 55 suum
1572 1723 124 55 scire
1654 1723 82 55 ad
1696 1723 151 55 operari
1805 1723 178 55 finaliter
1929 1723 96 55 ordi-

1112 1767 119 55 natur:
1195 1767 71 55 et
1231 1767 83 55 sic
1279 1767 191 55 intelligenda
1434 1767 95 55 sunt
1493 1767 107 55 dicta
1565 1767 167 55 philosophi
1696 1767 107 55 circa
1767 1767 143 55 materiam
1874 1767 119 55 istam.
1946 1767 83 55 Istud

1112 1805 185 60 declaratur
1257 1805 79 60 ex
1296 1805 119 60 dicto
1376 1805 185 60 eustracii.
1521 1805 79 60 6.
1560 1805 132 60 ethic.
1653 1805 119 60 super
1732 1805 106 60 illo
1798 1805 119 60 vero.
1864 1805 158 60 electionis

1118 1841 144 73 principium
1231 1841 133 73 appetitus
1333 1841 62 73 et
1364 1841 103 73 ratio:
1436 1841 82 73 quem
1487 1841 103 73 gratia
1559 1841 133 73 alicuius.
1662 1841 72 73 vbi
1703 1841 72 73 ait
1744 1841 82 73 sic.
1795 1841 62 73 do
1826 1841 103 73 scicet
1898 1841 82 73 prio
1939 1841 92 73 quoniam

1113 1893 182 63 electionis
1256 1893 182 63 principium
1399 1893 169 63 appetitus
1529 1893 78 63 et
1568 1893 117 63 ratio
1645 1893 91 63 est
1697 1893 156 63 inducens
1814 1893 91 63 que
1866 1893 130 63 gratia
1944 1893 78 63 ali-

1110 1935 129 54 cuius
1195 1935 171 54 ostendat
1324 1935 171 54 rationem
1453 1935 86 54 et
1495 1935 186 54 veritatem
1638 1935 86 54 in
1681 1935 243 54 operationibus
1867 1935 157 54 congruen-

1103 1975 90 67 tem
1155 1975 90 67 que
1206 1975 90 67 est
1258 1975 90 67 non
1309 1975 116 67 vsque
1387 1975 77 67 ad
1425 1975 168 67 veritatem
1554 1975 116 67 stans
1631 1975 219 67 conclusionis:
1812 1975 90 67 sed
1850 1975 168 67 syllogiÃ§ans

1109 2018 129 65 gratia
1199 2018 154 65 actionis
1315 2018 77 65 et
1353 2018 103 65 eius
1418 2018 90 65 qui
1469 2018 154 65 secundum
1585 2018 116 65 ipsam
1662 2018 129 65 finis.
1752 2018 77 65 Et
1791 2018 141 65 subdit.
1881 2018 141 65 scientifi

1102 2068 137 53 caenim
1198 2068 123 53 mens.
1280 2068 82 53 id
1321 2068 96 53 est
1376 2068 205 53 speculatiua
1540 2068 96 53 non
1595 2068 137 53 gratia
1691 2068 164 53 alicuius
1814 2068 164 53 alterius
1937 2068 109 53 apud

1101 2103 138 70 ipsam
1193 2103 138 70 verum
1285 2103 230 70 demonstrat.
1469 2103 123 70 Item
1545 2103 153 70 infra.
1653 2103 230 70 scientifica
1837 2103 153 70 quidem
1929 2103 92 70 mens

1105 2145 116 68 finem
1183 2145 116 68 habet
1260 2145 155 68 inuenire
1377 2145 181 68 veritatem:
1519 2145 78 68 et
1558 2145 116 68 vltra
1636 2145 116 68 nihil
1713 2145 155 68 apponit.
1830 2145 155 68 practica
1933 2145 91 68 autem

1105 2189 149 63 inuenit
1214 2189 135 63 quidem
1308 2189 81 63 et
1349 2189 108 63 ipsa
1417 2189 122 63 verum
1498 2189 95 63 non
1552 2189 122 63 autem
1633 2189 122 63 vsque
1714 2189 81 63 ad
1755 2189 95 63 hoc
1809 2189 122 63 stat:
1890 2189 95 63 sed
1931 2189 81 63 opus

1099 2234 100 63 est
1156 2234 86 63 et
1199 2234 114 63 ipsi
1270 2234 157 63 operare
1384 2234 86 63 vt
1427 2234 171 63 attingat
1555 2234 200 63 appetibile
1712 2234 86 63 de
1755 2234 100 63 quo
1812 2234 86 63 et
1841 2234 171 63 rotiocina-

1108 2283 91 57 ta
1153 2283 121 57 est.
1229 2283 106 57 hec
1289 2283 106 57 que
1349 2283 91 57 de
1395 2283 136 57 mente
1485 2283 181 57 practica
1621 2283 91 57 et
1666 2283 226 57 speculatiua
1847 2283 136 57 dicta
1922 2283 91 57 sunt

1099 2320 224 63 consequenter
1281 2320 126 63 etiam
1365 2320 98 63 suo
1421 2320 112 63 modo
1491 2320 112 63 sunt
1562 2320 224 63 intelligenda
1744 2320 84 63 de
1786 2320 140 63 habitu
1870 2320 140 63 practico

1110 2369 72 58 et
1146 2369 193 58 speculatiuo.
1303 2369 60 58 â‹
1327 2369 120 58 Contra
1411 2369 120 58 primam
1495 2369 193 58 conclusionem
1652 2369 72 58 et
1688 2369 181 58 probationem
1832 2369 132 58 videtur
1917 2369 84 58 inten

1099 2411 80 54 tio
1144 2411 171 54 philosophi.
1281 2411 68 54 6.
1315 2411 103 54 meta.
1383 2411 80 54 ibi
1429 2411 91 54 enim
1486 2411 103 54 dicit
1554 2411 205 54 sententialiter
1725 2411 91 54 quod
1782 2411 137 54 scientie
1885 2411 114 54 actiue
1953 2411 57 54 vel

1100 2450 165 61 factiue
1220 2450 120 61 sunt
1295 2450 90 61 de
1339 2450 105 61 his
1399 2450 150 61 rebus:
1504 2450 150 61 quarum
1609 2450 210 61 principium
1774 2450 105 61 est
1833 2450 90 61 in
1863 2450 135 61 sciente

1098 2490 221 65 Speculatiua
1275 2490 118 65 vero
1349 2490 88 65 de
1393 2490 103 65 his
1452 2490 147 65 quarum
1555 2490 206 65 principium
1717 2490 103 65 non
1776 2490 103 65 est
1835 2490 88 65 in
1864 2490 133 65 sciente

1109 2536 216 66 primpossibile
1287 2536 89 66 est
1338 2536 114 66 autem
1414 2536 140 66 eiusdem
1516 2536 89 66 rei
1567 2536 102 66 esse
1631 2536 76 66 et
1669 2536 89 66 non
1720 2536 102 66 esse
1783 2536 178 66 principium
1923 2536 76 66 in
1948 2536 64 66 sci

1101 2587 109 55 ente.
1174 2587 97 55 ergo
1234 2587 145 55 secundum
1343 2587 182 55 intentionem
1488 2587 170 55 philosophi
1622 2587 182 55 impossibile
1767 2587 85 55 est
1815 2587 121 55 eandem
1900 2587 85 55 rem
1936 2587 73 55 esse

1090 2624 164 63 subiectum
1216 2624 151 63 practice
1330 2624 76 63 et
1368 2624 189 63 speculatiue
1519 2624 164 63 scientie.
1645 2624 63 63 â‹
1670 2624 139 63 Secundo
1771 2624 113 63 idem.
1847 2624 76 63 p.
1885 2624 76 63 6.
1910 2624 88 63 ethi-

1088 2668 133 62 volens
1181 2668 173 62 ostendere
1314 2668 93 62 que
1368 2668 93 62 sit
1421 2668 200 62 differentia
1581 2668 200 62 intellectus
1741 2668 200 62 speculatiui
1901 2668 67 62 a
1927 2668 133 62 practi

1090 2718 95 56 co.
1145 2718 204 56 supponantur
1308 2718 136 56 inquit
1403 2718 95 56 duo
1457 2718 163 56 rationem
1579 2718 176 56 habentia.
1715 2718 109 56 vnum
1783 2718 136 56 quidem
1878 2718 95 56 quo
1919 2718 81 56 spe-

1085 2763 160 51 culamur
1202 2763 131 51 talia
1289 2763 145 51 entium
1391 2763 145 51 quorum
1492 2763 189 51 principia
1638 2763 102 51 non
1696 2763 203 51 contingunt
1856 2763 145 51 aliter
1943 2763 58 51 se

1084 2797 153 62 habere.
1196 2797 112 62 vnum
1265 2797 125 62 autem
1349 2797 98 62 quo
1405 2797 237 62 contingentia.
1600 2797 84 62 Et
1642 2797 195 62 eustracius
1795 2797 98 62 ibi
1851 2797 125 62 dicit
1920 2797 84 62 quod

1086 2840 218 59 scientificum
1264 2840 82 59 et
1305 2840 232 59 rtiocinatiuum
1496 2840 177 59 differunt
1632 2840 123 59 penes
1714 2840 150 59 obiecta
1824 2840 96 59 que
1878 2840 109 59 sunt
1933 2840 68 59 ne-

1088 2891 165 56 cessarium
1215 2891 76 56 et
1253 2891 190 56 contingens.
1405 2891 63 56 â‹
1430 2891 101 56 Item
1494 2891 114 56 infra
1569 2891 139 56 probat.
1671 2891 76 56 p.
1709 2891 101 56 quod
1772 2891 89 56 nec
1823 2891 89 56 ars
1873 2891 114 56 neque
1937 2891 63 56 pru

1084 2935 127 54 dentia
1173 2935 89 54 est
1224 2935 165 54 scientia:
1350 2935 101 54 quia
1414 2935 152 54 scientia
1528 2935 89 54 est
1578 2935 114 54 circa
1654 2935 190 54 necessaria:
1806 2935 165 54 prudentia
1920 2935 76 54 vero

1085 2977 81 52 et
1125 2977 94 52 ars
1179 2977 121 52 circa
1259 2977 228 52 contingentia.
1447 2977 148 52 videtur
1555 2977 134 52 igitur
1649 2977 134 52 velle.
1743 2977 188 52 vtrobique.
1891 2977 81 52 p.
1917 2977 81 52 quod

1085 3016 228 53 speculatiua
1267 3016 182 53 scientia
1403 3016 106 53 est
1464 3016 91 53 de
1510 3016 137 53 rebus
1601 3016 243 53 necessariis:
1798 3016 182 53 practica
1919 3016 76 53 ve
