2442 3542
316 217 87 82 ro
360 217 87 82 de
404 217 276 82 contingentibus.
636 217 102 82 Non
694 217 102 82 est
752 217 131 82 autem
839 217 131 82 eadem
926 217 102 82 res
984 217 203 82 necessaria
1143 217 87 82 et
1172 217 73 82 con

311 278 167 68 tingens.
436 278 139 68 igitur
534 278 97 68 non
589 278 181 68 contingit
728 278 83 68 de
770 278 125 68 eodem
853 278 167 68 subiecto
979 278 111 68 esse
1034 278 195 68 speculatiuam

317 323 159 69 scientiam
439 323 74 69 et
476 323 172 69 practicam.
611 323 61 69 â‹
635 323 74 69 Ad
672 323 123 69 primam
758 323 147 69 dicendum
868 323 98 69 quod
930 323 159 69 scientiam
1052 323 98 69 esse
1113 323 74 69 de
1138 323 98 69 aliquo

317 370 85 62 vel
365 370 109 62 circa
438 370 133 62 aliquid
535 370 121 62 potest
620 370 182 62 tripliciter
766 370 170 62 intelligi.
899 370 85 62 Uno
948 370 97 62 modo
1008 370 97 62 quod
1069 370 85 62 sit
1118 370 73 62 de
1142 370 97 62 aliquo

310 416 142 64 tanquam
413 416 77 64 de
452 416 142 64 obiecto
555 416 129 64 totali
645 416 116 64 quale
722 416 90 64 est
774 416 142 64 aliquid
877 416 154 64 complexe
992 416 154 64 praecise
1108 416 90 64 vel
1147 416 90 64 equi-

316 461 159 55 ualenter
435 461 238 55 significabile.
633 461 106 55 Alio
699 461 106 55 modo
765 461 145 55 tanquam
871 461 79 55 de
911 461 145 55 obiecto
1016 461 172 55 partiali:
1148 461 79 55 et
1175 461 66 55 hoc

323 498 126 66 dicitur
414 498 91 66 quia
471 498 80 66 vel
517 498 126 66 tanquam
608 498 69 66 de
643 498 137 66 subiecto
745 498 80 66 vel
791 498 149 66 importato
906 498 80 66 per
951 498 149 66 subiectum
1066 498 80 66 vel
1111 498 126 66 tamquam
1191 498 46 66 de

316 539 150 74 passione
429 539 88 74 vel
479 539 175 74 praedicato
617 539 88 74 seu
667 539 163 74 importato
792 539 88 74 per
842 539 200 74 praedicatum.
1004 539 88 74 Cum
1054 539 125 74 igitur
1129 539 113 74 dicitur

324 585 71 60 ex
360 585 166 60 intentione
490 585 166 60 philosophi
620 585 95 60 quod
679 585 142 60 scientie
786 585 118 60 actiue
869 585 71 60 et
905 585 130 60 factiue
999 585 95 60 sunt
1058 585 71 60 de
1094 585 95 60 his:
1141 585 107 60 quorum.

318 641 193 58 principium
470 641 96 58 est
525 641 83 58 in
566 641 138 58 nobis:
663 641 207 58 speculatiue
828 641 110 58 vero
897 641 83 58 de
938 641 96 58 his
993 641 138 58 quorum
1076 641 165 58 principium

326 671 86 63 non
375 671 86 63 est
424 671 74 63 in
461 671 123 63 nobis:
546 671 110 63 istud
620 671 147 63 secundum
730 671 159 63 veritatem
853 671 86 63 non
902 671 123 63 potest
988 671 159 63 intelligi
1098 671 147 63 accipiendo

323 711 68 65 id
357 711 68 65 de
391 711 79 65 quo
436 711 79 65 est
482 711 136 65 scientia
584 711 68 65 2o
618 711 79 65 mod
663 711 136 65 scilicet
765 711 79 65 pro
811 711 68 65 eo
845 711 91 65 quod
902 711 159 65 importatur
1026 711 79 65 per
1072 711 159 65 subiectum.
1185 711 57 65 Nam

320 760 90 58 et
365 760 150 58 aliqua
470 760 150 58 actiua
575 760 105 58 vel
635 760 165 58 factiua
755 760 105 58 est
814 760 90 58 de
859 760 105 58 his
919 760 150 58 quorum
1024 760 210 58 principium
1174 760 75 58 non

328 803 93 62 est
381 803 80 62 in
421 803 133 62 nobis.
514 803 80 62 vt
554 803 120 62 verbi
634 803 133 62 gratia
728 803 93 62 ars
781 803 200 62 carpentaria
941 803 93 62 est
995 803 120 62 circa
1075 803 147 62 lignum.
1168 803 80 62 vnde

325 845 116 63 dicit
403 845 116 63 ipsum
480 845 90 63 sic
532 845 103 63 esse
596 845 155 63 dolandum
713 845 90 63 vel
764 845 155 63 secandum
880 845 77 63 et
919 845 168 63 huiusmodi
1048 845 103 63 alia
1100 845 155 63 praedicata

324 888 190 71 pertinentia
476 888 76 71 ad
514 888 127 71 ipsam.
603 888 76 71 et
641 888 114 71 tamen
717 888 76 71 in
755 888 190 71 carpentario
906 888 89 71 non
957 888 89 71 est
1008 888 177 71 principium
1134 888 114 71 facien-

325 934 90 54 di
370 934 165 54 lignum:
490 934 105 54 ita
550 934 105 54 est
610 934 225 54 agricultura
791 934 135 54 docet
881 934 105 54 quo
941 934 135 54 terra
1031 934 105 54 est
1091 934 150 54 aranda
1181 934 60 54 fo

328 974 134 64 dienda
422 974 161 64 purganda
543 974 81 64 et
583 974 188 64 irriganda:
731 974 81 64 et
771 974 121 64 tamen
852 974 161 64 agricola
973 974 94 64 non
1027 974 121 64 habet
1094 974 161 64 principium

329 1018 195 72 producendi
482 1018 153 72 terram.
593 1018 83 72 Et
635 1018 153 72 econtra
746 1018 125 72 etiam
830 1018 139 72 aliqua
927 1018 209 72 speculatiua
1094 1018 97 72 est
1150 1018 83 72 de
1177 1018 70 72 his

334 1071 149 58 quorum
439 1071 209 58 principium
603 1071 105 58 est
663 1071 90 58 in
707 1071 134 58 nobis
797 1071 90 58 vt
842 1071 164 58 physica
961 1071 105 58 que
1021 1071 105 58 est
1081 1071 90 58 de
1111 1071 134 58 actibus

329 1105 77 59 et
368 1105 217 59 operationibus
547 1105 153 59 nostris.
662 1105 141 59 oportet
764 1105 128 59 igitur
854 1105 90 59 hoc
905 1105 166 59 intelligi
1033 1105 77 59 de
1071 1105 141 59 obiecto
1160 1105 90 59 tota-

328 1150 79 63 li
367 1150 93 63 vel
420 1150 159 63 partiali
539 1150 172 63 importato
671 1150 93 63 per
724 1150 185 63 passionem.
870 1150 172 63 respectum
1002 1150 106 63 enim
1068 1150 185 63 cuiuslibet
1200 1150 53 63 ta

337 1191 102 61 lis:
401 1191 114 61 circa
477 1191 102 61 quod
540 1191 89 61 est
591 1191 152 61 scientia
705 1191 127 61 actiua
794 1191 89 61 vel
845 1191 140 61 factiua
946 1191 76 61 in
985 1191 114 61 nobis
1061 1191 89 61 est
1099 1191 152 61 principium

327 1246 205 47 intellectus
491 1246 96 47 aut
546 1246 96 47 ars
601 1246 96 47 aut
655 1246 164 47 potentia
778 1246 150 47 quedam:
888 1246 82 47 vt
929 1246 123 47 dicit
1011 1246 205 47 philosophus
1175 1246 82 47 et
1202 1246 55 47 po

340 1286 127 60 tentia
429 1286 127 60 inquam
518 1286 140 60 similis
619 1286 114 60 arti:
696 1286 76 60 vt
734 1286 140 60 exponit
835 1286 216 60 Commentators.
1013 1286 102 60 vnde
1076 1286 76 60 et
1114 1286 76 60 in
1140 1286 114 60 carpeta

337 1323 94 60 rio
390 1323 94 60 est
444 1323 188 60 principium
592 1323 94 60 sic
645 1323 148 60 dolandi
753 1323 134 60 lignum
847 1323 81 60 et
887 1323 161 60 secandi:
1008 1323 81 60 et
1048 1323 81 60 in
1088 1323 161 60 agricola
1196 1323 67 60 est

335 1369 195 65 principium
489 1369 140 65 terram
586 1369 140 65 arandi
684 1369 84 65 et
726 1369 181 65 fodiendi.
865 1369 98 65 non
921 1369 98 65 sic
977 1369 126 65 autem
1061 1369 98 65 est
1116 1369 84 65 de
1158 1369 98 65 his
1200 1369 56 65 de

351 1411 133 66 quibus
444 1411 93 66 est
497 1411 160 66 physica:
617 1411 146 66 quoniam
723 1411 146 66 quamuis
830 1411 133 66 alique
923 1411 93 66 res
976 1411 80 66 de
1016 1411 133 66 quibus
1096 1411 160 66 considerat

338 1455 137 59 habeant
437 1455 174 59 principium
574 1455 75 59 in
611 1455 125 59 nobis.
699 1455 112 59 verbi
773 1455 137 59 gratia.
873 1455 112 59 actus
948 1455 137 59 nostri.
1047 1455 112 59 tamen
1122 1455 100 59 quod
1172 1455 87 59 actus

343 1496 111 63 ipsi
413 1496 181 63 supposito
551 1496 111 63 quod
621 1496 111 63 sint
690 1496 125 63 tales
774 1496 97 63 vel
829 1496 125 63 tales
913 1496 139 63 quales
1010 1496 97 63 eos
1066 1496 167 63 enunciat
1177 1496 83 63 esse

338 1542 184 65 physicus:
479 1542 127 65 nulla
564 1542 99 65 ars
620 1542 99 65 vel
677 1542 155 65 aliquid
790 1542 113 65 illi
861 1542 141 65 simile
959 1542 85 65 in
1002 1542 127 65 nobis
1087 1542 99 65 est
1129 1542 127 65 princi-

336 1583 144 69 pium.
432 1583 224 69 Considerat
608 1583 128 69 enim
688 1583 176 69 physica
815 1583 208 69 passiones
975 1583 112 69 que
1039 1583 144 69 illis
1119 1583 144 69 naliter

339 1634 125 51 insunt
427 1634 75 51 et
465 1634 88 51 non
515 1634 100 51 sunt
578 1634 75 51 in
616 1634 163 51 potestate
741 1634 125 51 nostra
829 1634 100 51 quod
892 1634 113 51 illis
967 1634 138 51 insint:
1067 1634 75 51 ac
1105 1634 88 51 per
1155 1634 88 51 hoc
1193 1634 75 51 nul-

345 1670 79 59 la
384 1670 92 59 ars
437 1670 92 59 vel
489 1670 145 59 aliquod
595 1670 184 59 principium
739 1670 131 59 simile
831 1670 105 59 arti
897 1670 92 59 est
950 1670 79 59 in
989 1670 118 59 nobis
1068 1670 197 59 directiuum:
1212 1670 53 59 vt

344 1715 111 62 illi
414 1715 125 62 tales
497 1715 139 62 fiant.
595 1715 70 62 â‹
623 1715 84 62 Ex
664 1715 97 62 his
720 1715 125 62 patet
804 1715 111 62 quod
873 1715 195 62 cuiuslibet
1026 1715 153 62 habitus
1124 1715 139 62 practici

350 1759 142 61 praxis
449 1759 128 61 cuius
534 1759 99 61 est
591 1759 198 61 directiuus
747 1759 99 61 est
803 1759 170 61 obiectum
931 1759 170 61 partiale
1058 1759 198 61 importatum
1200 1759 71 61 per

355 1799 154 57 subiectum
474 1799 83 57 vel
521 1799 166 57 predicatum
652 1799 83 57 vel
699 1799 83 57 per
747 1799 119 57 partem
830 1799 142 57 subiecti
937 1799 83 57 vel
984 1799 166 57 praedicati
1103 1799 166 57 conclusionis

345 1843 143 56 illius
445 1843 171 56 habitus.
573 1843 100 56 Est
630 1843 128 56 etiam
716 1843 128 56 actus
801 1843 171 56 directus
930 1843 86 56 et
972 1843 128 56 finis
1058 1843 171 56 proprius
1172 1843 100 56 vlti-

351 1886 120 59 matus.
435 1886 60 59 â‹
459 1886 72 59 Ad
495 1886 84 59 2am
543 1886 144 59 dicendum
651 1886 96 59 quod
711 1886 180 59 philosophus
854 1886 84 59 ibi
902 1886 108 59 ponit
974 1886 192 59 differentiam
1130 1886 108 59 inter
1190 1886 84 59 intel

350 1929 140 63 lectum
448 1929 224 63 speculatiuum
630 1929 154 63 proprie
742 1929 238 63 scientificum:
939 1929 84 63 et
981 1929 196 63 intellctum
1121 1929 154 63 practicum

354 1983 74 51 non
397 1983 190 51 vniversaliter:
555 1983 74 51 sed
598 1983 180 51 consiliatiuum
746 1983 63 51 et
777 1983 190 51 ratocinatiuum:
936 1983 85 51 quod
989 1983 106 51 patet:
1063 1983 85 51 quia
1115 1983 106 51 statim
1179 1983 95 51 subdit.

357 2018 152 56 Dicatur
468 2018 124 56 autem
551 2018 124 56 horum
633 2018 97 56 hoc
689 2018 138 56 quidem
785 2018 235 56 scientificum.
979 2018 97 56 hoc
1034 2018 97 56 aut
1076 2018 193 56 rocinatiuum:

355 2064 180 61 Consiliari
497 2064 103 61 enim
561 2064 77 61 et
600 2064 167 61 rtocinari
728 2064 116 61 idem.
806 2064 129 61 Nullus
896 2064 90 61 aut
947 2064 193 61 consiliatur
1102 2064 77 61 de
1140 2064 90 61 non
1179 2064 103 61 contin

354 2103 158 69 gentibus
473 2103 132 69 aliter
565 2103 79 69 se
604 2103 132 69 habere
697 2103 106 69 etc.
763 2103 106 69 vult
829 2103 132 69 igitur
921 2103 106 69 quod
987 2103 119 69 actus
1066 2103 198 69 intellectus
1211 2103 66 69 pra

358 2149 114 58 ctici
434 2149 76 58 vt
472 2149 88 58 ibi
523 2149 139 58 sumitur
624 2149 88 58 sit
674 2149 190 58 consiliari.
826 2149 177 58 Consiliari
965 2149 114 58 autem
1041 2149 139 58 nullius
1142 2149 88 58 est
1180 2149 88 58 scien

353 2204 121 45 tifici
438 2204 146 45 habitus:
547 2204 133 45 quoniam
644 2204 73 45 de
680 2204 170 45 scibilibus
814 2204 85 45 non
862 2204 85 45 est
911 2204 170 45 consilium:
1044 2204 97 45 vnde
1105 2204 73 45 ex
1141 2204 85 45 hoc
1178 2204 109 45 infert.

360 2240 134 63 capitulo
461 2240 67 63 de
494 2240 123 63 eubulia
584 2240 134 63 eubuliam
685 2240 78 63 non
729 2240 90 63 esse
785 2240 146 63 scientiam
897 2240 112 63 dicens
976 2240 134 63 scientia
1076 2240 112 63 quidem
1155 2240 112 63 vtique
1222 2240 56 63 non

363 2278 110 55 est.
432 2278 96 55 non
487 2278 110 55 enim
555 2278 151 55 querunt
665 2278 82 55 de
706 2278 137 55 quibus
802 2278 151 55 sciunt.
912 2278 151 55 Eubulia
1021 2278 178 55 consilium
1145 2278 137 55 quoddam.

366 2323 159 52 Consilians
491 2323 102 52 autem
559 2323 114 52 querit
639 2323 68 52 et
673 2323 171 52 rtocinatur.
809 2323 80 52 non
855 2323 114 52 igitur
935 2323 193 52 vniversaliter
1094 2323 125 52 accipit
1174 2323 102 52 practi-

363 2368 76 59 cum
406 2368 65 59 vt
439 2368 76 59 est
482 2368 119 59 diciter
569 2368 65 59 de
601 2368 140 59 scientia:
709 2368 76 59 sed
752 2368 97 59 etiam
817 2368 140 59 contracte
925 2368 76 59 pro
968 2368 173 59 consiliatiuo
1109 2368 65 59 et
1131 2368 140 59 rotocinati:

359 2413 86 55 uo
402 2413 143 55 qualis
502 2413 100 55 est
559 2413 158 55 eubulia
674 2413 86 55 et
717 2413 201 55 prudentia:
874 2413 100 55 sed
932 2413 115 55 vnum
1003 2413 129 55 horum
1089 2413 186 55 speculari
1218 2413 72 55 con

369 2453 148 61 tingentia:
486 2453 95 61 aliud
549 2453 84 61 vero
602 2453 148 61 necessaria
718 2453 106 61 potest
792 2453 148 61 dupliciter
908 2453 148 61 intelligi.
1024 2453 74 61 vno
1066 2453 84 61 modo
1119 2453 74 61 per
1150 2453 127 61 necessaria

358 2496 76 56 et
396 2496 202 56 contingentia
560 2496 202 56 intelligendo
725 2496 88 56 res
775 2496 189 56 necessarias
927 2496 76 56 et
964 2496 88 56 res
1015 2496 215 56 contingentes.
1192 2496 76 56 Et
1217 2496 63 56 hoc

366 2544 75 56 non
409 2544 118 56 potest.
495 2544 65 56 p.
528 2544 172 56 intelligere:
667 2544 75 56 cum
710 2544 75 56 non
753 2544 129 56 scientia
850 2544 97 56 omnis
915 2544 151 56 speculetur
1033 2544 75 56 res
1076 2544 172 56 necessarias.
1205 2544 75 56 patet

373 2586 69 55 de
407 2586 126 55 medicia
499 2586 126 55 geoemia
590 2586 69 55 et
625 2586 138 55 physica:
728 2586 103 55 verum
797 2586 195 55 vniversaliter
957 2586 69 55 de
992 2586 138 55 qualibet
1095 2586 92 55 quae
1152 2586 103 55 circa
1210 2586 80 55 crea-

360 2627 122 58 turas
442 2627 81 58 et
482 2627 122 58 maxie
564 2627 203 58 generabiles
726 2627 81 58 et
767 2627 230 58 corruptibiles
956 2627 176 58 versatur.
1091 2627 108 58 Alio
1159 2627 108 58 modo
1213 2627 68 58 per

365 2673 177 60 necessaria
505 2673 76 60 et
543 2673 203 60 contingentia
707 2673 203 60 intelligendo
872 2673 101 60 ipsa
935 2673 139 60 obiecta
1036 2673 76 60 et
1074 2673 190 60 significata
1214 2673 63 60 ade

370 2712 104 57 quata
440 2712 208 57 propositionum:
613 2712 69 57 et
647 2712 81 57 sic
693 2712 81 57 est
739 2712 104 57 verum
809 2712 127 57 dictum.
901 2712 69 57 p.
936 2712 69 57 Na
970 2712 104 57 omnis
1039 2712 138 57 scientia
1132 2712 161 57 conclusiones

370 2760 192 53 necessarias
524 2760 77 53 et
563 2760 77 53 ex
601 2760 180 53 principiis
742 2760 167 53 necessiis
870 2760 154 53 deductas
986 2760 90 53 seu
1037 2760 128 53 potius
1127 2760 115 53 earum
1191 2760 90 53 signi

374 2801 127 55 ficata
463 2801 140 55 totalia
565 2801 191 55 speculatur.
717 2801 165 55 Prudentia
844 2801 102 55 vero
908 2801 203 55 conclusiones
1073 2801 203 55 contingentes
1238 2801 76 55 ad

373 2845 143 59 sensum
473 2845 200 59 premissum.
630 2845 100 59 Est
687 2845 114 59 enim
758 2845 186 59 prudentia
901 2845 229 59 singularium:
1087 2845 100 59 vt.
1144 2845 129 59 supra
1216 2845 71 59 di-

371 2888 107 55 ctum
437 2888 93 55 est
491 2888 80 55 in
531 2888 200 55 praecedenti
691 2888 173 55 articulo.
824 2888 93 55 non
878 2888 120 55 autem
958 2888 133 55 semper
1051 2888 173 55 concludit
1171 2888 120 55 prudens

373 2933 127 60 quod
452 2933 111 60 hoc
516 2933 222 60 singulare.
690 2933 127 60 puta
770 2933 159 60 sortes
881 2933 111 60 pro
944 2933 111 60 hoc
1008 2933 174 60 delicto
1119 2933 174 60 puniendus

372 2983 106 55 est
433 2983 137 55 nunc:
524 2983 106 55 nec
585 2983 106 55 hec
645 2983 106 55 est
706 2983 122 55 vera
782 2983 167 55 semper:
904 2983 106 55 sed
965 2983 198 55 quandoque
1117 2983 167 55 expedit
1223 2983 76 55 pec

373 3032 128 56 catum
458 3032 185 56 impunitum
600 3032 213 56 relinquere.
770 3032 85 56 Et
813 3032 185 56 propterea
955 3032 128 56 circa
1040 3032 227 56 conclusiones
1211 3032 85 56 pru

1286 203 146 76 dentie
1388 203 102 76 est
1447 203 204 76 opportunum
1607 203 204 76 consilium.
1767 203 73 76 â‹
1796 203 102 76 Per
1855 203 102 76 hoc
1913 203 131 76 etiam
2000 203 131 76 patet
2088 203 87 76 ad
2117 203 102 76 aliam

1274 267 268 60 auctoritatem.
1495 267 95 60 p.
1542 267 142 60 prius
1637 267 221 60 allegatam.
1810 267 189 60 Sequitur
1952 267 95 60 de
1984 267 63 60 4.

1255 298 223 117 Sequitur
1423 298 112 117 de
1479 298 149 117 arti
1572 298 130 117 4o:
1646 298 112 117 in
1702 298 130 117 quo
1776 298 223 117 videndum
1944 298 130 117 est
2018 298 112 117 de
2056 298 167 117 quasito

1530 355 75 56 an
1568 355 150 56 scilicet
1681 355 100 56 theo
1743 355 100 56 modo
1806 355 125 56 nostra
1894 355 88 56 sit
1944 355 150 56 practica
2057 355 88 56 vel
2094 355 113 56 specula

1288 394 115 64 tiua.
1365 394 77 64 Et
1403 394 102 64 pono
1467 394 102 64 duas
1531 394 204 64 conclusiones
1696 394 115 64 Prima
1773 394 102 64 est.
1837 394 153 64 loquendo
1951 394 77 64 de
1990 394 153 64 theomida
2092 394 128 64 secundum

1280 437 108 65 quod
1348 437 95 65 est
1402 437 108 65 vnus
1470 437 149 65 habitus
1579 437 122 65 vnius
1660 437 136 65 tantum
1755 437 176 65 veritatis
1891 437 203 65 theologice:
2053 437 108 65 quod
2108 437 108 65 aliqua

1290 488 178 52 theormida
1427 488 96 52 est
1482 488 164 52 practica
1605 488 137 52 aliqua
1701 488 96 52 est
1756 488 219 52 speculatiua.
1933 488 151 52 Secunda
2043 488 164 52 loquendo
2152 488 55 52 de

1293 523 143 60 theoria
1397 523 78 60 vt
1436 523 91 60 est
1488 523 104 60 vnus
1553 523 143 60 habitus
1657 523 143 60 totalis
1761 523 117 60 omnes
1839 523 169 60 partiales
1969 523 78 60 de
2008 523 143 60 omnibus
2099 523 117 60 verita-

1291 565 120 65 tibus
1371 565 200 65 theologicis
1531 565 240 65 comprehendens:
1731 565 107 65 illa
1798 565 160 65 scilicet
1918 565 160 65 vnitate:
2038 565 80 65 de
2078 565 93 65 qua
2119 565 93 65 supra

1284 616 94 59 q.
1331 616 94 59 3.
1378 616 156 59 dictum
1488 616 125 59 est.
1566 616 203 59 theologia
1722 616 156 59 inquam
1832 616 110 59 sic
1894 616 156 59 sumpta
2004 616 110 59 est
2051 616 172 59 practica.

1293 654 64 66 â‹
1319 654 116 66 Prima
1396 654 167 66 conclusio
1524 654 154 66 probatur
1640 654 103 66 sic.
1704 654 154 66 alicuius
1820 654 154 66 theomodo
1936 654 116 66 actus
2013 654 90 66 non
2064 654 90 66 est
2103 654 128 66 alicuius

1284 705 144 60 praxis
1385 705 202 60 formaliter
1543 705 217 60 directiuus.
1717 705 173 60 alicuius
1847 705 116 60 vero
1919 705 130 60 actus
2005 705 101 60 est
2063 705 144 60 praxis
2150 705 72 60 for

1288 744 139 56 maliter
1390 744 190 56 directiuus.
1542 744 127 56 igitur
1630 744 127 56 aliqua
1719 744 152 56 theomida
1833 744 89 56 est
1884 744 165 56 practica:
2010 744 76 56 et
2048 744 127 56 aliqua
2124 744 89 56 specu

1288 789 134 62 latiua.
1385 789 194 62 consequentia
1543 789 121 62 patet:
1628 789 134 62 quoniam
1725 789 170 62 cuiuslibet
1859 789 85 62 seu
1907 789 182 62 cuiuscumque
2053 789 134 62 habitus
2138 789 85 62 actus

1286 831 101 57 est
1343 831 230 57 speculatiuus
1530 831 115 57 ipse
1602 831 101 57 est
1659 831 244 57 speculatiuus:
1861 831 86 57 et
1904 831 216 57 cuiuscumque
2076 831 129 57 actus
2148 831 72 57 est

1296 870 171 60 practicus
1427 870 105 60 ipse
1493 870 92 60 est
1546 870 184 60 practicus.
1691 870 197 60 Cuiuscumque
1849 870 118 60 autem
1927 870 145 60 habitus
2033 870 118 60 actus
2112 870 92 60 non
2151 870 66 60 est

1284 911 193 63 formaliter
1436 911 193 63 directiuus
1588 911 138 63 praxis
1685 911 111 63 ille
1754 911 97 63 est
1809 911 235 63 speculatiuus:
2003 911 83 63 et
2044 911 124 63 omnis
2113 911 97 63 actus

1296 958 176 64 formaliter
1435 958 176 64 directiuus
1573 958 88 64 est
1623 958 176 64 practicus:
1762 958 88 64 vt.
1812 958 113 64 supra
1887 958 113 64 patet
1963 958 75 64 in
2000 958 75 64 2o
2038 958 138 64 artius.
2139 958 75 64 Et
2164 958 50 64 lo

1290 1001 110 66 quor
1359 1001 82 66 de
1400 1001 178 66 habitibus
1537 1001 288 66 intellectualibus.
1784 1001 69 66 â‹
1812 1001 192 66 Antecedens
1962 1001 96 66 quo
2017 1001 82 66 ad
2058 1001 137 66 primam
2141 1001 82 66 par-

1298 1044 83 61 tem
1346 1044 119 61 patet:
1429 1044 130 61 quoniam
1523 1044 107 61 actus
1595 1044 166 61 theologice
1725 1044 154 61 veritatis
1844 1044 119 61 huius.
1927 1044 95 61 deus
1986 1044 83 61 est
2033 1044 119 61 trinus
2116 1044 71 61 et
2140 1044 83 61 vnus.

1297 1086 146 63 nullius
1403 1086 132 63 praxis
1495 1086 185 63 directiuus
1641 1086 106 63 est:
1707 1086 79 63 vt
1747 1086 119 63 notum
1826 1086 106 63 est:
1892 1086 79 63 et
1932 1086 172 63 similiter
2064 1086 132 63 huius.
2144 1086 79 63 deus

1296 1131 95 62 est
1351 1131 203 62 omimpotens.
1513 1131 81 62 Et
1554 1131 176 62 similiter
1690 1131 136 62 huius.
1785 1131 108 62 deus
1852 1131 149 62 creauit
1961 1131 149 62 mundum.
2069 1131 81 62 et
2096 1131 136 62 multarum

1299 1175 165 59 aliarum.
1423 1175 69 59 â‹
1450 1175 151 59 Quantum
1560 1175 82 59 ad
1601 1175 96 59 2am
1656 1175 137 59 partem
1752 1175 123 59 patet
1834 1175 137 59 etiam.
1930 1175 96 59 Nam
1985 1175 123 59 actus
2054 1175 178 59 theologicus

1294 1217 134 65 huius
1383 1217 208 65 veritatis.
1547 1217 119 65 deus
1621 1217 104 65 est
1680 1217 134 65 cultu
1770 1217 149 65 latrie
1873 1217 223 65 venerandus.
2052 1217 149 65 vtique
2141 1217 89 65 for-

1297 1259 141 66 maliter
1400 1259 180 66 directiuus
1541 1259 90 66 est
1593 1259 116 66 huius
1670 1259 129 66 praxis
1760 1259 180 66 veneratio.
1902 1259 77 66 Et
1940 1259 167 66 similiter
2069 1259 116 66 actus
2133 1259 90 66 huius

1305 1308 184 58 veritatis.
1449 1308 105 58 deus
1515 1308 92 58 est
1568 1308 145 58 propter
1673 1308 79 58 se
1712 1308 79 58 et
1752 1308 118 58 super
1831 1308 118 58 omnia
1910 1308 184 58 venerandus
2054 1308 92 58 vel
2094 1308 131 58 diligen-

1311 1351 100 61 dus:
1373 1351 112 61 huius
1448 1351 125 61 etiam.
1535 1351 149 61 proximus
1647 1351 87 61 est
1697 1351 174 61 diligendus
1834 1351 137 61 propter
1933 1351 112 61 deum:
2008 1351 75 61 et
2045 1351 125 61 huius.
2120 1351 112 61 propter

1302 1392 112 60 deum
1372 1392 223 60 subueniendum
1553 1392 98 60 est
1609 1392 195 60 indigenti:
1762 1392 84 60 et
1804 1392 153 60 plurium
1915 1392 153 60 aliarum
2027 1392 181 60 veritatum
2152 1392 84 60 qui-

1300 1435 109 61 bus
1363 1435 202 61 dirigimur
1518 1435 93 61 in
1564 1435 217 61 qualitatem
1735 1435 233 61 operationis
1921 1435 140 61 iuxta
2014 1435 140 61 modum
2092 1435 155 61 loquendi

1303 1482 121 56 Auic.
1383 1482 121 56 supra
1463 1482 147 56 positum
1571 1482 80 56 in
1611 1482 80 56 2o
1651 1482 121 56 artio
1732 1482 188 56 existentis
1879 1482 80 56 in
1919 1482 174 56 potestate
2053 1482 134 56 nostra
2147 1482 80 56 ac
2174 1482 67 56 per

1306 1522 85 70 hoc
1354 1522 133 70 praxis.
1451 1522 61 70 â‹
1476 1522 133 70 Secunda
1573 1522 158 70 conclusio
1694 1522 146 70 probatur
1803 1522 97 70 sic.
1864 1522 109 70 omnis
1937 1522 133 70 habitus
2034 1522 133 70 totalis
2131 1522 146 70 includit

1305 1567 158 60 aliquos
1419 1567 186 60 partiales
1563 1567 158 60 habitus
1678 1567 201 60 practicos:
1835 1567 86 60 et
1878 1567 158 60 aliquos
1993 1567 129 60 etiam
2065 1567 172 60 speculati-

1308 1611 97 64 uos
1364 1611 153 64 (quorum
1475 1611 250 64 speculatiuorum
1683 1611 125 64 actus
1767 1611 111 64 sunt
1836 1611 208 64 virtualiter
2003 1611 83 64 de
2044 1611 153 64 proximo
2142 1611 97 64 tamen

1307 1652 112 71 praxis
1385 1652 157 71 directiui:
1509 1652 67 71 et
1543 1652 67 71 ex
1577 1652 112 71 quorum
1655 1652 202 71 conclusionibus
1824 1652 79 71 vel
1869 1652 214 71 propositionibus
2049 1652 124 71 tanquam
2139 1652 67 71 ex
2161 1652 79 71 prin-

1312 1697 127 61 cipiis
1401 1697 202 61 conclusiones
1565 1697 190 61 practicorum
1717 1697 177 61 sequuntur)
1856 1697 202 61 conuenienter
2021 1697 190 61 denominatur
2160 1697 76 61 pra-

1316 1753 142 46 cticus:
1419 1753 90 46 hoc
1471 1753 129 46 patet.
1561 1753 142 46 quoniam
1664 1753 77 46 ex
1703 1753 142 46 talibus
1806 1753 129 46 causis
1896 1753 77 46 et
1935 1753 142 46 totalis
2038 1753 155 46 medicina
2141 1753 103 46 inclu-

1312 1795 92 49 dens
1370 1795 150 49 theoricam
1485 1795 69 49 et
1520 1795 150 49 practicam
1635 1795 127 49 dicitur
1728 1795 150 49 practica.
1843 1795 69 49 Et
1878 1795 150 49 similiter
1993 1795 127 49 moralis
2074 1795 161 49 philosophia:

1315 1830 90 59 in
1360 1830 105 59 qua
1420 1830 105 59 non
1480 1830 105 59 est
1540 1830 150 59 dubium
1645 1830 165 59 includi
1765 1830 150 59 multas
1870 1830 195 59 veritates
2020 1830 105 59 non
2065 1830 180 59 formaliter

1312 1871 152 66 praxis
1418 1871 228 66 directiuas:
1600 1871 91 66 ac
1646 1871 106 66 per
1707 1871 106 66 hoc
1767 1871 106 66 nec
1828 1871 167 66 proprie
1950 1871 213 66 practicas.
2117 1871 106 66 Non
2162 1871 76 66 est

1313 1928 110 54 autem
1386 1928 110 54 maior
1460 1928 110 54 ratio
1533 1928 86 54 pro
1582 1928 110 54 istis
1656 1928 98 54 quam
1717 1928 86 54 pro
1766 1928 98 54 alio
1827 1928 123 54 habitu
1913 1928 172 54 quoecumque
2048 1928 110 54 tales
2109 1928 135 54 conditio-

1314 1952 92 71 nes
1366 1952 157 71 habente.
1484 1952 118 71 Patet
1563 1952 118 71 etiam
1642 1952 79 71 ex
1681 1952 79 71 eo
1720 1952 105 71 quod
1786 1952 79 71 de
1825 1952 236 71 demonstratione
2022 1952 118 71 supra
2088 1952 157 71 dicebatur.

1314 2002 132 63 scilicet
1413 2002 88 63 quod
1468 2002 66 63 ex
1500 2002 154 63 conditione
1621 2002 175 63 conclusionis
1764 2002 99 63 sumit
1829 2002 197 63 denominationem
1994 2002 66 63 vt
2027 2002 121 63 dicatur
2103 2002 143 63 vniversalis

1315 2047 232 64 particularis
1504 2047 218 64 affirmatiua
1678 2047 102 64 vel
1736 2047 189 64 negatiua:
1881 2047 102 64 non
1939 2047 174 64 obstante
2070 2047 116 64 quod
2128 2047 116 64 altera

1317 2089 217 72 praemissarum
1494 2089 95 72 sit
1548 2089 163 72 alterius
1670 2089 203 72 quantitatis
1833 2089 95 72 vel
1887 2089 203 72 qualitatis.
2050 2089 81 72 Et
2090 2089 149 72 quantum
2199 2089 81 72 ad

1328 2133 196 69 propositum
1482 2133 84 69 si
1524 2133 182 69 conclusio
1664 2133 98 69 sit
1720 2133 168 69 practica
1847 2133 126 69 totus
1931 2133 210 69 syllogismus
2099 2133 98 69 (et
2155 2133 84 69 si
2183 2133 70 69 al-

1318 2176 106 61 tera
1384 2176 172 61 praemissa
1516 2176 93 61 sit
1569 2176 211 61 speculatiua)
1741 2176 172 61 practicus
1873 2176 198 61 appellatur:
2032 2176 93 61 sed
2084 2176 145 61 theomia
2177 2176 66 61 non

1319 2222 116 60 stra
1391 2222 159 60 totalis
1507 2222 145 60 plures
1608 2222 159 60 habitus
1724 2222 188 60 partiales
1868 2222 188 60 practicos
2013 2222 188 60 includit:
2158 2222 87 60 et
2187 2222 72 60 plu

1327 2271 84 50 res
1375 2271 84 50 est
1423 2271 204 50 speculatiuos:
1591 2271 84 50 sic
1639 2271 144 50 probatum
1747 2271 84 50 est
1796 2271 72 50 in
1832 2271 180 50 praecedenti
1976 2271 192 50 conclusione:
2132 2271 108 50 actus
2192 2271 60 50 est

1321 2311 159 56 illorum
1436 2311 260 56 speculatiuorum
1652 2311 115 56 sunt
1724 2311 216 56 virtualiter
1897 2311 87 56 de
1941 2311 159 56 proximo
2056 2311 187 56 directiui
2186 2311 72 56 pra

1329 2352 109 60 cis.
1397 2352 109 60 puta
1465 2352 204 60 dilectionis
1628 2352 109 60 erga
1696 2352 122 60 deum:
1778 2352 81 60 et
1818 2352 136 60 talium
1913 2352 204 60 practicarum
2063 2352 190 60 conclusionem

1331 2397 97 60 sunt
1392 2397 170 60 principim.
1526 2397 122 60 igitur
1611 2397 97 60 etc.
1672 2397 61 60 â‹
1696 2397 158 60 Assumptum
1818 2397 122 60 patet:
1903 2397 134 60 quoniam
2000 2397 158 60 quecumque
2110 2397 134 60 veritates

1321 2446 229 53 theologice
1500 2446 245 53 significant
1696 2446 180 53 diuinam
1827 2446 278 53 perfectionem:
2056 2446 114 53 aut
2105 2446 147 53 diuinam

1326 2490 245 59 operationem
1522 2490 98 59 ad
1571 2490 147 59 extra
1669 2490 229 59 creationis
1849 2490 114 59 vel
1914 2490 245 59 prouidentie
2110 2490 114 59 aut
2159 2490 98 59 alte

1335 2524 113 61 rius
1405 2524 113 61 eius
1476 2524 197 61 beneficii:
1630 2524 84 61 vt
1672 2524 239 61 incarnationis
1869 2524 113 61 xpi:
1940 2524 84 61 et
1982 2524 155 61 aliorum
2094 2524 98 61 pro
2137 2524 113 61 reden-

1327 2567 150 68 ptione
1432 2567 150 68 nostra
1537 2567 105 68 vel
1597 2567 285 68 glorificatione:
1838 2567 105 68 aut
1898 2567 195 68 quecumque
2048 2567 120 68 alia
2123 2567 90 68 in
2153 2567 105 68 sacra

1330 2615 172 58 scriptura
1462 2615 172 58 contenta.
1594 2615 93 58 non
1647 2615 159 58 secundum
1767 2615 79 58 se
1806 2615 185 58 formaliter
1952 2615 172 58 directiue
2071 2615 172 58 dilectionis

1329 2656 106 59 dei.
1395 2656 120 59 omnes
1475 2656 200 59 virtualiter
1635 2656 80 59 de
1675 2656 146 59 proximo
1781 2656 173 59 continent
1914 2656 173 59 veritates
2047 2656 93 59 nos
2087 2656 160 59 formaliter

1338 2701 188 60 dirigentes
1485 2701 81 60 ad
1526 2701 188 60 diligendum
1674 2701 121 60 deum:
1754 2701 81 60 vt
1795 2701 134 60 patet.
1889 2701 81 60 q.
1929 2701 81 60 2.
1970 2701 121 60 omnes
2050 2701 81 60 ad
2091 2701 148 60 aliquam
2185 2701 67 60 ma-

1327 2754 134 54 neriem
1420 2754 201 54 memoratarum
1581 2754 174 54 veritatum
1714 2754 174 54 pertinet.
1848 2754 80 54 Et
1888 2754 80 54 de
1928 2754 120 54 istis
2008 2754 134 54 statim
2102 2754 94 54 est
2142 2754 107 54 nontum

1332 2790 88 67 quod
1387 2790 132 67 dicitur.
1486 2790 55 67 â‹
1508 2790 99 67 Istud
1574 2790 165 67 confirmatur
1706 2790 132 67 auctibus
1804 2790 121 67 sacris:
1892 2790 66 67 et
1925 2790 99 67 primo
1991 2790 110 67 quidem
2068 2790 121 67 christi
2145 2790 110 67 auctoris

1343 2833 171 64 principius
1477 2833 110 64 huius
1550 2833 159 64 doctrine.
1672 2833 122 64 dicens
1758 2833 110 64 Math.
1831 2833 73 64 2o
1868 2833 73 64 2.
1904 2833 98 64 Quia
1966 2833 73 64 in
2002 2833 134 64 mandato
2100 2833 73 64 de
2136 2833 171 64 dilectione

1338 2885 80 51 dei
1383 2885 69 51 et
1418 2885 126 51 proximi
1509 2885 91 51 tota
1566 2885 80 51 lex
1612 2885 114 51 pendet
1692 2885 69 51 et
1726 2885 194 51 prophiosophe.
1886 2885 57 51 â‹
1909 2885 91 51 Item
1966 2885 160 51 apostolus.
2092 2885 114 51 dicens
2172 2885 69 51 ad
2195 2885 57 51 Ro-

1334 2930 101 56 i3.
1391 2930 187 56 plenitudo
1535 2930 130 56 legis
1622 2930 101 56 est
1679 2930 187 56 dilectio.
1823 2930 86 56 et
1866 2930 130 56 prima
1953 2930 86 56 ad
1996 2930 101 56 Ty.
2054 2930 86 56 p.
2097 2930 130 56 finis
2169 2930 115 56 prece-

1337 2967 117 62 pti
1404 2967 218 62 charitas.
1572 2967 101 62 Et
1622 2967 101 62 ad
1672 2967 134 62 idem
1756 2967 201 62 Augusti.
1907 2967 151 62 euch.
2008 2967 151 62 Smnia
2091 2967 168 62 precepta

1348 3016 134 62 diuina
1442 3016 188 62 referuntur
1589 3016 81 62 ad
1629 3016 201 62 charitatem.
1790 3016 81 62 de
1831 3016 94 62 qua
1884 3016 121 62 dicit
1965 3016 188 62 apostolus.
2113 3016 121 62 Finis
2193 3016 121 62 praeÂ¬
