2444 3524
210 278 99 75 nec
266 278 127 75 magis
351 278 170 75 reputari
479 278 212 75 impossibile
648 278 99 75 deo
705 278 141 75 debet:
804 278 113 75 quod
875 278 113 75 quis
945 278 127 75 velit
1016 278 99 75 inco-

202 347 147 57 gnitum:
308 347 107 57 quam
375 347 107 57 quod
442 347 107 57 quis
509 347 134 57 videat
602 347 93 57 non
656 347 174 57 existens.
789 347 67 57 ⁋
816 347 80 57 Ad
856 347 80 57 3m
896 347 120 57 dico:
976 347 107 57 quod
1030 347 93 57 maior

203 390 82 54 et
244 390 124 54 minor
327 390 110 54 sunt
395 390 137 54 false:
491 390 82 54 et
533 390 110 54 quia
601 390 137 54 neutra
697 390 137 54 probat
793 390 96 54 non
848 390 96 54 est
903 390 192 54 opportunum
1040 390 69 54 ali

219 428 97 60 qud
275 428 153 60 dicere.
386 428 69 60 ⁋
413 428 83 60 Ad
455 428 83 60 4m
497 428 111 60 dico
566 428 111 60 quod
635 428 125 60 illud
719 428 139 60 dictum
816 428 97 60 non
871 428 125 60 facit
954 428 97 60 pro
996 428 111 60 opinio

207 474 83 57 ne
249 474 97 57 cum
304 474 97 57 sit
360 474 208 57 disiunctum:
526 474 153 57 faceret
637 474 125 57 autem
721 474 83 57 si
762 474 125 57 esset
845 474 194 57 copulatum.
998 474 69 57 ⁋
1026 474 83 57 Ad
1067 474 69 57 5

199 513 105 58 dico
264 513 144 58 negando
369 513 223 58 consequentia.
553 513 92 58 Nam
605 513 144 58 quamuis
710 513 157 58 voluntas
828 513 92 58 non
880 513 92 58 sit
933 513 170 58 cognitiua
1050 513 66 58 per

202 554 190 59 volitionem:
355 554 89 59 est
405 554 114 59 tamen
481 554 165 59 cognitiua
608 554 89 59 per
659 554 241 59 intellectionem:
862 554 89 59 cum
913 554 102 59 ipsa
976 554 89 59 sit
1014 554 102 59 intel-

200 597 140 56 lectus
298 597 168 56 secundum
424 597 98 56 te.
480 597 84 56 Si
522 597 98 56 aut
578 597 182 56 poneretur
719 597 182 56 distincta
859 597 84 56 ab
901 597 210 56 intellectu:
1055 597 70 56 aut

207 641 68 68 si
241 641 159 68 consequens
366 641 205 68 intelligeretur
537 641 80 68 sic
582 641 68 68 id
616 641 80 68 est
662 641 137 68 voluntas
764 641 80 68 non
810 641 102 68 esset
878 641 182 68 apprehensiua
1015 641 91 68 inquam

196 689 90 53 tum
248 689 154 53 voluntas
363 689 180 53 consequens
505 689 193 53 concederem:
659 689 90 53 nec
711 689 116 53 esset
788 689 206 53 inconueniens
956 689 77 53 et
994 689 77 53 de
1020 689 90 53 facto

200 727 141 57 concedo
303 727 90 57 hoc
354 727 77 57 2m
392 727 153 57 scilicet
507 727 102 57 quod
571 727 90 57 non
622 727 166 57 inquantum
750 727 153 57 voluntas
865 727 90 57 est
916 727 179 57 cognitiua:
1057 727 90 57 sed

209 772 158 58 inquantum
330 772 85 58 est
379 772 194 58 intellectus.
537 772 61 58 ⁋
561 772 73 58 Ad
598 772 97 58 6oum
658 772 97 58 nego
719 772 207 58 consequentia:
889 772 97 58 quia
950 772 73 58 ad
974 772 134 58 beatitudi

203 815 87 56 nem
252 815 87 56 per
302 815 75 56 se
339 815 75 56 et
376 815 211 56 essentialiter
550 815 174 56 requiritur
687 815 124 56 visio.
774 815 62 56 ⁋
799 815 75 56 Ad
836 815 75 56 7m
873 815 137 56 concedo
960 815 149 56 antecedens

202 859 67 68 de
235 859 133 68 potentia
335 859 133 68 naturali
435 859 67 68 et
469 859 133 68 propria:
569 859 78 68 non
613 859 100 68 autem
680 859 67 68 de
714 859 133 68 potentia
814 859 78 68 dei
858 859 145 68 absoluta:
969 859 78 68 nec
1003 859 111 68 opositum

202 901 181 67 probatur.
341 901 70 67 ⁋
369 901 83 67 Ad
411 901 83 67 8m
452 901 83 67 si
494 901 97 67 per
550 901 153 67 vltimum
661 901 111 67 fine
731 901 139 67 homnis
828 901 223 67 intelligatur
995 901 125 67 beatitu

200 951 93 57 do:
253 951 119 57 sicut
332 951 199 57 prosequendo
492 951 146 57 videtur
598 951 186 57 argumentum
744 951 172 57 accipere:
876 951 119 57 maior
956 951 93 57 est
996 951 106 57 falsa:

187 986 160 65 quinimmo
307 986 120 65 talis
387 986 120 65 finis
467 986 80 65 ad
507 986 120 65 minus
587 986 107 65 duas
654 986 200 65 operationes
814 986 160 65 includit
934 986 160 65 scilicet
1041 986 67 65 vi-

197 1038 118 60 sionem
280 1038 71 60 et
315 1038 176 60 fruitionem:
456 1038 129 60 quamuis
550 1038 82 60 vna
597 1038 129 60 illarum
691 1038 82 60 sit
738 1038 200 60 principalior:
902 1038 94 60 quae
961 1038 71 60 si
996 1038 94 60 ideo
1043 1038 59 60 so-

184 1077 80 55 la
224 1077 120 55 vocet
303 1077 146 55 vltimus
409 1077 133 55 finis.
502 1077 146 55 concedo
609 1077 106 55 quod
675 1077 93 55 est
728 1077 93 55 vna
781 1077 173 55 operatio:
914 1077 80 55 et
954 1077 106 55 quod
1007 1077 93 55 illam

184 1129 140 54 posset
282 1129 112 54 deus
352 1129 196 54 conseruare
506 1129 112 54 sine
576 1129 154 54 altera:
688 1129 98 54 sed
744 1129 84 54 si
786 1129 98 54 sic
842 1129 140 54 fieret
940 1129 112 54 illa
996 1129 112 54 vtique

192 1172 117 51 esset
270 1172 156 51 operatio
387 1172 91 51 qua
439 1172 104 51 nunc
504 1172 104 51 est:
569 1172 91 51 non
621 1172 117 51 tamen
699 1172 117 51 esset
777 1172 169 51 beatifica
907 1172 91 51 nec
959 1172 104 51 pars
1011 1172 104 51 beanti

189 1211 164 54 tudinis:
312 1211 123 54 sicut
394 1211 123 54 nunc:
476 1211 109 54 quia
544 1211 177 54 beatitudo
681 1211 96 54 non
735 1211 137 54 esset:
831 1211 82 54 et
872 1211 137 54 loquor
967 1211 82 54 de
995 1211 109 54 beati-

185 1256 143 62 tudine
285 1256 186 62 perfecta:
428 1256 100 62 que
485 1256 114 62 sola
556 1256 157 62 proprie
670 1256 157 62 dicitur
785 1256 200 62 beatitudo.
942 1256 71 62 ⁋
970 1256 86 62 Ad
999 1256 114 62 primam

186 1300 217 50 auctoritatem
363 1300 109 50 Aug.
431 1300 163 50 dicendum
553 1300 122 50 sicut
634 1300 81 50 in
675 1300 136 50 eisdem
770 1300 176 50 capitulis
905 1300 122 50 patet
987 1300 109 50 ibi.
1041 1300 68 50 Sa-

186 1342 156 48 pientia
299 1342 85 48 et
342 1342 142 48 cultus
441 1342 114 48 ille
512 1342 85 48 de
555 1342 99 48 quo
612 1342 170 48 loquitur
740 1342 99 48 non
797 1342 99 48 est
853 1342 142 48 vnicus
953 1342 128 48 actus
1024 1342 85 48 sim-

187 1389 122 57 plex:
269 1389 95 57 sed
323 1389 163 57 includit
445 1389 108 57 tres
513 1389 122 57 actus
594 1389 122 57 trium
675 1389 163 57 virtutum
797 1389 244 57 theologicarum:
987 1389 108 57 quarum

184 1432 202 56 principalior
348 1432 88 56 est
399 1432 126 56 amori:
487 1432 76 56 et
525 1432 164 56 propterea
651 1432 101 56 ipsa
714 1432 164 56 sapientia
840 1432 139 56 dicitur
941 1432 114 56 amor:
1017 1432 76 56 ex
1042 1432 63 56 hoc

184 1475 109 55 autem
257 1475 85 55 non
305 1475 145 55 sequitur
414 1475 97 55 quod
475 1475 97 55 amor
535 1475 85 55 sit
584 1475 145 55 notitia:
693 1475 109 55 sicut
766 1475 85 55 nec
814 1475 145 55 sequitur
923 1475 97 55 quod
984 1475 85 55 sit
1020 1475 85 55 fides

190 1516 101 58 vel
247 1516 129 58 spes.
333 1516 72 58 ⁋
362 1516 86 58 Ad
405 1516 129 58 alias
491 1516 115 58 duas
563 1516 187 58 respondeo
707 1516 129 58 sicut
793 1516 158 58 ipsemet
908 1516 101 58 qui
966 1516 101 58 eas
1009 1516 86 58 alle

178 1554 90 65 gat
229 1554 115 65 vidit
306 1554 77 65 et
345 1554 154 65 scripsit
460 1554 115 65 posse
537 1554 115 65 dici.
614 1554 103 65 ideo
679 1554 154 65 secundum
794 1554 167 65 veritatem
922 1554 77 65 ad
961 1554 128 65 mentem
1038 1554 64 65 san

179 1604 126 55 ctorum
268 1604 113 55 esset
343 1604 164 55 dicendum:
469 1604 101 55 quod
532 1604 201 55 auctoritates
695 1604 164 55 intelligi
821 1604 126 55 debent
909 1604 88 55 per
947 1604 151 55 concomitan

183 1644 90 61 tiam
239 1644 67 61 id
273 1644 79 61 est
318 1644 101 61 omnis
385 1644 101 61 amans
452 1644 169 61 intelligit.
587 1644 67 61 et
621 1644 112 61 contra
700 1644 101 61 istam
767 1644 180 61 responsionem
913 1644 90 61 ipse
969 1644 101 61 nihil
1025 1644 79 61 dicit

187 1689 141 57 videns
285 1689 99 57 eam
342 1689 99 57 non
398 1689 127 57 posse
482 1689 127 57 tolli
567 1689 239 57 sufficienter.
764 1689 84 57 Et
806 1689 99 57 hec
862 1689 84 57 de
891 1689 99 57 isto.

166 1738 200 79 Quantum
312 1738 109 79 ad
366 1738 109 79 2m
421 1738 237 79 articulum
603 1738 164 79 pono.
712 1738 109 79 4.
767 1738 291 79 conclusiones
985 1738 128 79 Prima

472 1779 93 50 est:
531 1779 93 50 quod
589 1779 105 50 omnis
659 1779 163 50 delectatio
787 1779 81 50 est
833 1779 151 50 operatio.
950 1779 70 50 2a
985 1779 93 50 est:
1031 1779 70 50 quod

180 1818 126 47 omnis
264 1818 196 47 delectatio
418 1818 98 47 est
475 1818 182 47 dilectio.
615 1818 84 47 3a
657 1818 98 47 non
713 1818 126 47 omnis
797 1818 168 47 dilectio
924 1818 98 47 est
966 1818 140 47 delecta-

187 1863 111 47 tio.
257 1863 83 47 4a
298 1863 97 47 non
354 1863 125 47 omnis
437 1863 167 47 dilectio
562 1863 97 47 est
618 1863 194 47 desiderium
771 1863 97 47 vel
826 1863 208 47 delectatio:
993 1863 97 47 sed
1035 1863 69 47 est

188 1903 117 53 aliqua
270 1903 82 53 que
317 1903 82 53 non
364 1903 82 53 est
411 1903 82 53 hec
458 1903 82 53 nec
505 1903 106 53 illa.
576 1903 59 53 ⁋
599 1903 106 53 Prima
670 1903 153 53 conclusio
787 1903 141 53 probatur
893 1903 106 53 primo
951 1903 153 53 auctoritate

181 1949 195 52 philosophi.
337 1949 78 52 7.
376 1949 130 52 ethic.
467 1949 91 52 vbi
519 1949 208 52 delectatione
688 1949 182 52 diffiniens
831 1949 130 52 dicit:
922 1949 104 52 quod
987 1949 91 52 est
1026 1949 78 52 eius

180 1996 82 44 qui
227 1996 140 44 secundum
332 1996 129 44 naturam
426 1996 129 44 habitus
519 1996 82 44 non
566 1996 140 44 impedita
671 1996 152 44 operatio.
788 1996 70 44 Ex
823 1996 82 44 qua
870 1996 187 44 diffinitione
1010 1996 94 44 patet:

178 2037 100 54 quod
241 2037 150 54 operatio
354 2037 113 54 genus
429 2037 88 54 est
479 2037 225 54 delectationis.
666 2037 75 54 Et
704 2037 88 54 per
754 2037 175 54 consequens
891 2037 113 54 omnis
954 2037 150 54 delectatio

177 2081 97 49 est
232 2081 180 49 operatio.
371 2081 69 49 ⁋
398 2081 83 49 2o
440 2081 180 49 Damascens
578 2081 97 49 lir
633 2081 83 49 3.
675 2081 193 49 diffiniens
827 2081 166 49 energiam
951 2081 97 49 que
992 2081 111 49 latine

183 2119 134 57 dicitur
280 2119 146 57 operatio
390 2119 97 57 ait.
450 2119 146 57 Energia.
560 2119 73 57 id
596 2119 85 57 est
645 2119 146 57 operatio
754 2119 85 57 aut
803 2119 109 57 actio
876 2119 85 57 est
925 2119 170 57 operatiuus
1046 2119 49 57 et

189 2160 214 63 substantialis
365 2160 138 63 naturae
466 2160 126 63 motus.
554 2160 75 63 Et
591 2160 113 63 eust.
667 2160 88 63 dlo
717 2160 113 63 ethi.
792 2160 113 63 iuxta
868 2160 188 63 principium.
1006 2160 88 63 Dpera

186 2206 87 54 tio
235 2206 124 54 inquit
322 2206 87 54 est
372 2206 211 54 vniuscuiusque
546 2206 149 54 subiecte
657 2206 74 54 id
694 2206 87 54 est
744 2206 149 54 essentie
856 2206 137 54 innatus
955 2206 124 54 motus.
1030 2206 74 54 sumi

172 2247 98 53 tur
228 2247 126 53 autem
312 2247 126 53 motus
397 2247 211 53 generaliter
565 2247 98 53 pro
621 2247 112 53 omni
692 2247 112 53 actu
762 2247 84 53 2o
804 2247 98 53 seu
860 2247 98 53 pro
916 2247 98 53 vsu
959 2247 140 53 virtutis

180 2298 196 46 operatiue.
334 2298 70 46 ⁋
362 2298 126 46 Unde.
446 2298 84 46 p.
488 2298 84 46 9.
530 2298 126 46 meta.
614 2298 140 46 dicit:
713 2298 112 46 quod
783 2298 98 46 hoc
839 2298 126 46 nomen
923 2298 126 46 actus
993 2298 98 46 primo

175 2342 148 44 venit
273 2342 82 44 a
306 2342 148 44 motu:
405 2342 115 44 cum
471 2342 115 44 sit
537 2342 264 44 manifestior.
752 2342 99 44 Et
801 2342 297 44 determinaturus
1032 2342 66 44 de

179 2382 98 61 actu
240 2382 123 61 dicit:
326 2382 98 61 quod
387 2382 86 61 non
436 2382 123 61 potest
522 2382 184 61 manifestari
669 2382 86 61 per
718 2382 221 61 diffinitionem:
902 2382 86 61 sed
951 2382 110 61 magis
1012 2382 74 61 prio

181 2425 168 47 exempla.
307 2425 84 47 Et
349 2425 140 47 deinde
447 2425 182 47 declarato
587 2425 98 47 per
644 2425 154 47 exempla
756 2425 112 47 quid
826 2425 98 47 est
882 2425 140 47 actus:
966 2425 126 47 diuidit

171 2474 126 48 ipsum
255 2474 84 48 in
297 2474 126 48 actum
381 2474 98 48 qui
437 2474 98 48 est
493 2474 126 48 forma
577 2474 84 48 et
619 2474 112 48 actu
689 2474 98 48 qui
745 2474 98 48 est
801 2474 182 48 operatio.
941 2474 84 48 Et
983 2474 98 48 hoc
1025 2474 70 48 per

185 2512 212 54 similitudinem.
362 2512 94 54 vnde
420 2512 94 54 ait.
479 2512 141 54 Dicuntur
585 2512 106 54 autem
656 2512 94 54 actu
715 2512 82 54 non
762 2512 106 54 omnia
832 2512 165 54 similiter:
962 2512 82 54 sed
1009 2512 82 54 aut
1044 2512 47 54 vt

174 2557 88 57 hoc
225 2557 75 57 in
262 2557 100 57 hoc:
325 2557 88 57 aut
375 2557 75 57 ad
413 2557 100 57 hoc.
475 2557 75 57 Et
513 2557 163 57 declarans
639 2557 113 57 primo
714 2557 88 57 2m.
764 2557 75 57 2o
802 2557 125 57 primum
889 2557 100 57 ait.
952 2557 88 57 hoc
990 2557 100 57 quidem

181 2603 104 44 enim
246 2603 78 44 vt
285 2603 117 44 motus
364 2603 78 44 ad
403 2603 170 44 potentiam
533 2603 78 44 et
572 2603 91 44 hoc
624 2603 143 44 vocatur
729 2603 117 44 actus
807 2603 91 44 2s.
859 2603 104 44 illa
924 2603 104 44 vero
990 2603 78 44 vt
1016 2603 78 44 sub-

185 2645 104 50 stama
255 2645 69 50 id
290 2645 81 50 ist
336 2645 104 50 forma
405 2645 69 50 ad
440 2645 127 50 aliquam
533 2645 150 50 materiam:
648 2645 69 50 et
683 2645 93 50 iste
741 2645 127 50 vocatur
833 2645 104 50 actus
903 2645 127 50 primus.
984 2645 104 50 Similit

184 2690 77 51 2o
223 2690 77 51 de
261 2690 116 51 anima
339 2690 129 51 dicit.
429 2690 116 51 actus
507 2690 129 51 primus
597 2690 90 51 est
649 2690 77 51 vt
687 2690 116 51 scia.
765 2690 65 51 2
790 2690 103 51 vero
855 2690 116 51 sicut
919 2690 181 51 considerare:

184 2733 109 54 cuius
257 2733 121 54 primus
341 2733 85 54 est
390 2733 182 54 principium.
535 2733 61 54 ⁋
559 2733 73 54 Ex
596 2733 85 54 hoc
644 2733 109 54 patet
717 2733 97 54 quod
777 2733 109 54 omnis
850 2733 109 54 actus
922 2733 73 54 2o
959 2733 97 54 siue
1007 2733 85 54 motus

188 2775 152 50 operatiue
306 2775 141 50 potentie
411 2775 82 50 est
458 2775 152 50 operatio:
575 2775 106 50 omnis
646 2775 164 50 delectatio
774 2775 82 50 est
821 2775 164 50 huiusmodi:
950 2775 82 50 nam
997 2775 82 50 est
1032 2775 59 50 mo-

187 2820 92 54 tus
239 2820 196 54 voluntatis.
396 2820 144 54 igitur.
501 2820 118 54 Minor
579 2820 131 54 patet:
671 2820 92 54 tum
723 2820 105 54 quia
788 2820 92 54 non
841 2820 118 54 minus
919 2820 170 54 delectari
1037 2820 52 54 et

178 2863 157 50 gaudere
292 2863 143 50 dolere
392 2863 86 50 et
435 2863 172 50 tristari
564 2863 115 50 sunt
636 2863 129 50 motus
722 2863 215 50 voluntatis:
894 2863 115 50 quam
965 2863 129 50 odire
1037 2863 57 50 et

176 2906 134 48 amare
265 2906 149 48 timere
369 2906 104 48 vel
429 2906 208 48 desiderare
592 2906 134 48 prout
682 2906 134 48 satis
771 2906 178 48 cuilibet
905 2906 178 48 apparet.
1024 2906 74 48 Tum

177 2950 95 44 qui
232 2950 109 44 Aug.
300 2950 191 44 expraesse.
450 2950 95 44 14.
505 2950 82 44 de
546 2950 95 44 ci.
600 2950 109 44 dei.
668 2950 123 44 vocat
750 2950 232 44 delectationem
941 2950 82 44 et
968 2950 123 44 tristi-

173 2987 111 61 tiam
243 2987 125 61 motus
326 2987 208 61 voluntatis:
493 2987 125 61 sicut
576 2987 125 61 etiam
659 2987 139 61 amorem
757 2987 125 61 dicit
840 2987 111 61 esse
909 2987 139 61 motum.
1007 2987 83 61 83
1034 2987 56 61 q.

187 3030 88 51 Tum
238 3030 88 51 est
288 3030 100 51 per.
350 3030 75 51 p.
388 3030 63 51 o
413 3030 113 51 reth.
488 3030 113 51 dicit
563 3030 100 51 quod
625 3030 175 51 delectatio
763 3030 88 51 est
813 3030 113 51 motus
888 3030 125 51 quidam
975 3030 113 51 anime
1038 3030 50 51 et

180 3080 177 68 constitutio
322 3080 106 68 simul
392 3080 94 68 tota
451 3080 165 68 sensibilis
581 3080 71 68 in
616 3080 165 68 existentem
746 3080 130 68 naturam
840 3080 71 68 id
875 3080 82 68 est
922 3080 71 68 in
958 3080 82 68 rem
993 3080 106 68 existem

1167 283 80 88 tem.
1217 283 60 88 id
1247 283 70 88 est
1287 283 140 88 praesentem
1398 283 120 88 secundum
1488 283 110 88 naturam
1568 283 60 88 id
1598 283 70 88 est
1639 283 161 88 conuenientem
1769 283 120 88 secundum
1859 283 171 88 inclinationem
1990 283 90 88 naturae

1175 347 85 67 vel
1223 347 134 67 habitus
1321 347 85 67 aut
1369 347 146 67 alterius
1478 347 182 67 inclinantis
1624 347 85 67 per
1672 347 109 67 modum
1745 347 146 67 naturie:
1855 347 73 67 et
1891 347 85 67 per
1927 347 146 67 consequens

1158 399 153 50 commodam
1273 399 191 50 delectanti:
1425 399 76 50 et
1464 399 76 50 si
1502 399 102 50 bene
1565 399 178 50 aduertatur
1705 399 242 50 sententialiter:
1909 399 102 50 ista
1972 399 89 50 non
2010 399 64 50 dif

1162 436 107 54 fert
1228 436 93 54 aut
1282 436 120 54 parum
1362 436 80 54 ab
1402 436 107 54 illa
1468 436 107 54 quae
1535 436 133 54 posita
1629 436 107 54 est.
1695 436 80 54 7.
1735 436 133 54 ethic.
1829 436 80 54 et
1869 436 120 54 supra
1935 436 147 54 allegata:

1159 487 104 47 nisi
1224 487 104 47 quod
1289 487 91 47 hic
1341 487 143 47 ponitur
1445 487 195 47 sensibilis.
1601 487 156 47 corrigit
1719 487 104 47 ibi.
1784 487 78 47 p.
1823 487 143 47 dicens:
1927 487 130 47 melius
2005 487 65 47 di-

1163 524 78 56 ci
1202 524 91 56 non
1254 524 168 56 impedita.
1383 524 65 56 ⁋
1409 524 78 56 3o
1448 524 116 56 omnis
1525 524 142 56 volitio
1629 524 91 56 est
1681 524 168 56 operatio:
1810 524 116 56 omnis
1888 524 181 56 delectatio
2017 524 65 56 est

1154 567 177 64 volitio:
1287 567 162 64 igitur.
1405 567 133 64 Maior
1493 567 88 64 et
1538 567 133 64 minor
1626 567 147 64 patent
1729 567 177 64 expresse
1862 567 88 64 ab
1906 567 118 64 Aug.
1980 567 103 64 14.
2024 567 59 64 de

1156 617 96 52 ci.
1211 617 110 52 dei.
1280 617 96 52 vbi
1335 617 151 52 loquens
1445 617 83 52 de
1486 617 138 52 illis.
1583 617 83 52 4.
1624 617 248 52 affectionibus:
1830 617 193 52 cupiditate
1968 617 96 52 leti-

1154 655 91 57 tia
1206 655 104 57 metu
1271 655 78 57 et
1310 655 168 57 tristitia
1439 655 104 57 ait.
1504 655 155 57 Uoluntas
1620 655 130 57 quippe
1711 655 78 57 in
1750 655 143 57 omnibus
1854 655 104 57 est:
1918 655 104 57 immo
1970 655 91 57 omnes

1154 699 131 61 nihil
1241 699 131 61 aliud
1328 699 116 61 quam
1400 699 203 61 voluntates
1560 699 131 61 sunt:
1647 699 203 61 voluntates
1806 699 145 61 vocans
1908 699 131 61 actus
1980 699 87 61 quos

1156 746 200 64 volitiones
1313 746 185 64 vsitatius
1455 746 157 64 moderni
1569 746 200 64 appellant.
1726 746 71 64 ⁋
1755 746 100 64 2am
1812 746 228 64 conclusionem
1983 746 100 64 probo

1156 783 113 56 sic.
1227 783 142 56 Primo.
1326 783 127 56 omnis
1411 783 170 56 operatio
1538 783 99 56 seu
1595 783 127 56 actus
1680 783 198 56 voluntatis
1835 783 99 56 est
1892 783 170 56 dilectio
2005 783 71 56 vel

1153 828 128 54 odium
1238 828 100 54 non
1295 828 185 54 distinguo
1437 828 100 54 pro
1494 828 114 54 nunc
1565 828 128 54 inter
1651 828 142 54 amorem
1750 828 85 54 et
1793 828 228 54 dilectionem)
1978 828 85 54 et
2006 828 57 54 nn

1154 875 133 53 dilectio
1253 875 77 53 est
1298 875 111 53 odium.
1375 875 111 53 igitur
1453 875 100 53 omnis
1519 875 155 53 delectatio
1641 875 77 53 est
1685 875 144 53 dilectio.
1795 875 177 53 consequentia
1939 875 111 53 patet.
2006 875 66 53 quia

1166 917 87 63 omnis
1224 917 136 63 delectatio
1331 917 68 63 est
1370 917 87 63 actus
1428 917 145 63 voluntatis:
1544 917 58 63 vt
1573 917 87 63 patet
1632 917 58 63 ex
1661 917 126 63 principia
1758 917 155 63 conclusione.
1884 917 136 63 Antecedens
1990 917 68 63 qui
2019 917 39 63 ad

1153 958 153 60 secundam
1268 958 128 60 partem
1358 958 115 60 notum
1435 958 102 60 est.
1498 958 115 60 Prima
1575 958 102 60 pars
1639 958 166 60 probatur.
1767 958 90 60 Nam
1818 958 115 60 omnis
1895 958 115 60 actus
1959 958 102 60 volun-

1153 1009 117 52 tatis
1231 1009 91 52 est
1283 1009 117 52 nolle
1361 1009 91 52 vel
1413 1009 117 52 velle
1491 1009 156 52 secundum
1608 1009 130 52 omnes:
1700 1009 91 52 seu
1752 1009 169 52 consensio
1882 1009 91 52 vel
1921 1009 143 52 dissensio

1146 1044 141 64 secundum
1252 1044 164 64 sententiam
1380 1044 94 64 Aug.
1439 1044 82 64 14.
1486 1044 70 64 de
1521 1044 82 64 ci.
1568 1044 94 64 dei.
1626 1044 82 64 seu
1673 1044 164 64 prosecutio
1802 1044 82 64 vel
1849 1044 94 64 fuga
1907 1044 141 64 secundum
2013 1044 94 64 quod

1160 1089 120 61 inuit.
1244 1089 72 61 p.
1280 1089 72 61 6.
1316 1089 108 61 ethi.
1388 1089 72 61 et
1424 1089 108 61 omnia
1496 1089 84 61 hec
1544 1089 96 61 idem
1604 1089 192 61 significant:
1759 1089 96 61 omne
1819 1089 108 61 autem
1891 1089 108 61 velle
1963 1089 84 61 est
2011 1089 96 61 dile

1151 1132 90 62 ctio
1207 1132 67 62 et
1241 1132 146 62 econverso
1353 1132 67 62 et
1387 1132 90 62 omne
1443 1132 101 62 nolle
1510 1132 79 62 est
1555 1132 101 62 odium
1623 1132 67 62 et
1656 1132 146 62 econverso
1769 1132 124 62 sumendo
1859 1132 169 62 generaliter
1982 1132 79 62 istos

1156 1174 168 59 terminos
1282 1174 126 59 odium
1366 1174 84 59 et
1409 1174 182 59 dilectio.
1549 1174 70 59 ⁋
1577 1174 84 59 2o
1619 1174 126 59 omnis
1703 1174 224 59 complacentia
1886 1174 98 59 est
1928 1174 154 59 dilectio.

1141 1219 115 56 omnis
1218 1219 154 56 dilectio
1333 1219 90 56 est
1384 1219 218 56 complacentia.
1564 1219 128 56 igitur
1653 1219 102 56 etc.
1717 1219 115 56 Maior
1794 1219 115 56 patet
1871 1219 90 56 per
1922 1219 102 56 Aug.
1973 1219 90 56 diffi

1142 1268 146 53 nientem
1248 1268 239 53 complacentiam.
1447 1268 93 53 e.t
1500 1268 80 53 de
1539 1268 106 53 tri.
1606 1268 159 53 Placitum
1725 1268 133 53 inquit
1818 1268 133 53 quieta
1911 1268 106 53 mens
1977 1268 93 53 seu
2017 1268 66 53 est

1153 1305 165 58 voluntas
1277 1305 165 58 placitum
1401 1305 82 58 et
1442 1305 220 58 complacentia
1620 1305 124 58 idem:
1703 1305 96 58 est
1758 1305 124 58 autem
1840 1305 165 58 voluntas
1950 1305 110 58 quieta

1156 1357 79 45 id
1195 1357 92 45 est
1248 1357 145 45 volitio
1353 1357 92 45 qua
1406 1357 105 45 mens
1471 1357 92 45 seu
1524 1357 171 45 appetitus
1656 1357 171 45 quiescit:
1787 1357 118 45 nullo
1866 1357 118 45 autem
1945 1357 105 45 actu
1997 1357 66 45 vo-

1144 1394 163 59 luntatis
1267 1394 177 59 appetitus
1403 1394 177 59 quiescit:
1539 1394 109 59 nisi
1608 1394 123 59 amore
1689 1394 82 59 et
1730 1394 204 59 dilectione:
1894 1394 150 59 quamuis
1989 1394 68 59 non

1132 1442 124 54 omni
1210 1442 140 54 amore
1303 1442 202 54 quiescat.
1459 1442 140 54 Minor
1552 1442 186 54 probatur
1691 1442 93 54 ex
1738 1442 140 54 eodem
1831 1442 155 54 dicto.
1940 1442 109 54 Nam
1986 1442 78 54 cum

1133 1487 167 49 diffinitio
1265 1487 84 49 sit
1312 1487 203 49 conuertibilis
1480 1487 203 49 vniversaliter
1647 1487 84 49 cum
1695 1487 167 49 diffinito:
1827 1487 72 49 et
1863 1487 96 49 omni
1910 1487 144 49 delectatio

1140 1523 72 64 ne
1176 1523 156 64 appetitus
1296 1523 156 64 quiescat.
1416 1523 96 64 Unde
1476 1523 72 64 et
1512 1523 168 64 communiter
1643 1523 132 64 dicitur
1739 1523 96 64 quod
1799 1523 168 64 delectatio
1919 1523 132 64 importati

1149 1570 158 54 quietem
1264 1570 216 54 voluntatis.
1436 1570 86 54 Et
1479 1570 115 54 Aug.
1551 1570 86 54 10
1594 1570 86 54 de
1637 1570 115 54 tri.
1709 1570 115 54 ait.
1781 1570 158 54 Fruimur
1896 1570 173 54 cognitis
2011 1570 72 54 est

1138 1612 81 54 in
1179 1612 136 54 quibus
1274 1612 163 54 voluntas
1396 1612 122 54 ipsis
1477 1612 149 54 propter
1586 1612 81 54 se
1626 1612 108 54 ipsa
1694 1612 176 54 delectata
1830 1612 217 54 conquiescat:
1992 1612 68 54 se-

1136 1659 145 43 quitur
1238 1659 116 43 quod
1311 1659 131 43 omnis
1398 1659 204 43 delectatio
1558 1659 102 43 est
1617 1659 247 43 complacentia.
1820 1659 73 43 ⁋
1849 1659 87 43 3o
1893 1659 116 43 omne
1951 1659 131 43 deside-

1148 1701 83 52 rium
1199 1701 73 52 est
1241 1701 93 52 amor.
1303 1701 104 52 igitur
1376 1701 93 52 omnis
1438 1701 145 52 delectatio
1552 1701 73 52 est
1593 1701 93 52 amor.
1655 1701 166 52 consequentia
1790 1701 104 52 patet.
1863 1701 83 52 quia
1915 1701 124 52 secundum
1997 1701 73 52 omnes

1138 1739 124 62 sicut
1221 1739 83 62 se
1262 1739 124 62 habet
1345 1739 193 62 desiderium
1496 1739 83 62 ad
1538 1739 138 62 amorem
1634 1739 96 62 non
1689 1739 151 62 habiti:
1799 1739 96 62 sic
1854 1739 193 62 delectatio
1992 1739 55 62 ad

1139 1788 121 50 amorem
1224 1788 121 50 habiti
1308 1788 73 50 et
1344 1788 181 50 praesentis.
1490 1788 169 50 Antecedens
1623 1788 145 50 probatur
1731 1788 85 50 per
1780 1788 109 50 Augu.
1852 1788 73 50 9.
1889 1788 73 50 de
1925 1788 97 50 tri.
1985 1788 85 50 vbi
2022 1788 60 50 est

1143 1824 220 58 sententialiter
1326 1824 122 58 dicit:
1411 1824 98 58 quod
1472 1824 159 58 appetitus
1594 1824 171 58 cognoscedi
1729 1824 134 58 aliquid
1826 1824 134 58 ignotum
1924 1824 85 58 est
1960 1824 98 58 quidem

1137 1870 66 65 de
1170 1870 154 65 graesentie
1291 1870 121 65 amoris.
1379 1870 66 65 et
1412 1870 121 65 probat:
1500 1870 88 65 quia
1555 1870 77 65 est
1599 1870 110 65 quadam
1676 1870 165 65 inquisitio:
1808 1870 66 65 et
1841 1870 99 65 omnis
1907 1870 143 65 inquisiuo
2006 1870 55 65 vo-

1151 1909 135 62 luntas.
1249 1909 86 62 Nam
1298 1909 110 62 omnis
1371 1909 86 62 qui
1420 1909 135 62 querit:
1518 1909 147 62 inuenire
1628 1909 110 62 vult:
1701 1909 73 62 ex
1738 1909 86 62 qua
1787 1909 159 62 sententia
1909 1909 122 62 patet:
1983 1909 73 62 quod

1136 1956 125 59 omnis
1219 1956 180 59 appetitus
1358 1956 97 59 seu
1413 1956 194 59 desiderium
1565 1956 97 59 est
1620 1956 125 59 amor:
1703 1956 83 59 et
1745 1956 125 59 patet
1828 1956 125 59 etiam
1911 1956 111 59 vnum
1966 1956 97 59 supra

1145 2000 158 55 assumptum
1266 2000 145 55 scilicet
1375 2000 97 55 quod
1436 2000 109 55 omnis
1509 2000 133 55 volitio
1606 2000 85 55 est
1654 2000 133 55 amortis
1751 2000 109 55 alias
1824 2000 145 55 probatio
1933 2000 97 55 Aug.
1981 2000 73 55 nul-

1145 2041 78 60 la
1184 2041 130 60 esset:
1275 2041 91 60 qui
1327 2041 91 60 per
1379 2041 91 60 hoc
1430 2041 104 60 quod
1495 2041 182 60 inquisitio
1638 2041 91 60 seu
1690 2041 169 60 appetitus
1820 2041 104 60 ille
1884 2041 91 60 est
1923 2041 143 60 voluntas:

1138 2087 178 66 concludit
1275 2087 109 66 quod
1343 2087 96 66 est
1398 2087 123 66 amor.
1480 2087 68 66 ⁋
1508 2087 82 66 4o
1549 2087 109 66 idem
1617 2087 164 66 probatur
1740 2087 205 66 auctoritate
1904 2087 123 66 Augu.
1986 2087 96 66 14.
2027 2087 55 66 de

1143 2127 97 63 ci.
1198 2127 111 63 dei.
1268 2127 97 63 vbi
1323 2127 97 63 ait
1378 2127 111 63 sic.
1447 2127 111 63 Quid
1516 2127 97 63 est
1572 2127 180 63 cupiditas
1710 2127 83 63 et
1751 2127 138 63 letiua
1848 2127 111 63 nisi
1917 2127 166 63 voluntas
2028 2127 55 63 co

1137 2167 80 65 in
1177 2167 120 65 eorum
1256 2167 199 65 consensione
1416 2167 93 65 que
1469 2167 159 65 volumus:
1588 2167 80 65 et
1628 2167 106 65 quid
1694 2167 93 65 est
1748 2167 120 65 metus
1827 2167 120 65 atque
1894 2167 159 65 tristitia:

1143 2217 117 51 nisi
1217 2217 176 51 voluntas
1348 2217 88 51 in
1392 2217 220 51 dissensione
1568 2217 88 51 ab
1612 2217 102 51 his
1670 2217 102 51 que
1729 2217 176 51 nolumus:
1861 2217 102 51 Sed
1919 2217 102 51 cum
1963 2217 88 51 con-

1140 2256 173 63 sentimus
1269 2256 187 63 appetendo
1413 2256 86 63 ea
1456 2256 101 63 que
1514 2256 158 63 volumus
1629 2256 187 63 cupiditas
1773 2256 115 63 est:
1845 2256 101 63 cum
1903 2256 130 63 autem
1975 2256 72 63 con

1144 2301 174 63 sentimus
1274 2301 159 63 fruendo
1390 2301 101 63 his
1448 2301 101 63 qua
1506 2301 159 63 volumus
1622 2301 159 63 letitia
1738 2301 174 63 vocatur.
1868 2301 159 63 Itemque
1970 2301 72 63 cum

1140 2344 219 54 dissentimus
1315 2344 88 54 ab
1359 2344 88 54 eo
1403 2344 117 54 quod
1476 2344 175 54 accidere
1607 2344 175 54 nolumus:
1739 2344 131 54 talis
1826 2344 175 54 voluntas
1943 2344 102 54 metus

1139 2388 103 59 est.
1204 2388 91 59 cum
1255 2388 116 59 autem
1333 2388 194 59 dissentimus
1488 2388 78 59 ab
1527 2388 78 59 eo
1566 2388 103 59 quod
1630 2388 181 59 nolentibus
1773 2388 155 59 accidit:
1889 2388 116 59 talis
1954 2388 103 59 volumn

1135 2434 97 58 tas
1191 2434 181 58 tristitia
1330 2434 111 58 est.
1399 2434 125 58 Uocat
1482 2434 125 58 autem
1566 2434 111 58 Aug.
1635 2434 125 58 omnem
1719 2434 125 58 actum
1802 2434 194 58 voluntatis
1941 2434 111 58 volun-

1134 2482 136 47 tatem:
1230 2482 122 47 licem
1311 2482 122 47 forte
1393 2482 190 47 strictiori
1542 2482 177 47 locutione
1678 2482 122 47 actus
1760 2482 109 47 ille
1828 2482 109 47 quem
1896 2482 150 47 vocamus
1991 2482 54 47 lo

1145 2526 171 60 cutionem:
1276 2526 79 60 et
1316 2526 105 60 Aug.
1381 2526 223 60 dissensionem:
1565 2526 131 60 potius
1657 2526 158 60 dicendus
1775 2526 118 60 esset
1854 2526 171 60 noluntas:
1972 2526 79 60 quam

1136 2566 199 50 voluntas:
1289 2566 107 50 sed
1350 2566 107 50 non
1411 2566 107 50 est
1472 2566 153 50 fienda
1580 2566 107 50 vis
1641 2566 92 50 in
1687 2566 199 50 vocabulo:
1840 2566 107 50 vbi
1901 2566 153 50 sensus
1993 2566 61 50 no

1142 2606 128 59 latet.
1232 2606 115 59 Dicit
1308 2606 128 59 quoque
1398 2606 115 59 omnes
1474 2606 179 59 praedictas
1615 2606 192 59 affectiones
1768 2606 102 59 esse
1832 2606 192 59 voluntatis:
1972 2606 77 59 dif-

1145 2648 106 57 ferunt
1220 2648 106 57 tamen:
1294 2648 85 57 quia
1347 2648 74 57 due
1390 2648 96 57 earum
1454 2648 128 57 scilicet
1549 2648 138 57 cupiditas
1656 2648 64 57 et
1688 2648 117 57 letitia
1773 2648 85 57 sunt
1826 2648 181 57 consensiones.
1975 2648 64 57 id
1996 2648 53 57 est

1152 2696 184 57 volitiones.
1299 2696 135 57 Reliqua
1397 2696 98 57 vero
1458 2696 147 57 scilicet
1568 2696 110 57 metus
1642 2696 74 57 et
1679 2696 135 57 tristia
1777 2696 98 57 sunt
1838 2696 196 57 dissensiones
1985 2696 61 57 seu

1146 2738 202 50 nolitiones
1305 2738 130 50 iuxta
1391 2738 116 50 vsum
1464 2738 188 50 modernum.
1608 2738 188 50 cupiditas
1753 2738 130 50 autem
1840 2738 101 50 est
1883 2738 159 50 consensio

1142 2784 102 58 non
1201 2784 160 58 habiti:
1317 2784 87 58 in
1360 2784 116 58 quod
1433 2784 189 58 appetendo
1578 2784 174 58 mouemur.
1709 2784 131 58 Letia
1796 2784 116 58 vero
1869 2784 189 58 consensio
2000 2784 58 58 in

1132 2820 81 62 eo
1172 2820 94 62 quo
1226 2820 161 62 fruimur:
1347 2820 81 62 et
1387 2820 148 62 accipit
1495 2820 108 62 frui
1562 2820 188 62 communiter
1710 2820 94 62 pro
1764 2820 175 62 quiescere
1898 2820 94 62 per
1938 2820 108 62 amorem

1149 2866 66 60 in
1182 2866 111 60 aliquo
1260 2866 89 60 bono
1315 2866 111 60 adepto
1393 2866 66 60 et
1426 2866 155 60 praesente.
1548 2866 66 60 Ex
1581 2866 111 60 quibus
1658 2866 100 60 patet
1725 2866 133 60 letitiam
1825 2866 89 60 quae
1880 2866 78 60 non
1924 2866 78 60 est
1957 2866 89 60 aliuda

1140 2910 97 52 quam
1201 2910 170 52 delectatio
1334 2910 97 52 esse
1395 2910 134 52 amorem:
1493 2910 97 52 quae
1553 2910 73 52 in
1590 2910 122 52 aliquo
1675 2910 170 52 quiescimus
1809 2910 73 52 et
1845 2910 195 52 complacemus.
1991 2910 61 52 Cui

1133 2958 166 48 concordat
1261 2958 102 48 quod
1325 2958 77 48 in
1363 2958 153 48 sequenti
1478 2958 128 48 caprio
1568 2958 102 48 ait.
1632 2958 102 48 Amor
1696 2958 128 48 igitur
1785 2958 141 48 inhyans
1888 2958 128 48 habere
1964 2958 77 48 quod

1133 3002 149 46 amatur
1237 3002 193 46 cupiditas
1386 3002 119 46 est:
1460 3002 89 46 id
1505 3002 104 46 aut
1564 3002 149 46 habens
1668 3002 134 46 eoque
1758 3002 149 46 fruens
1862 3002 149 46 letia.
1966 3002 74 46 ⁋
1981 3002 89 46 huic

1134 3042 167 53 auctoritati
1267 3042 156 53 respondent
1390 3042 111 53 aliqui
1468 3042 134 53 dicentes
1568 3042 100 53 illam
1635 3042 200 53 praedicationem
1802 3042 189 53 intelligendam
1958 3042 89 53 esse
2002 3042 67 53 perl

1144 3088 178 55 causalitatem
1289 3088 67 55 et
1322 3088 78 55 non
1367 3088 78 55 per
1411 3088 178 55 identitatem:
1556 3088 89 55 quia
1612 3088 134 55 scilicet
1712 3088 89 55 amor
1767 3088 111 55 fruens
1845 3088 100 55 causa
1901 3088 167 55 delectationis
