2471 3538
372 284 95 59 est
427 284 95 59 seu
481 284 176 59 lentitie.
616 284 95 59 Sed
670 284 95 59 hoc
724 284 95 59 non
778 284 135 59 potest
873 284 122 59 stare
954 284 108 59 quod
1022 284 149 59 similis
1116 284 176 59 praedicatio

373 335 108 50 est:
441 335 95 50 qua
495 335 122 50 dicit
577 335 108 50 quod
644 335 176 50 cupiditas
780 335 95 50 est
834 335 108 50 amor
902 335 163 50 inhyans.
1024 335 149 50 constat
1132 335 122 50 autem
1200 335 95 50 istam

374 381 88 51 non
425 381 101 51 esse
488 381 164 51 causalem:
614 381 88 51 sed
665 381 202 51 identitatem.
829 381 88 51 Nam
879 381 152 51 secundum
993 381 114 51 omnes
1069 381 101 51 quos
1132 381 101 51 vidi
1182 381 114 51 deside-

378 424 98 49 rium
439 424 86 49 seu
488 424 159 49 cupiditas
610 424 86 49 est
659 424 208 49 essentialiter
831 424 122 49 quidam
916 424 98 49 amor
978 424 147 49 habendi.
1088 424 122 49 igitur
1161 424 135 49 similiter

391 466 150 52 delecuo
501 466 96 52 est
555 466 232 52 essentialiter
747 466 137 52 quidam
842 466 109 52 amor
910 466 96 52 iam
965 466 150 52 habiti.
1074 466 68 52 ⁋
1102 466 109 52 Item
1170 466 109 52 aug.
1225 466 68 52 13.

380 507 78 61 de
419 507 104 61 tri.
484 507 117 61 dicit
562 507 104 61 idem
627 507 104 61 esse
692 507 130 61 dictu.
783 507 117 61 btuns
861 507 91 61 est
913 507 91 61 qui
965 507 117 61 viuit
1043 507 78 61 vt
1082 507 117 61 vult.
1160 507 78 61 et
1186 507 104 61 beatus

386 562 92 45 est
439 562 92 45 qui
491 562 119 45 viuit
571 562 79 45 vt
610 562 92 45 eum
663 562 172 45 delectat.
795 562 92 45 hoc
848 562 119 45 autem
927 562 92 45 non
980 562 119 45 esset
1059 562 132 45 verum:
1151 562 106 45 nisi
1204 562 79 45 dele

379 599 118 54 ctari
457 599 118 54 esset
536 599 144 54 quoddam
641 599 131 54 velle.
732 599 65 54 ⁋
758 599 105 54 Item
824 599 118 54 primo
902 599 79 54 de
942 599 105 54 tri.
1007 599 92 54 hoc
1059 599 92 54 est
1112 599 131 54 inquit
1190 599 105 54 plenum

389 640 146 58 gaudium
495 640 172 58 viceturum
628 640 93 58 quo
681 640 146 58 amplius
787 640 93 58 non
840 640 93 58 est
893 640 106 58 frui
959 640 172 58 trinitate
1092 640 106 58 deo.
1158 640 106 58 Frui
1211 640 93 58 autem

391 685 77 50 est
435 685 88 50 amor
490 685 132 50 secundum
589 685 99 50 ipsum
656 685 99 50 primo
722 685 66 50 de
755 685 110 50 docor.
832 685 143 50 christia.
942 685 66 50 et
975 685 121 50 gaudium
1063 685 99 50 letia
1130 685 66 50 et
1152 685 143 50 delectatiso

391 729 114 53 idem
462 729 114 53 sunt
533 729 100 53 non
590 729 171 53 faciendo
718 729 128 53 aliam
804 729 256 53 contradictione
1017 729 85 53 in
1060 729 199 53 vocabulis.
1217 729 71 53 ⁋
1231 729 71 53 Con

382 771 79 49 tra
427 771 101 49 tamen
494 771 180 49 conclusiones
640 771 157 49 praedictas
764 771 135 49 instatur
865 771 79 49 per
910 771 79 49 doc
955 771 124 49 opoitum
1045 771 146 49 vtriusque
1157 771 146 49 tenentem.
1258 771 45 49 Et

392 815 85 55 primo
448 815 113 55 arguitur
533 815 76 55 sic.
580 815 94 55 contra
646 815 94 55 primam
713 815 57 55 ex
741 815 142 55 auctoritate
854 815 132 55 philosophi
958 815 57 55 10
986 815 85 55 ethi.
1043 815 94 55 dicens
1109 815 76 55 quod
1156 815 132 55 delectatio
1251 815 47 55 non

385 863 99 48 est
441 863 169 48 operatio
568 863 84 48 vt
610 863 84 48 in
652 863 169 48 arguendo
779 863 99 48 ad.
835 863 84 48 q.
878 863 183 48 allegatum
1018 863 113 48 est:
1089 863 84 48 et
1131 863 99 48 per
1173 863 113 48 plures

380 900 119 56 alios
459 900 158 56 doctores
577 900 158 56 dicentes
696 900 105 56 quod
762 900 184 56 delectatio
907 900 92 56 est
960 900 145 56 passio.
1065 900 66 56 ⁋
1091 900 79 56 2o
1131 900 119 56 omnis
1197 900 92 56 actus

392 945 184 56 voluntatis
537 945 92 56 est
589 945 79 56 in
629 945 171 56 potestate
761 945 184 56 voluntatis
906 945 171 56 immediate
1037 945 158 56 secundum
1156 945 105 56 Aug.
1209 945 92 56 primo

376 988 113 53 reth.
452 988 113 53 nihil
527 988 88 53 est
577 988 88 53 tam
627 988 75 53 in
664 988 163 53 potestate
789 988 175 53 voluntatis
927 988 100 53 quam
990 988 100 53 ipsa
1052 988 163 53 voluntas:
1177 988 100 53 quod
1227 988 63 53 non

373 1032 187 51 intelligit
519 1032 107 51 nisi
586 1032 147 51 quantum
692 1032 80 51 ad
732 1032 120 51 actum
812 1032 173 51 elicitum:
946 1032 93 51 sed
999 1032 187 51 delectatio
1145 1032 93 51 non
1199 1032 93 51 est
1239 1032 53 51 in

377 1075 152 60 potestate
494 1075 175 60 voluntatis:
634 1075 93 60 quia
692 1075 105 60 eadem
762 1075 128 60 ratione
856 1075 128 60 tristia
949 1075 117 60 esset.
1031 1075 163 60 consequens
1159 1075 82 60 est
1194 1075 105 60 falsum.

400 1121 76 53 qui
444 1121 131 53 secundum
542 1121 174 53 philosophum.
683 1121 65 53 5.
716 1121 98 53 meta.
781 1121 87 53 omne
836 1121 109 53 triste
912 1121 76 53 est
955 1121 196 53 inuoluntarium.
1119 1121 54 53 ⁋
1141 1121 65 53 2o
1173 1121 109 53 contra
1239 1121 54 53 2am

381 1163 135 56 alius
471 1163 150 56 arguit
576 1163 120 56 sic.
651 1163 120 56 illa
726 1163 120 56 sunt
801 1163 135 56 eadem
891 1163 105 56 vel
951 1163 165 56 diuersa
1071 1163 150 56 quorum
1161 1163 135 56 opposi-

384 1207 86 52 ta
427 1207 115 52 sunt
499 1207 144 52 talia:
600 1207 101 52 sed
657 1207 130 52 odium
744 1207 86 52 et
787 1207 187 52 tristitia
931 1207 101 52 que
988 1207 173 52 opponunt
1103 1207 202 52 delectationi

385 1251 78 48 et
424 1251 181 48 dilectioni
566 1251 104 48 sunt
631 1251 155 48 realiter
748 1251 155 48 diuersa.
864 1251 130 48 igitur
955 1251 78 48 et
994 1251 155 48 dilectio
1111 1251 78 48 et
1137 1251 155 48 delectatio

375 1294 102 56 sunt
439 1294 153 56 realiter
554 1294 153 56 diuerse.
669 1294 115 56 Minor
746 1294 153 56 probatur
861 1294 115 56 primo
938 1294 102 56 sic.
1002 1294 115 56 odium
1079 1294 90 56 est
1130 1294 141 56 quoddam
1219 1294 77 56 nol-

383 1333 94 59 le:
436 1333 108 59 quia
504 1333 121 59 odire
585 1333 148 59 aliquid
693 1333 94 59 est
747 1333 121 59 nolle
828 1333 135 59 illud:
922 1333 94 59 sed
976 1333 121 59 actus
1057 1333 148 59 nolendi
1165 1333 94 59 non
1206 1333 94 59 requi

375 1381 86 59 rit
424 1381 147 59 obiectum
534 1381 184 59 apprehensum
681 1381 86 59 sub
730 1381 135 59 ratione
828 1381 184 59 existentis:
975 1381 98 59 quia
1036 1381 147 59 voluntas
1146 1381 122 59 potest
1219 1381 86 59 nolle

375 1428 141 52 obiectum
481 1428 141 52 antequam
587 1428 141 52 existat:
693 1428 129 52 tristia
787 1428 94 52 vero
846 1428 141 52 respicit
952 1428 141 52 obiectum
1058 1428 165 52 actualiter
1176 1428 129 52 existens:

383 1476 93 45 qui
436 1476 106 45 Aug.
502 1476 93 45 14.
555 1476 79 45 de
595 1476 93 45 ci.
647 1476 93 45 dei
700 1476 106 45 ait.
767 1476 106 45 amor
833 1476 106 45 ergo
899 1476 146 45 inhyans
1005 1476 132 45 habere
1097 1476 106 45 quod
1164 1476 132 45 amatur
1243 1476 53 45 cu

379 1513 139 54 piditas
480 1513 101 54 est:
544 1513 76 54 id
582 1513 114 54 autem
657 1513 126 54 habens
746 1513 114 54 eoque
822 1513 126 54 fruens
910 1513 152 54 letitia:
1024 1513 139 54 fugiens
1125 1513 101 54 quod
1188 1513 76 54 ei
1226 1513 88 54 ad¬

373 1555 166 55 uersatur
498 1555 125 55 timor
581 1555 111 55 est:
650 1555 125 55 idque
734 1555 83 55 si
775 1555 180 55 acciderit
914 1555 166 55 sentiens
1039 1555 153 55 tristia
1150 1555 111 55 est.
1219 1555 69 55 ⁋
1247 1555 83 55 2o

374 1599 149 48 nolitio
483 1599 162 48 intentia
604 1599 135 48 potest
699 1599 189 48 praecedere
847 1599 149 48 euentom
955 1599 135 48 ipsius
1050 1599 149 48 noliti:
1158 1599 95 48 quo
1198 1599 95 48 posi-

372 1643 83 46 to
414 1643 167 46 voluntas
539 1643 97 46 non
594 1643 125 46 habet
678 1643 125 46 actum
761 1643 153 46 nolendi
872 1643 222 46 intensiorem:
1053 1643 111 46 quia
1122 1643 111 46 tunc
1178 1643 111 46 primum

374 1686 113 62 nolle
450 1686 88 62 non
500 1686 138 62 fuisset
601 1686 163 62 intentum.
726 1686 126 62 igitur
814 1686 126 62 posito
902 1686 126 62 nolito
990 1686 75 62 in
1028 1686 101 62 esse
1091 1686 88 62 non
1141 1686 138 62 propter
1229 1686 63 62 hoc

389 1731 154 50 voluntas
505 1731 90 50 est
556 1731 129 50 mutata
646 1731 154 50 secundum
762 1731 141 50 aliquod
865 1731 129 50 nolle:
955 1731 129 50 mutata
1045 1731 90 50 est
1096 1731 116 50 tamen
1173 1731 64 50 a
1199 1731 90 50 non
1238 1731 64 50 tri

393 1775 113 54 tante
469 1775 76 54 in
507 1775 189 54 tristantem.
658 1775 126 54 igitur
746 1775 151 54 tristari
860 1775 88 54 non
910 1775 88 54 est
961 1775 126 54 nolle.
1049 1775 139 54 igitur.
1150 1775 63 54 ⁋
1175 1775 76 54 3o
1200 1775 101 54 volum-

375 1818 99 51 tas
431 1818 127 51 sicut
516 1818 198 51 voluntarie
672 1818 141 51 elicit
771 1818 127 51 actum
856 1818 170 51 volendi:
983 1818 99 51 ita
1039 1818 85 51 et
1082 1818 127 51 actum
1153 1818 141 51 nolendi:

379 1869 99 41 qui
435 1869 198 41 voluntarie
591 1869 113 41 vult
661 1869 155 41 aliquid
774 1869 85 41 se
816 1869 141 41 nolle:
915 1869 99 41 sed
971 1869 141 41 nullus
1070 1869 183 41 tristatur
1197 1869 99 41 volun

384 1911 119 42 tarie:
467 1911 95 42 quia
527 1911 95 42 tunc
586 1911 83 42 non
634 1911 190 42 tristaretur.
788 1911 119 42 igitur
871 1911 154 42 tristitia
990 1911 83 42 non
1038 1911 83 42 est
1085 1911 107 42 actus
1156 1911 143 42 nolendi:
1251 1911 48 42 et

374 1948 108 46 tunc
441 1948 108 46 sict
508 1948 135 46 prius.
602 1948 215 46 Confirmatur.
777 1948 148 46 volutas
885 1948 188 46 reflectens
1033 1948 81 46 se
1073 1948 121 46 supra
1154 1948 121 46 actum
1221 1948 81 46 suum

376 2000 189 46 voluntarie
524 2000 162 46 elicitum
645 2000 108 46 sibi
712 2000 189 46 complacet:
860 2000 135 46 igitur
955 2000 162 46 voluntas
1076 2000 135 46 volens
1170 2000 81 46 se
1197 2000 108 46 habere

369 2039 126 55 nolle
453 2039 112 55 sibi
523 2039 182 55 complacet
663 2039 84 55 in
705 2039 168 55 nolendo:
831 2039 98 55 sed
887 2039 168 55 voluntas
1013 2039 196 55 reflectens
1167 2039 84 55 se
1195 2039 98 55 super

379 2081 159 52 tristari
498 2081 93 52 non
551 2081 172 52 complacet
683 2081 119 52 sibi:
762 2081 93 52 sed
815 2081 172 52 displicet
947 2081 93 52 sua
1000 2081 185 52 tristitia:
1145 2081 132 52 nullus
1225 2081 79 52 enim

386 2125 175 44 complacet
520 2125 108 44 sibi
587 2125 81 44 in
628 2125 188 44 tristando.
776 2125 148 44 igitur.
883 2125 67 44 ⁋
910 2125 81 44 4o
950 2125 161 44 probatur
1071 2125 121 44 eadem
1152 2125 121 44 minor
1219 2125 81 44 sic.

390 2166 64 55 in
422 2166 75 55 deo
465 2166 138 55 inuenitur
571 2166 117 55 propria
656 2166 96 55 ratio
720 2166 96 55 actus
784 2166 128 55 nolendi:
880 2166 85 55 quia
933 2166 96 55 sicut
997 2166 75 55 per
1040 2166 64 55 se
1072 2166 96 55 velle
1135 2166 85 55 suum
1189 2166 75 55 est
1221 2166 75 55 causa

384 2219 118 43 eorum
463 2219 92 43 que
515 2219 170 43 eueniunt:
646 2219 92 43 ita
698 2219 92 43 per
751 2219 79 43 se
790 2219 118 43 nolle
869 2219 105 43 suum
934 2219 92 43 est
987 2219 118 43 causa
1065 2219 183 43 impeditiua
1209 2219 118 43 malo¬

381 2253 82 49 rum
428 2253 93 49 quae
486 2253 82 49 non
533 2253 152 49 eueniunt:
650 2253 82 49 sed
697 2253 93 49 deus
755 2253 82 49 non
802 2253 117 49 potest
884 2253 152 49 tristari.
1000 2253 93 49 ergo
1059 2253 140 49 tristari
1164 2253 82 49 non
1211 2253 82 49 est
1246 2253 58 49 nol

397 2302 74 56 le.
440 2302 53 56 ⁋
461 2302 63 56 2o
492 2302 74 56 per
534 2302 105 56 eundem
608 2302 179 56 principaliter
755 2302 126 56 arguitur
850 2302 105 56 contra
923 2302 179 56 conclusionem.
1071 2302 147 56 delectatio
1186 2302 74 56 est
1228 2302 74 56 per
1260 2302 42 56 se

390 2342 140 58 obiectum
495 2342 140 58 alicuius
600 2342 186 58 dilectionis:
751 2342 105 58 cuius
821 2342 82 58 non
868 2342 82 58 est
915 2342 140 58 dilectio
1019 2342 82 58 per
1066 2342 70 58 se
1101 2342 151 58 obiectum.
1206 2342 93 58 igitur

395 2389 140 47 delectatio
505 2389 70 47 non
545 2389 70 47 est
584 2389 80 47 idem
634 2389 120 47 realiter
724 2389 80 47 quod
774 2389 130 47 dilectio.
873 2389 159 47 consequentia
1003 2389 100 47 patet.
1073 2389 80 47 quia
1123 2389 90 47 sicut
1182 2389 80 47 illi
1222 2389 70 47 actus

392 2432 76 42 non
436 2432 87 42 sunt
490 2432 87 42 idem
544 2432 130 42 realiter
642 2432 76 42 qui
685 2432 76 42 non
729 2432 109 42 habent
805 2432 87 42 idem
859 2432 130 42 obiectum
957 2432 141 42 realiter:
1065 2432 76 42 ita
1108 2432 87 42 illa
1163 2432 119 42 obiecta
1239 2432 54 42 non

392 2472 89 52 sunt
447 2472 89 52 idem
503 2472 133 52 realiter
603 2472 89 52 quae
658 2472 78 52 non
702 2472 89 52 sunt
758 2472 133 52 obiectum
858 2472 122 52 eiusdem
946 2472 111 52 actus.
1024 2472 155 52 Antecedens
1146 2472 133 52 probatur
1234 2472 67 52 sic.

389 2517 159 45 absente
504 2517 217 45 delectabili
677 2517 173 45 voluntas
807 2517 101 45 non
865 2517 130 45 solum
952 2517 188 45 desiderat
1096 2517 130 45 ipsum
1168 2517 130 45 delecta

389 2560 117 47 bile:
467 2560 91 47 sed
519 2560 130 47 potest
610 2560 182 47 desiderare
753 2560 169 47 delectari
883 2560 78 47 in
922 2560 117 47 ipso.
1000 2560 130 47 igitur
1091 2560 156 47 delectuo
1195 2560 104 47 potest

387 2604 87 44 esse
441 2604 76 44 per
485 2604 65 44 se
517 2604 130 44 obiectum
614 2604 130 44 alicuius
712 2604 151 44 desiderii:
831 2604 108 44 igitur
907 2604 65 44 et
939 2604 97 44 actus
1004 2604 173 44 dilectionis:
1145 2604 87 44 quia
1188 2604 108 44 secundum

393 2648 105 53 Aug.
458 2648 79 53 9.
498 2648 79 53 de
537 2648 105 53 tri.
602 2648 170 53 appetitus
733 2648 170 53 inhyantis
864 2648 92 53 fit
916 2648 105 53 amor
982 2648 170 53 fruentis:
1113 2648 92 53 sed
1165 2648 92 53 non
1204 2648 92 53 opore

383 2699 192 43 voluntatem
534 2699 192 43 reflectere
684 2699 82 43 se
725 2699 123 43 supra
807 2699 123 43 actum
890 2699 109 43 suum
958 2699 137 43 quando
1054 2699 178 43 desiderat
1177 2699 123 43 delecta

385 2740 69 50 ri
419 2740 69 50 in
453 2740 172 50 delectabili
591 2740 115 50 quando
671 2740 115 50 fuerit
752 2740 149 50 praesens.
866 2740 115 50 igitur
946 2740 138 50 sequitur
1050 2740 92 50 quod
1107 2740 115 50 quando
1187 2740 103 50 actus
1245 2740 57 50 amo

393 2778 87 53 ris
442 2778 137 53 diligit
542 2778 162 53 delectari
667 2778 87 53 vel
716 2778 187 53 delectabile
866 2778 87 53 non
916 2778 137 53 oportet
1015 2778 75 53 vt
1053 2778 199 53 reflectatur.
1202 2778 100 53 igitur

383 2822 182 50 delectatio:
528 2822 121 50 potest
613 2822 97 50 esse
674 2822 145 50 obiectum
783 2822 145 50 alicuius
892 2822 194 50 dilectionis:
1050 2822 109 50 cuius
1122 2822 85 50 non
1171 2822 85 50 est
1207 2822 85 50 dilec

397 2867 90 52 per
449 2867 77 52 se
487 2867 167 52 obiectum.
615 2867 64 52 ⁋
641 2867 77 52 3o
680 2867 141 52 angelus
782 2867 116 52 malus
859 2867 128 52 potest
949 2867 77 52 se
988 2867 128 52 summen
1078 2867 167 52 diligeret
1206 2867 77 52 et
1232 2867 64 52 non

387 2913 106 52 potest
462 2913 148 52 delectari.
578 2913 106 52 igitur
652 2913 85 52 etc.
705 2913 169 52 consequentia
843 2913 106 52 patet.
917 2913 85 52 quia
970 2913 64 52 si
1002 2913 106 52 aliqua
1076 2913 127 52 dilectio
1171 2913 74 52 est
1203 2913 95 52 delectu

382 2947 138 57 maxime
479 2947 180 57 videretur
617 2947 83 57 de
659 2947 166 57 intenita
783 2947 97 57 vel
838 2947 124 57 summa
921 2947 207 57 dilectione.
1087 2947 193 57 Antecedens
1225 2947 83 57 pro-

395 2999 132 47 batur.
487 2999 106 47 quia
553 2999 159 47 secundum
672 2999 106 47 Aug.
739 2999 93 47 14.
791 2999 79 47 de
831 2999 119 47 ciui.
911 2999 159 47 Fecerunt
1030 2999 106 47 duas
1096 2999 172 47 ciuitates
1215 2999 79 47 duoc

388 3037 149 61 amores.
497 3037 162 61 terrenam
618 3037 149 61 dyaboli
727 3037 162 61 scilicet
848 3037 108 61 amor
916 3037 95 61 sui
970 3037 122 61 vsque
1051 3037 81 61 ad
1092 3037 189 61 contemptum
1227 3037 81 61 dei:

391 3085 163 59 celestem
514 3085 109 59 vero
581 3085 109 59 amor
649 3085 95 59 dei
704 3085 122 59 vsque
785 3085 81 59 ad
826 3085 190 59 contemptum
975 3085 109 59 sui:
1043 3085 136 59 igitur
1138 3085 81 59 et
1179 3085 122 59 talem
1247 3085 54 59 di

1343 269 166 69 lectionem
1471 269 89 69 sui
1522 269 127 69 potest
1611 269 127 69 habere
1700 269 127 69 adhuc:
1789 269 89 69 sed
1840 269 102 69 quod
1904 269 89 69 non
1955 269 127 69 possit
2044 269 166 69 delectari
2159 269 102 69 patet:

1341 334 104 58 qui
1400 334 192 58 tristitia
1548 334 178 58 vehemens
1682 334 133 58 omnem
1770 334 178 58 excludit
1904 334 252 58 delectationem
2111 334 104 58 non
2155 334 104 58 solum

1348 376 194 46 contrariam:
1504 376 91 46 sed
1555 376 78 46 et
1594 376 220 46 contingentem.
1776 376 78 46 7.
1815 376 117 46 ethi.
1892 376 155 46 dyabolus
2009 376 104 46 enim
2074 376 155 46 continue
2190 376 91 46 est
2229 376 52 46 in

1348 415 131 50 summa
1436 415 204 50 tristitia.
1596 415 73 50 ⁋
1625 415 87 50 4o
1669 415 160 50 aliquis
1785 415 146 50 potest
1887 415 218 50 intensiorem
2062 415 131 50 actum
2134 415 146 50 dilectio

1339 456 90 61 nis
1391 456 129 61 habere
1481 456 77 61 et
1520 456 129 61 minore
1610 456 220 61 delectationem
1791 456 142 61 habere:
1894 456 77 61 vt
1933 456 116 61 patet
2011 456 77 61 in
2049 456 142 61 deuotis
2153 456 90 61 qui
2191 456 65 61 fer

1341 509 135 44 uentius
1439 509 159 44 aliquando
1561 509 159 44 diligunt:
1683 509 73 44 et
1720 509 122 44 dolent
1806 509 98 44 quod
1867 509 86 44 non
1916 509 135 44 possunt
2013 509 171 44 deuotionem
2148 509 98 44 siue
2197 509 61 44 de-

1344 544 210 57 lectationem
1512 544 154 57 habere.
1623 544 70 57 ⁋
1651 544 84 57 5o
1693 544 84 57 ab
1735 544 112 57 alio
1805 544 112 57 sic.
1875 544 168 57 dyabolus
2001 544 168 57 temptans
2126 544 154 57 aliquem
2224 544 56 57 et

1336 600 153 46 inducens
1451 600 77 46 ad
1489 600 153 46 peccatum
1604 600 102 46 vult
1668 600 115 46 ipsum
1745 600 102 46 esse
1809 600 77 46 in
1847 600 153 46 peccato:
1962 600 102 46 quia
2026 600 140 46 detinet
2128 600 89 46 eum
2179 600 77 46 in
2204 600 77 46 pec-

1348 636 105 56 cato
1414 636 145 56 quantum
1519 636 145 56 potest:
1624 636 105 56 quod
1690 636 92 56 non
1742 636 145 56 faceret
1847 636 105 56 sine
1913 636 105 56 omni
1979 636 105 56 actu
2044 636 197 56 voluntatis:
2202 636 105 56 tale

1342 677 122 53 autem
1424 677 122 53 velle
1506 677 95 53 non
1560 677 95 53 est
1614 677 204 53 desiderium:
1778 677 95 53 cum
1832 677 95 53 non
1887 677 95 53 sit
1941 677 163 53 respectu
2063 677 95 53 non
2118 677 150 53 habiti:
2213 677 68 53 nec

1344 717 95 52 est
1399 717 203 52 delectatio:
1561 717 108 52 quia
1629 717 81 52 in
1669 717 149 52 dyabolo
1778 717 122 52 nulla
1859 717 190 52 delectatio
2008 717 108 52 esse
2075 717 149 52 potest:
2170 717 95 52 sicut

1350 765 110 54 enim
1419 765 82 54 se
1460 765 123 54 habet
1542 765 82 54 ad
1583 765 192 54 tristitiam
1734 765 151 54 beatus:
1844 765 96 54 ita
1899 765 164 54 damnatus
2022 765 82 54 ad
2049 765 206 54 delectationem

1345 809 89 53 sed
1396 809 126 53 beatus
1484 809 126 53 nullam
1573 809 177 53 tristitiam
1712 809 126 53 habere
1801 809 139 53 potest.
1902 809 126 53 igitur
1990 809 114 53 neque
2066 809 152 53 damnatus
2167 809 89 53 dele-

1339 845 185 55 ctationem.
1484 845 66 55 ⁋
1511 845 212 55 Confirmatur.
1683 845 106 55 quia
1749 845 159 55 secundum
1868 845 119 55 omnes
1948 845 159 55 damnatus
2067 845 106 55 post
2120 845 132 55 iudicium

1338 907 141 38 nullam
1437 907 155 38 habebit
1550 907 254 38 delectationem:
1761 907 85 38 et
1804 907 127 38 tamen
1888 907 141 38 multos
1987 907 155 38 habebit
2100 907 127 38 actus
2170 907 85 38 volu

1346 939 133 54 tatis
1435 939 178 54 respectu
1568 939 237 54 praesentium:
1761 939 119 54 quia
1835 939 133 54 volet
1924 939 178 54 dyabolus
2058 939 163 54 aliquos
2161 939 104 54 secum

1338 983 155 56 puniri.
1451 983 70 56 ⁋
1479 983 84 56 6o
1521 983 99 56 non
1577 983 113 56 omne
1648 983 127 56 odium
1732 983 99 56 est
1788 983 113 56 fuga
1859 983 99 56 vel
1915 983 169 56 tristia.
2042 983 141 56 igitur
2140 983 99 56 non
2182 983 99 56 omnis

1353 1027 92 52 amor
1411 1027 81 52 est
1457 1027 161 52 desiderium
1584 1027 81 52 vel
1630 1027 173 52 delectatur:
1768 1027 184 52 consequentia
1918 1027 115 52 patet.
1999 1027 92 52 quia
2057 1027 92 52 omni
2114 1027 92 52 odio
2160 1027 104 52 aliquis

1348 1065 178 54 opponitur
1485 1065 137 54 amori.
1581 1065 137 54 igitur
1676 1065 178 54 distincto
1813 1065 109 54 odio
1881 1065 191 54 distinctus
2031 1065 150 54 amortis
2140 1065 82 54 et
2181 1065 96 54 ita
2222 1065 55 54 il

1344 1113 85 55 li
1386 1113 113 55 odio
1457 1113 113 55 quod
1528 1113 99 55 non
1585 1113 99 55 est
1641 1113 113 55 fuga
1712 1113 99 55 nec
1769 1113 198 55 tristitia:
1925 1113 184 55 opponitur
2067 1113 113 55 amor
2137 1113 113 55 vnus
2194 1113 71 55 qui

1337 1163 102 53 non
1396 1163 102 53 est
1454 1163 204 53 desiderium
1614 1163 117 53 quod
1687 1163 189 53 opponitur
1833 1163 131 53 fuge:
1920 1163 102 53 nec
1978 1163 204 53 delectatio
2138 1163 102 53 que
2182 1163 73 53 op-

1339 1199 138 59 ponitur
1440 1199 176 59 tristitie.
1578 1199 176 59 Antecedens
1716 1199 163 59 probatur.
1842 1199 88 59 Nam
1892 1199 113 59 omnis
1967 1199 100 59 fuga
2030 1199 188 59 prasupponit
2168 1199 88 59 odium

1345 1242 132 53 illius
1437 1242 105 53 quod
1503 1242 158 53 fugitur.
1621 1242 92 53 Sed
1674 1242 105 53 fuga
1740 1242 92 53 non
1793 1242 184 53 necessario
1938 1242 211 53 praesupponit
2096 1242 171 53 tristitiam.

1344 1289 95 53 Nam
1399 1289 136 53 beatus
1494 1289 122 53 fugit
1576 1289 163 53 aliquid:
1698 1289 109 53 quia
1766 1289 109 53 vult
1834 1289 150 53 aliquid
1943 1289 95 53 non
1997 1289 109 53 esse
2066 1289 109 53 quod
2134 1289 109 53 est:
2188 1289 68 53 si-

1334 1331 87 54 cut
1383 1331 161 54 desiderat
1507 1331 137 54 aliquid
1607 1331 99 54 esse
1669 1331 99 54 quod
1731 1331 124 54 nondum
1818 1331 99 54 est:
1880 1331 74 54 et
1917 1331 112 54 tamen
1991 1331 124 54 nullam
2078 1331 112 54 habet
2140 1331 112 54 tristi-

1351 1375 123 51 tiam.
1433 1375 68 51 ⁋
1461 1375 82 51 7o
1502 1375 82 51 p.
1543 1375 82 51 10
1584 1375 123 51 ethi.
1666 1375 137 51 dicens
1761 1375 123 51 summa
1843 1375 178 51 tristitia
1980 1375 164 51 excludit
2103 1375 123 51 omnem
2171 1375 96 51 dele-

1342 1416 188 57 ctationem
1486 1416 130 57 etiam
1573 1416 101 57 non
1631 1416 116 57 sibi
1703 1416 202 57 oppositam:
1862 1416 130 57 sicut
1949 1416 101 57 qui
2006 1416 130 57 summe
2093 1416 188 57 tristatur
2223 1416 58 57 de

1346 1461 190 56 amissione
1493 1461 102 56 rei
1551 1461 205 56 temporalis
1712 1461 102 56 non
1770 1461 205 56 delectatur
1931 1461 88 56 de
1975 1461 263 56 consideratione
2179 1461 88 56 ali-

1334 1504 134 58 cuius
1423 1504 253 58 speculabilis:
1632 1504 104 58 sed
1691 1504 119 58 illa
1765 1504 193 58 tristitia
1914 1504 104 58 non
1974 1504 178 58 excludit
2107 1504 134 58 omnem
2197 1504 104 58 amo

1348 1553 100 48 rem
1405 1553 143 48 illius
1505 1553 242 48 speculabilis:
1704 1553 114 48 quod
1775 1553 143 48 patet:
1875 1553 114 48 quia
1946 1553 100 48 hoc
2003 1553 143 48 posito
2103 1553 128 48 adhuc
2174 1553 100 48 ponit

1352 1592 176 52 laborem
1480 1592 96 52 ad
1528 1592 240 52 acquirendum
1720 1592 144 52 illam
1816 1592 304 52 cosiderationem.
2073 1592 80 52 ⁋
2105 1592 96 52 8o
2153 1592 96 52 si
2185 1592 96 52 ali-

1355 1636 113 61 quis
1426 1636 113 61 amor
1496 1636 127 61 esset
1581 1636 170 61 realiter
1708 1636 212 61 delectatio:
1878 1636 141 61 maxime
1976 1636 113 61 ille
2047 1636 127 61 esset
2132 1636 99 61 qui
2174 1636 99 61 esset

1340 1685 86 48 in
1383 1685 230 48 consecutione
1570 1685 130 48 prius
1656 1685 216 48 desiderati:
1829 1685 101 48 sed
1887 1685 115 48 ille
1959 1685 101 48 non
2016 1685 101 48 est
2074 1685 173 48 realiter
2189 1685 72 48 de-

1346 1727 192 50 lectatio:
1494 1727 89 50 vt
1538 1727 177 50 probatum
1671 1727 103 50 est
1730 1727 133 50 supra
1818 1727 89 50 de
1863 1727 162 50 dyabolo
1981 1727 207 50 temptante.
2128 1727 133 50 igitur.

1353 1768 75 52 ⁋
1383 1768 90 52 6o
1428 1768 135 52 alius
1518 1768 120 52 sic.
1593 1768 195 52 possibile
1742 1768 105 52 est
1802 1768 150 52 augeri
1907 1768 225 52 dilectionem
2086 1768 90 52 in
2131 1768 150 52 aliquo
2221 1768 60 52 re

1337 1819 160 44 spectu
1449 1819 192 44 alicuius
1593 1819 192 44 obiecti:
1737 1819 96 44 et
1785 1819 272 44 delectationem
2009 1819 176 44 diminui
2121 1819 160 44 respectu

1351 1862 113 47 eiusdem
1433 1862 123 47 obiecti.
1525 1862 102 47 igitur
1596 1862 72 47 non
1637 1862 82 47 sunt
1688 1862 123 47 realiter
1780 1862 92 47 eadem
1842 1862 82 47 res:
1893 1862 164 47 consequentia
2026 1862 102 47 patet.
2097 1862 143 47 Antecedens
2200 1862 61 47 pro-

1340 1903 132 48 batur.
1432 1903 105 48 quia
1498 1903 132 48 posito
1590 1903 105 48 quod
1656 1903 119 48 ratio
1735 1903 119 48 recta
1814 1903 158 48 alicuius
1933 1903 119 48 beati
2012 1903 92 48 aut
2064 1903 119 48 iusti
2130 1903 132 48 viatoris

1351 1947 142 52 dictet
1450 1947 114 52 sibi
1521 1947 114 52 quod
1592 1947 128 52 actus
1677 1947 185 52 diligendi
1820 1947 114 52 deum
1891 1947 99 52 sit
1947 1947 213 52 intendendus
2118 1947 99 52 pro
2160 1947 114 52 aliquo

1355 1983 147 57 tempore:
1465 1983 73 57 et
1501 1983 134 57 eliciat
1599 1983 110 57 talem
1672 1983 183 57 dilectionem
1819 1983 159 57 intensius
1941 1983 98 57 quam
2002 1983 122 57 prius.
2088 1983 73 57 Et
2124 1983 134 57 ponatur
2210 1983 61 57 cum

1336 2034 93 50 hoc
1389 2034 107 50 quod
1456 2034 107 50 deus
1522 2034 147 50 reuelet
1629 2034 107 50 sibi
1696 2034 107 50 quod
1762 2034 107 50 ille
1829 2034 187 50 damnabitur
1976 2034 120 50 cras:
2056 2034 107 50 isto
2122 2034 133 50 posito
2202 2034 67 50 cer

1353 2070 99 54 tum
1410 2070 99 54 est
1466 2070 113 54 quod
1537 2070 198 54 delectatio
1693 2070 113 54 quam
1764 2070 128 54 prius
1849 2070 142 54 habuit
1948 2070 142 54 postea
2047 2070 184 54 minuetur:
2189 2070 85 54 et
2217 2070 57 54 di

1344 2118 145 55 lectio
1445 2118 203 55 intendetur
1604 2118 174 55 respectu
1735 2118 159 55 eiusdem
1851 2118 174 55 obiecti.
1981 2118 72 55 ⁋
2010 2118 87 55 2o
2054 2118 87 55 Si
2097 2118 145 55 aliqua
2184 2118 87 55 dile

1345 2163 117 53 ctio
1419 2163 132 53 esset
1507 2163 205 53 delectatio
1668 2163 88 53 in
1712 2163 191 53 voluntate
1859 2163 191 53 viatoris:
2006 2163 117 53 illa
2079 2163 147 53 maxime
2167 2163 103 53 esset

1339 2209 237 47 charitatiua
1529 2209 206 47 dilectio:
1687 2209 111 47 qua
1751 2209 190 47 voluntas
1893 2209 190 47 viatoris
2036 2209 174 47 fruitur
2162 2209 111 47 deo
2210 2209 63 47 in

1354 2248 91 56 via
1406 2248 91 56 per
1458 2248 130 56 fidem:
1549 2248 104 56 quia
1614 2248 130 56 sperat
1705 2248 156 56 consequi
1822 2248 104 56 eum.
1887 2248 143 56 Constat
1991 2248 117 56 autem
2069 2248 104 56 quod
2134 2248 117 56 talis
2199 2248 65 56 est

1356 2292 209 53 delectabilis:
1528 2292 74 53 et
1564 2292 74 53 si
1601 2292 123 53 aliqua
1687 2292 110 53 esset
1761 2292 184 53 delectatio:
1908 2292 98 53 ista
1969 2292 123 53 esset.
2055 2292 86 53 Sed
2104 2292 86 53 hec
2154 2292 86 53 non
2190 2292 74 53 est:

1361 2335 117 58 primo
1439 2335 104 58 quia
1504 2335 130 58 stante
1596 2335 104 58 actu
1661 2335 143 58 fruendi
1765 2335 117 58 sicut
1844 2335 117 58 prius
1922 2335 104 58 pono
1987 2335 104 58 quod
2052 2335 104 58 deus
2117 2335 143 58 reuelet
2209 2335 65 58 si-

1345 2379 78 53 bi
1384 2379 194 53 damnationem
1539 2379 117 53 suam:
1617 2379 91 53 ita
1669 2379 104 53 quod
1734 2379 168 53 assentiat
1863 2379 117 53 huic:
1941 2379 104 53 iste
2006 2379 194 53 damnabitur.
2148 2379 117 53 constat

1354 2424 109 54 quod
1422 2424 95 54 hoc
1477 2424 136 54 posito
1572 2424 122 54 talis
1653 2424 95 54 non
1707 2424 204 54 delectatur.
1870 2424 136 54 igitur
1965 2424 95 54 non
2020 2424 95 54 est
2074 2424 190 54 delectatio
2210 2424 54 54 vt

1359 2471 120 48 prius:
1443 2471 72 48 et
1479 2471 108 48 tamen
1551 2471 84 48 est
1599 2471 108 48 eadem
1671 2471 132 48 fruitio
1767 2471 96 48 quae
1827 2471 120 48 prius.
1911 2471 120 48 igitur
1995 2471 108 48 prius
2067 2471 96 48 illa
2127 2471 132 48 fruitio
2211 2471 60 48 non

1348 2510 115 56 fuit
1419 2510 215 56 delectatio:
1592 2510 72 56 ⁋
1620 2510 129 56 xiuo:
1707 2510 86 56 Si
1750 2510 201 56 delectatio
1908 2510 129 56 esset
1994 2510 115 56 amor
2066 2510 158 56 numquam
2166 2510 115 56 posset

1351 2553 107 54 esse
1417 2553 147 54 delecuo
1524 2553 80 54 in
1564 2553 120 54 mente
1644 2553 120 54 circa
1724 2553 147 54 aliquod
1831 2553 173 54 illicitum
1964 2553 120 54 citra
2045 2553 173 54 consensum
2178 2553 80 54 ad
2205 2553 53 54 il

1349 2597 150 53 licitum:
1461 2597 175 53 consequens
1598 2597 87 53 est
1648 2597 137 53 falsum.
1748 2597 200 53 Consequentia
1911 2597 162 53 probatur.
2036 2597 100 53 quia
2098 2597 112 53 capio
2161 2597 112 53 aliquam

1352 2641 132 55 talem
1440 2641 249 55 delectationem
1645 2641 132 55 circa
1733 2641 191 55 illicitum
1880 2641 88 55 in
1924 2641 147 55 mente.
2027 2641 117 55 Ista
2085 2641 176 55 delectatio

1347 2688 99 49 est
1403 2688 156 49 volitio
1517 2688 99 49 per
1573 2688 99 49 te:
1630 2688 113 49 quia
1701 2688 99 49 est
1757 2688 113 49 amor
1828 2688 99 49 per
1885 2688 198 49 hypotesim:
2041 2688 85 49 et
2083 2688 99 49 non
2140 2688 99 49 est
2182 2688 85 49 amor

1352 2735 102 50 nisi
1416 2735 127 50 istius
1505 2735 140 50 obiecti
1606 2735 165 50 illiciti:
1733 2735 102 50 quia
1797 2735 165 50 possibile
1924 2735 89 50 est
1975 2735 102 50 quod
2038 2735 127 50 nullus
2127 2735 114 50 alius
2191 2735 76 50 amor

1360 2772 128 52 circa
1445 2772 128 52 aliud
1531 2772 171 52 obiectum
1659 2772 100 52 sit
1716 2772 86 52 in
1759 2772 200 52 voluntate.
1916 2772 86 52 Si
1959 2772 128 52 autem
2045 2772 100 52 sit
2102 2772 114 52 amor
2159 2772 114 52 istius

1345 2814 151 50 obiecti
1455 2814 179 50 illiciti:
1592 2814 137 50 igitur
1689 2814 96 50 est
1743 2814 165 50 assensus
1867 2814 192 50 voluntatis
2018 2814 82 50 in
2059 2814 124 50 illud
2128 2814 151 50 obiectum:

1360 2859 91 67 quod
1416 2859 79 67 est
1462 2859 170 67 propositum.
1598 2859 57 67 t
1621 2859 125 67 alsitas
1712 2859 182 67 consequentis
1859 2859 159 67 declaratur
1984 2859 79 67 per
2029 2859 148 67 rationem:
2143 2859 91 67 quia
2200 2859 68 67 ex
2222 2859 57 67 hoc

1351 2904 153 53 sequitur
1466 2904 102 53 quod
1529 2904 140 53 numquam
1631 2904 127 53 posset
1720 2904 102 53 esse
1784 2904 76 53 in
1822 2904 114 53 mente
1898 2904 127 53 aliqua
1987 2904 178 53 delectatio
2127 2904 114 53 circa
2191 2904 76 53 ali-

1359 2944 110 61 quod
1428 2944 165 61 obiectum
1551 2944 192 61 illicitum:
1702 2944 123 61 cuius
1784 2944 178 61 consensus
1921 2944 96 61 est
1976 2944 165 61 mortalis
2100 2944 110 61 sine
2155 2944 123 61 mortali

1354 2997 125 52 peccato.
1447 2997 146 52 consequens
1562 2997 73 52 est
1604 2997 115 52 falsum:
1687 2997 83 52 quia
1739 2997 94 52 talis
1801 2997 146 52 delectatio
1916 2997 73 52 non
1958 2997 73 52 est
1999 2997 135 52 quandoque
2103 2997 62 52 in
2135 2997 135 52 potestate
2228 2997 42 52 vo

1343 3043 173 45 luntatis:
1476 3043 120 45 omnis
1556 3043 120 45 autem
1635 3043 173 45 consensus
1768 3043 160 45 mortalis
1888 3043 93 45 est
1941 3043 80 45 in
1981 3043 186 45 voluntatis
2114 3043 160 45 potestate.

1359 3075 69 74 ⁋
1387 3075 96 74 12o
1442 3075 165 74 probatur
1566 3075 206 74 auctoritate
1731 3075 110 74 Aug.
1799 3075 96 74 12.
1855 3075 83 74 de
1896 3075 110 74 tri.
1965 3075 83 74 c.
2006 3075 96 74 12.
2061 3075 138 74 dicens
2157 3075 96 74 Nec
2198 3075 83 74 sane
