<?xml version="1.0" encoding="UTF-8"?>
<alto xmlns:xsi="http://www.w3.org/2001/XMLSchema-instance"
      xmlns="http://www.loc.gov/standards/alto/ns-v2#"
      xmlns:page="http://schema.primaresearch.org/PAGE/gts/pagecontent/2013-07-15"
      xsi:schemaLocation="http://www.loc.gov/standards/alto/ns-v2# http://www.loc.gov/standards/alto/alto.xsd">
   <Description>
      <MeasurementUnit>pixel</MeasurementUnit>
      <OCRProcessing ID="IdOcr">
         <ocrProcessingStep>
            <processingDateTime>2020-08-29T15:08:22.94-04:00</processingDateTime>
            <processingSoftware>
               <softwareCreator>READ COOP</softwareCreator>
               <softwareName>Transkribus</softwareName>
            </processingSoftware>
         </ocrProcessingStep>
      </OCRProcessing>
   </Description>
   <Tags/>
   <Layout>
      <Page ID="Page1" PHYSICAL_IMG_NR="1" HEIGHT="3519" WIDTH="2465">
         <TopMargin HEIGHT="0" WIDTH="2465" VPOS="0" HPOS="0"/>
         <LeftMargin HEIGHT="3519" WIDTH="0" VPOS="0" HPOS="0"/>
         <RightMargin HEIGHT="3519" WIDTH="0" VPOS="0" HPOS="2465"/>
         <BottomMargin HEIGHT="0" WIDTH="2465" VPOS="3519" HPOS="0"/>
         <PrintSpace HEIGHT="3519" WIDTH="2465" VPOS="0" HPOS="0">
            <TextBlock ID="TextRegion_1596404815947_336"
                       HEIGHT="2898"
                       WIDTH="977"
                       VPOS="219"
                       HPOS="338">
               <Shape>
                  <Polygon POINTS="338,219 1315,219 1315,3117 338,3117"/>
               </Shape>
               <TextLine ID="r4l5"
                         BASELINE="318"
                         HEIGHT="82"
                         WIDTH="928"
                         VPOS="236"
                         HPOS="362">
                  <String HEIGHT="82"
                          WIDTH="157"
                          VPOS="236"
                          HPOS="351"
                          CONTENT="antecedens"/>
                  <SP HEIGHT="82" WIDTH="11" VPOS="236" HPOS="507"/>
                  <String HEIGHT="82"
                          WIDTH="145"
                          VPOS="236"
                          HPOS="474"
                          CONTENT="probatur:"/>
                  <SP HEIGHT="82" WIDTH="11" VPOS="236" HPOS="619"/>
                  <String HEIGHT="82" WIDTH="89" VPOS="236" HPOS="586" CONTENT="quia"/>
                  <SP HEIGHT="82" WIDTH="11" VPOS="236" HPOS="675"/>
                  <String HEIGHT="82" WIDTH="89" VPOS="236" HPOS="642" CONTENT="deus"/>
                  <SP HEIGHT="82" WIDTH="11" VPOS="236" HPOS="731"/>
                  <String HEIGHT="82" WIDTH="78" VPOS="236" HPOS="697" CONTENT="est"/>
                  <SP HEIGHT="82" WIDTH="11" VPOS="236" HPOS="776"/>
                  <String HEIGHT="82"
                          WIDTH="123"
                          VPOS="236"
                          HPOS="742"
                          CONTENT="propter"/>
                  <SP HEIGHT="82" WIDTH="11" VPOS="236" HPOS="865"/>
                  <String HEIGHT="82" WIDTH="67" VPOS="236" HPOS="832" CONTENT="se"/>
                  <SP HEIGHT="82" WIDTH="11" VPOS="236" HPOS="899"/>
                  <String HEIGHT="82"
                          WIDTH="112"
                          VPOS="236"
                          HPOS="865"
                          CONTENT="tantum"/>
                  <SP HEIGHT="82" WIDTH="11" VPOS="236" HPOS="977"/>
                  <String HEIGHT="82"
                          WIDTH="168"
                          VPOS="236"
                          HPOS="943"
                          CONTENT="diligendus:"/>
                  <SP HEIGHT="82" WIDTH="11" VPOS="236" HPOS="1111"/>
                  <String HEIGHT="82"
                          WIDTH="101"
                          VPOS="236"
                          HPOS="1078"
                          CONTENT="sicut"/>
                  <SP HEIGHT="82" WIDTH="11" VPOS="236" HPOS="1178"/>
                  <String HEIGHT="82"
                          WIDTH="101"
                          VPOS="236"
                          HPOS="1145"
                          CONTENT="patet"/>
                  <SP HEIGHT="82" WIDTH="11" VPOS="236" HPOS="1245"/>
                  <String HEIGHT="82" WIDTH="67" VPOS="236" HPOS="1212" CONTENT="ex"/>
                  <SP HEIGHT="82" WIDTH="11" VPOS="236" HPOS="1279"/>
                  <String HEIGHT="82"
                          WIDTH="56"
                          VPOS="236"
                          HPOS="1234"
                          CONTENT="di"
                          SUBS_TYPE="HypPart1"
                          SUBS_CONTENT="dicto"/>
                  <HYP CONTENT="-"/>
               </TextLine>
               <TextLine ID="r4l7"
                         BASELINE="362"
                         HEIGHT="51"
                         WIDTH="902"
                         VPOS="311"
                         HPOS="381">
                  <String HEIGHT="51"
                          WIDTH="100"
                          VPOS="311"
                          HPOS="367"
                          CONTENT="cto"
                          SUBS_TYPE="HypPart2"
                          SUBS_CONTENT="dicto"/>
                  <SP HEIGHT="51" WIDTH="14" VPOS="311" HPOS="467"/>
                  <String HEIGHT="51" WIDTH="86" VPOS="311" HPOS="424" CONTENT="et"/>
                  <SP HEIGHT="51" WIDTH="14" VPOS="311" HPOS="510"/>
                  <String HEIGHT="51"
                          WIDTH="157"
                          VPOS="311"
                          HPOS="467"
                          CONTENT="ratione"/>
                  <SP HEIGHT="51" WIDTH="14" VPOS="311" HPOS="624"/>
                  <String HEIGHT="51"
                          WIDTH="115"
                          VPOS="311"
                          HPOS="581"
                          CONTENT="Aug."/>
                  <SP HEIGHT="51" WIDTH="14" VPOS="311" HPOS="696"/>
                  <String HEIGHT="51" WIDTH="100" VPOS="311" HPOS="653" CONTENT="83."/>
                  <SP HEIGHT="51" WIDTH="14" VPOS="311" HPOS="753"/>
                  <String HEIGHT="51" WIDTH="86" VPOS="311" HPOS="710" CONTENT="q."/>
                  <SP HEIGHT="51" WIDTH="14" VPOS="311" HPOS="796"/>
                  <String HEIGHT="51"
                          WIDTH="143"
                          VPOS="311"
                          HPOS="753"
                          CONTENT="statim"/>
                  <SP HEIGHT="51" WIDTH="14" VPOS="311" HPOS="896"/>
                  <String HEIGHT="51"
                          WIDTH="186"
                          VPOS="311"
                          HPOS="853"
                          CONTENT="adductis."/>
                  <SP HEIGHT="51" WIDTH="14" VPOS="311" HPOS="1040"/>
                  <String HEIGHT="51" WIDTH="72" VPOS="311" HPOS="997" CONTENT="⁋"/>
                  <SP HEIGHT="51" WIDTH="14" VPOS="311" HPOS="1068"/>
                  <String HEIGHT="51"
                          WIDTH="115"
                          VPOS="311"
                          HPOS="1025"
                          CONTENT="Item"/>
                  <SP HEIGHT="51" WIDTH="14" VPOS="311" HPOS="1140"/>
                  <String HEIGHT="51"
                          WIDTH="129"
                          VPOS="311"
                          HPOS="1097"
                          CONTENT="nihil"/>
                  <SP HEIGHT="51" WIDTH="14" VPOS="311" HPOS="1226"/>
                  <String HEIGHT="51"
                          WIDTH="129"
                          VPOS="311"
                          HPOS="1183"
                          CONTENT="aliud"/>
                  <SP HEIGHT="51" WIDTH="14" VPOS="311" HPOS="1312"/>
                  <String HEIGHT="51" WIDTH="29" VPOS="311" HPOS="1254" CONTENT=""/>
               </TextLine>
               <TextLine ID="r4l8"
                         BASELINE="404"
                         HEIGHT="50"
                         WIDTH="908"
                         VPOS="354"
                         HPOS="381">
                  <String HEIGHT="50" WIDTH="71" VPOS="354" HPOS="367" CONTENT="a"/>
                  <SP HEIGHT="50" WIDTH="14" VPOS="354" HPOS="438"/>
                  <String HEIGHT="50" WIDTH="99" VPOS="354" HPOS="395" CONTENT="deo"/>
                  <SP HEIGHT="50" WIDTH="14" VPOS="354" HPOS="495"/>
                  <String HEIGHT="50" WIDTH="99" VPOS="354" HPOS="452" CONTENT="est"/>
                  <SP HEIGHT="50" WIDTH="14" VPOS="354" HPOS="551"/>
                  <String HEIGHT="50"
                          WIDTH="156"
                          VPOS="354"
                          HPOS="509"
                          CONTENT="propter"/>
                  <SP HEIGHT="50" WIDTH="14" VPOS="354" HPOS="665"/>
                  <String HEIGHT="50" WIDTH="85" VPOS="354" HPOS="622" CONTENT="se"/>
                  <SP HEIGHT="50" WIDTH="14" VPOS="354" HPOS="707"/>
                  <String HEIGHT="50"
                          WIDTH="213"
                          VPOS="354"
                          HPOS="665"
                          CONTENT="diligendum:"/>
                  <SP HEIGHT="50" WIDTH="14" VPOS="354" HPOS="878"/>
                  <String HEIGHT="50"
                          WIDTH="114"
                          VPOS="354"
                          HPOS="835"
                          CONTENT="quia"/>
                  <SP HEIGHT="50" WIDTH="14" VPOS="354" HPOS="949"/>
                  <String HEIGHT="50"
                          WIDTH="170"
                          VPOS="354"
                          HPOS="906"
                          CONTENT="quolibet"/>
                  <SP HEIGHT="50" WIDTH="14" VPOS="354" HPOS="1076"/>
                  <String HEIGHT="50"
                          WIDTH="114"
                          VPOS="354"
                          HPOS="1034"
                          CONTENT="alio"/>
                  <SP HEIGHT="50" WIDTH="14" VPOS="354" HPOS="1147"/>
                  <String HEIGHT="50" WIDTH="99" VPOS="354" HPOS="1105" CONTENT="est"/>
                  <SP HEIGHT="50" WIDTH="14" VPOS="354" HPOS="1204"/>
                  <String HEIGHT="50"
                          WIDTH="142"
                          VPOS="354"
                          HPOS="1147"
                          CONTENT="vtendum:"/>
               </TextLine>
               <TextLine ID="r4l10"
                         BASELINE="452"
                         HEIGHT="51"
                         WIDTH="903"
                         VPOS="401"
                         HPOS="377">
                  <String HEIGHT="51"
                          WIDTH="102"
                          VPOS="401"
                          HPOS="366"
                          CONTENT="sicut"/>
                  <SP HEIGHT="51" WIDTH="11" VPOS="401" HPOS="467"/>
                  <String HEIGHT="51"
                          WIDTH="102"
                          VPOS="401"
                          HPOS="433"
                          CONTENT="patet"/>
                  <SP HEIGHT="51" WIDTH="11" VPOS="401" HPOS="535"/>
                  <String HEIGHT="51" WIDTH="79" VPOS="401" HPOS="501" CONTENT="per"/>
                  <SP HEIGHT="51" WIDTH="11" VPOS="401" HPOS="580"/>
                  <String HEIGHT="51" WIDTH="90" VPOS="401" HPOS="546" CONTENT="Aug."/>
                  <SP HEIGHT="51" WIDTH="11" VPOS="401" HPOS="637"/>
                  <String HEIGHT="51" WIDTH="68" VPOS="401" HPOS="603" CONTENT="in"/>
                  <SP HEIGHT="51" WIDTH="11" VPOS="401" HPOS="670"/>
                  <String HEIGHT="51" WIDTH="68" VPOS="401" HPOS="637" CONTENT="de"/>
                  <SP HEIGHT="51" WIDTH="11" VPOS="401" HPOS="704"/>
                  <String HEIGHT="51" WIDTH="90" VPOS="401" HPOS="670" CONTENT="doc."/>
                  <SP HEIGHT="51" WIDTH="11" VPOS="401" HPOS="761"/>
                  <String HEIGHT="51"
                          WIDTH="169"
                          VPOS="401"
                          HPOS="727"
                          CONTENT="christiana."/>
                  <SP HEIGHT="51" WIDTH="11" VPOS="401" HPOS="896"/>
                  <String HEIGHT="51"
                          WIDTH="102"
                          VPOS="401"
                          HPOS="862"
                          CONTENT="libro"/>
                  <SP HEIGHT="51" WIDTH="11" VPOS="401" HPOS="964"/>
                  <String HEIGHT="51"
                          WIDTH="102"
                          VPOS="401"
                          HPOS="930"
                          CONTENT="primo"/>
                  <SP HEIGHT="51" WIDTH="11" VPOS="401" HPOS="1032"/>
                  <String HEIGHT="51"
                          WIDTH="113"
                          VPOS="401"
                          HPOS="998"
                          CONTENT="igitur"/>
                  <SP HEIGHT="51" WIDTH="11" VPOS="401" HPOS="1111"/>
                  <String HEIGHT="51"
                          WIDTH="90"
                          VPOS="401"
                          HPOS="1077"
                          CONTENT="solo"/>
                  <SP HEIGHT="51" WIDTH="11" VPOS="401" HPOS="1167"/>
                  <String HEIGHT="51" WIDTH="79" VPOS="401" HPOS="1133" CONTENT="deo"/>
                  <SP HEIGHT="51" WIDTH="11" VPOS="401" HPOS="1212"/>
                  <String HEIGHT="51" WIDTH="79" VPOS="401" HPOS="1178" CONTENT="est"/>
                  <SP HEIGHT="51" WIDTH="11" VPOS="401" HPOS="1257"/>
                  <String HEIGHT="51"
                          WIDTH="68"
                          VPOS="401"
                          HPOS="1212"
                          CONTENT="fru"
                          SUBS_TYPE="HypPart1"
                          SUBS_CONTENT="fruendum."/>
                  <HYP CONTENT="-"/>
               </TextLine>
               <TextLine ID="r4l12"
                         BASELINE="500"
                         HEIGHT="58"
                         WIDTH="914"
                         VPOS="442"
                         HPOS="369">
                  <String HEIGHT="58"
                          WIDTH="122"
                          VPOS="442"
                          HPOS="357"
                          CONTENT="endum."
                          SUBS_TYPE="HypPart2"
                          SUBS_CONTENT="fruendum."/>
                  <SP HEIGHT="58" WIDTH="12" VPOS="442" HPOS="479"/>
                  <String HEIGHT="58" WIDTH="61" VPOS="442" HPOS="442" CONTENT="⁋"/>
                  <SP HEIGHT="58" WIDTH="12" VPOS="442" HPOS="503"/>
                  <String HEIGHT="58"
                          WIDTH="183"
                          VPOS="442"
                          HPOS="466"
                          CONTENT="Confirmatur"/>
                  <SP HEIGHT="58" WIDTH="12" VPOS="442" HPOS="649"/>
                  <String HEIGHT="58" WIDTH="85" VPOS="442" HPOS="613" CONTENT="per"/>
                  <SP HEIGHT="58" WIDTH="12" VPOS="442" HPOS="698"/>
                  <String HEIGHT="58"
                          WIDTH="195"
                          VPOS="442"
                          HPOS="661"
                          CONTENT="auctoritatem"/>
                  <SP HEIGHT="58" WIDTH="12" VPOS="442" HPOS="856"/>
                  <String HEIGHT="58" WIDTH="97" VPOS="442" HPOS="820" CONTENT="Aug."/>
                  <SP HEIGHT="58" WIDTH="12" VPOS="442" HPOS="917"/>
                  <String HEIGHT="58" WIDTH="85" VPOS="442" HPOS="881" CONTENT="Ait"/>
                  <SP HEIGHT="58" WIDTH="12" VPOS="442" HPOS="966"/>
                  <String HEIGHT="58" WIDTH="97" VPOS="442" HPOS="930" CONTENT="enim"/>
                  <SP HEIGHT="58" WIDTH="12" VPOS="442" HPOS="1027"/>
                  <String HEIGHT="58"
                          WIDTH="110"
                          VPOS="442"
                          HPOS="991"
                          CONTENT="primo"/>
                  <SP HEIGHT="58" WIDTH="12" VPOS="442" HPOS="1100"/>
                  <String HEIGHT="58" WIDTH="73" VPOS="442" HPOS="1064" CONTENT="de"/>
                  <SP HEIGHT="58" WIDTH="12" VPOS="442" HPOS="1137"/>
                  <String HEIGHT="58"
                          WIDTH="97"
                          VPOS="442"
                          HPOS="1100"
                          CONTENT="doc."/>
                  <SP HEIGHT="58" WIDTH="12" VPOS="442" HPOS="1198"/>
                  <String HEIGHT="58"
                          WIDTH="134"
                          VPOS="442"
                          HPOS="1149"
                          CONTENT="christia"
                          SUBS_TYPE="HypPart1"
                          SUBS_CONTENT="christiana."/>
                  <HYP CONTENT="-"/>
               </TextLine>
               <TextLine ID="r4l14"
                         BASELINE="537"
                         HEIGHT="52"
                         WIDTH="915"
                         VPOS="485"
                         HPOS="369">
                  <String HEIGHT="52"
                          WIDTH="90"
                          VPOS="485"
                          HPOS="356"
                          CONTENT="na."
                          SUBS_TYPE="HypPart2"
                          SUBS_CONTENT="christiana."/>
                  <SP HEIGHT="52" WIDTH="13" VPOS="485" HPOS="446"/>
                  <String HEIGHT="52" WIDTH="77" VPOS="485" HPOS="408" CONTENT="In"/>
                  <SP HEIGHT="52" WIDTH="13" VPOS="485" HPOS="485"/>
                  <String HEIGHT="52" WIDTH="90" VPOS="485" HPOS="446" CONTENT="his"/>
                  <SP HEIGHT="52" WIDTH="13" VPOS="485" HPOS="537"/>
                  <String HEIGHT="52"
                          WIDTH="129"
                          VPOS="485"
                          HPOS="498"
                          CONTENT="igitur"/>
                  <SP HEIGHT="52" WIDTH="13" VPOS="485" HPOS="627"/>
                  <String HEIGHT="52"
                          WIDTH="142"
                          VPOS="485"
                          HPOS="588"
                          CONTENT="omnibus"/>
                  <SP HEIGHT="52" WIDTH="13" VPOS="485" HPOS="730"/>
                  <String HEIGHT="52"
                          WIDTH="116"
                          VPOS="485"
                          HPOS="691"
                          CONTENT="rebus"/>
                  <SP HEIGHT="52" WIDTH="13" VPOS="485" HPOS="807"/>
                  <String HEIGHT="52"
                          WIDTH="103"
                          VPOS="485"
                          HPOS="769"
                          CONTENT="ille"/>
                  <SP HEIGHT="52" WIDTH="13" VPOS="485" HPOS="872"/>
                  <String HEIGHT="52"
                          WIDTH="129"
                          VPOS="485"
                          HPOS="833"
                          CONTENT="tantum"/>
                  <SP HEIGHT="52" WIDTH="13" VPOS="485" HPOS="962"/>
                  <String HEIGHT="52"
                          WIDTH="103"
                          VPOS="485"
                          HPOS="923"
                          CONTENT="sunt"/>
                  <SP HEIGHT="52" WIDTH="13" VPOS="485" HPOS="1026"/>
                  <String HEIGHT="52"
                          WIDTH="129"
                          VPOS="485"
                          HPOS="988"
                          CONTENT="quibus"/>
                  <SP HEIGHT="52" WIDTH="13" VPOS="485" HPOS="1116"/>
                  <String HEIGHT="52"
                          WIDTH="155"
                          VPOS="485"
                          HPOS="1078"
                          CONTENT="fruendum"/>
                  <SP HEIGHT="52" WIDTH="13" VPOS="485" HPOS="1232"/>
                  <String HEIGHT="52"
                          WIDTH="116"
                          VPOS="485"
                          HPOS="1194"
                          CONTENT="est:¬"/>
                  <SP HEIGHT="52" WIDTH="13" VPOS="485" HPOS="1310"/>
                  <String HEIGHT="52" WIDTH="26" VPOS="485" HPOS="1258" CONTENT=""/>
               </TextLine>
               <TextLine ID="r4l16"
                         BASELINE="577"
                         HEIGHT="46"
                         WIDTH="905"
                         VPOS="531"
                         HPOS="368">
                  <String HEIGHT="46"
                          WIDTH="137"
                          VPOS="531"
                          HPOS="351"
                          CONTENT="quas"/>
                  <SP HEIGHT="46" WIDTH="17" VPOS="531" HPOS="488"/>
                  <String HEIGHT="46"
                          WIDTH="188"
                          VPOS="531"
                          HPOS="436"
                          CONTENT="eternas"/>
                  <SP HEIGHT="46" WIDTH="17" VPOS="531" HPOS="624"/>
                  <String HEIGHT="46"
                          WIDTH="154"
                          VPOS="531"
                          HPOS="573"
                          CONTENT="atque"/>
                  <SP HEIGHT="46" WIDTH="17" VPOS="531" HPOS="727"/>
                  <String HEIGHT="46"
                          WIDTH="307"
                          VPOS="531"
                          HPOS="675"
                          CONTENT="incommutabiles"/>
                  <SP HEIGHT="46" WIDTH="17" VPOS="531" HPOS="983"/>
                  <String HEIGHT="46"
                          WIDTH="324"
                          VPOS="531"
                          HPOS="931"
                          CONTENT="commemorauimus."/>
                  <SP HEIGHT="46" WIDTH="17" VPOS="531" HPOS="1256"/>
                  <String HEIGHT="46"
                          WIDTH="85"
                          VPOS="531"
                          HPOS="1188"
                          CONTENT="Ce"
                          SUBS_TYPE="HypPart1"
                          SUBS_CONTENT="Ceteris"/>
                  <HYP CONTENT="-"/>
               </TextLine>
               <TextLine ID="r4l18"
                         BASELINE="629"
                         HEIGHT="56"
                         WIDTH="910"
                         VPOS="573"
                         HPOS="374">
                  <String HEIGHT="56"
                          WIDTH="134"
                          VPOS="573"
                          HPOS="359"
                          CONTENT="teris"
                          SUBS_TYPE="HypPart2"
                          SUBS_CONTENT="Ceteris"/>
                  <SP HEIGHT="56" WIDTH="15" VPOS="573" HPOS="493"/>
                  <String HEIGHT="56"
                          WIDTH="134"
                          VPOS="573"
                          HPOS="449"
                          CONTENT="autem"/>
                  <SP HEIGHT="56" WIDTH="15" VPOS="573" HPOS="583"/>
                  <String HEIGHT="56"
                          WIDTH="164"
                          VPOS="573"
                          HPOS="538"
                          CONTENT="vtendum"/>
                  <SP HEIGHT="56" WIDTH="15" VPOS="573" HPOS="702"/>
                  <String HEIGHT="56"
                          WIDTH="119"
                          VPOS="573"
                          HPOS="657"
                          CONTENT="est."/>
                  <SP HEIGHT="56" WIDTH="15" VPOS="573" HPOS="777"/>
                  <String HEIGHT="56" WIDTH="90" VPOS="573" HPOS="732" CONTENT="Et"/>
                  <SP HEIGHT="56" WIDTH="15" VPOS="573" HPOS="822"/>
                  <String HEIGHT="56"
                          WIDTH="194"
                          VPOS="573"
                          HPOS="777"
                          CONTENT="paulopost"/>
                  <SP HEIGHT="56" WIDTH="15" VPOS="573" HPOS="971"/>
                  <String HEIGHT="56"
                          WIDTH="119"
                          VPOS="573"
                          HPOS="926"
                          CONTENT="dans"/>
                  <SP HEIGHT="56" WIDTH="15" VPOS="573" HPOS="1045"/>
                  <String HEIGHT="56"
                          WIDTH="224"
                          VPOS="573"
                          HPOS="1001"
                          CONTENT="intellectum"/>
                  <SP HEIGHT="56" WIDTH="15" VPOS="573" HPOS="1224"/>
                  <String HEIGHT="56"
                          WIDTH="119"
                          VPOS="573"
                          HPOS="1165"
                          CONTENT="illius"/>
               </TextLine>
               <TextLine ID="r4l20"
                         BASELINE="667"
                         HEIGHT="51"
                         WIDTH="917"
                         VPOS="616"
                         HPOS="366">
                  <String HEIGHT="51"
                          WIDTH="142"
                          VPOS="616"
                          HPOS="353"
                          CONTENT="mandati"/>
                  <SP HEIGHT="51" WIDTH="13" VPOS="616" HPOS="495"/>
                  <String HEIGHT="51" WIDTH="90" VPOS="616" HPOS="456" CONTENT="di."/>
                  <SP HEIGHT="51" WIDTH="13" VPOS="616" HPOS="547"/>
                  <String HEIGHT="51" WIDTH="90" VPOS="616" HPOS="508" CONTENT="do."/>
                  <SP HEIGHT="51" WIDTH="13" VPOS="616" HPOS="598"/>
                  <String HEIGHT="51" WIDTH="90" VPOS="616" HPOS="560" CONTENT="de."/>
                  <SP HEIGHT="51" WIDTH="13" VPOS="616" HPOS="650"/>
                  <String HEIGHT="51" WIDTH="90" VPOS="616" HPOS="611" CONTENT="tu."/>
                  <SP HEIGHT="51" WIDTH="13" VPOS="616" HPOS="702"/>
                  <String HEIGHT="51" WIDTH="90" VPOS="616" HPOS="663" CONTENT="ex."/>
                  <SP HEIGHT="51" WIDTH="13" VPOS="616" HPOS="753"/>
                  <String HEIGHT="51" WIDTH="90" VPOS="616" HPOS="715" CONTENT="to."/>
                  <SP HEIGHT="51" WIDTH="13" VPOS="616" HPOS="805"/>
                  <String HEIGHT="51"
                          WIDTH="103"
                          VPOS="616"
                          HPOS="766"
                          CONTENT="cor."/>
                  <SP HEIGHT="51" WIDTH="13" VPOS="616" HPOS="870"/>
                  <String HEIGHT="51"
                          WIDTH="103"
                          VPOS="616"
                          HPOS="831"
                          CONTENT="tuo."/>
                  <SP HEIGHT="51" WIDTH="13" VPOS="616" HPOS="934"/>
                  <String HEIGHT="51"
                          WIDTH="103"
                          VPOS="616"
                          HPOS="896"
                          CONTENT="etc."/>
                  <SP HEIGHT="51" WIDTH="13" VPOS="616" HPOS="999"/>
                  <String HEIGHT="51"
                          WIDTH="129"
                          VPOS="616"
                          HPOS="960"
                          CONTENT="dicit."/>
                  <SP HEIGHT="51" WIDTH="13" VPOS="616" HPOS="1089"/>
                  <String HEIGHT="51" WIDTH="90" VPOS="616" HPOS="1051" CONTENT="Cum"/>
                  <SP HEIGHT="51" WIDTH="13" VPOS="616" HPOS="1141"/>
                  <String HEIGHT="51"
                          WIDTH="116"
                          VPOS="616"
                          HPOS="1102"
                          CONTENT="autem"/>
                  <SP HEIGHT="51" WIDTH="13" VPOS="616" HPOS="1218"/>
                  <String HEIGHT="51" WIDTH="90" VPOS="616" HPOS="1180" CONTENT="ait"/>
                  <SP HEIGHT="51" WIDTH="13" VPOS="616" HPOS="1270"/>
                  <String HEIGHT="51"
                          WIDTH="65"
                          VPOS="616"
                          HPOS="1218"
                          CONTENT="to"
                          SUBS_TYPE="HypPart1"
                          SUBS_CONTENT="toto"/>
                  <HYP CONTENT="-"/>
               </TextLine>
               <TextLine ID="r4l22"
                         BASELINE="718"
                         HEIGHT="54"
                         WIDTH="918"
                         VPOS="664"
                         HPOS="360">
                  <String HEIGHT="54"
                          WIDTH="87"
                          VPOS="664"
                          HPOS="345"
                          CONTENT="to"
                          SUBS_TYPE="HypPart2"
                          SUBS_CONTENT="toto"/>
                  <SP HEIGHT="54" WIDTH="15" VPOS="664" HPOS="433"/>
                  <String HEIGHT="54"
                          WIDTH="131"
                          VPOS="664"
                          HPOS="389"
                          CONTENT="corde"/>
                  <SP HEIGHT="54" WIDTH="15" VPOS="664" HPOS="520"/>
                  <String HEIGHT="54" WIDTH="87" VPOS="664" HPOS="477" CONTENT="et"/>
                  <SP HEIGHT="54" WIDTH="15" VPOS="664" HPOS="564"/>
                  <String HEIGHT="54"
                          WIDTH="160"
                          VPOS="664"
                          HPOS="520"
                          CONTENT="cetera."/>
                  <SP HEIGHT="54" WIDTH="15" VPOS="664" HPOS="681"/>
                  <String HEIGHT="54"
                          WIDTH="146"
                          VPOS="664"
                          HPOS="637"
                          CONTENT="nullam"/>
                  <SP HEIGHT="54" WIDTH="15" VPOS="664" HPOS="783"/>
                  <String HEIGHT="54"
                          WIDTH="117"
                          VPOS="664"
                          HPOS="739"
                          CONTENT="vite"/>
                  <SP HEIGHT="54" WIDTH="15" VPOS="664" HPOS="855"/>
                  <String HEIGHT="54"
                          WIDTH="146"
                          VPOS="664"
                          HPOS="812"
                          CONTENT="nostre"/>
                  <SP HEIGHT="54" WIDTH="15" VPOS="664" HPOS="957"/>
                  <String HEIGHT="54"
                          WIDTH="146"
                          VPOS="664"
                          HPOS="914"
                          CONTENT="partem"/>
                  <SP HEIGHT="54" WIDTH="15" VPOS="664" HPOS="1059"/>
                  <String HEIGHT="54"
                          WIDTH="189"
                          VPOS="664"
                          HPOS="1016"
                          CONTENT="relinquit"/>
                  <SP HEIGHT="54" WIDTH="15" VPOS="664" HPOS="1205"/>
                  <String HEIGHT="54"
                          WIDTH="102"
                          VPOS="664"
                          HPOS="1161"
                          CONTENT="que"/>
                  <SP HEIGHT="54" WIDTH="15" VPOS="664" HPOS="1263"/>
                  <String HEIGHT="54"
                          WIDTH="73"
                          VPOS="664"
                          HPOS="1205"
                          CONTENT="va"
                          SUBS_TYPE="HypPart1"
                          SUBS_CONTENT="vacare"/>
                  <HYP CONTENT="-"/>
               </TextLine>
               <TextLine ID="r4l24"
                         BASELINE="759"
                         HEIGHT="60"
                         WIDTH="915"
                         VPOS="699"
                         HPOS="366">
                  <String HEIGHT="60"
                          WIDTH="118"
                          VPOS="699"
                          HPOS="351"
                          CONTENT="care"
                          SUBS_TYPE="HypPart2"
                          SUBS_CONTENT="vacare"/>
                  <SP HEIGHT="60" WIDTH="15" VPOS="699" HPOS="469"/>
                  <String HEIGHT="60"
                          WIDTH="162"
                          VPOS="699"
                          HPOS="425"
                          CONTENT="debeat:"/>
                  <SP HEIGHT="60" WIDTH="15" VPOS="699" HPOS="587"/>
                  <String HEIGHT="60" WIDTH="89" VPOS="699" HPOS="543" CONTENT="et"/>
                  <SP HEIGHT="60" WIDTH="15" VPOS="699" HPOS="632"/>
                  <String HEIGHT="60"
                          WIDTH="133"
                          VPOS="699"
                          HPOS="587"
                          CONTENT="quasi"/>
                  <SP HEIGHT="60" WIDTH="15" VPOS="699" HPOS="720"/>
                  <String HEIGHT="60"
                          WIDTH="133"
                          VPOS="699"
                          HPOS="676"
                          CONTENT="locum"/>
                  <SP HEIGHT="60" WIDTH="15" VPOS="699" HPOS="809"/>
                  <String HEIGHT="60"
                          WIDTH="118"
                          VPOS="699"
                          HPOS="764"
                          CONTENT="dare"/>
                  <SP HEIGHT="60" WIDTH="15" VPOS="699" HPOS="883"/>
                  <String HEIGHT="60" WIDTH="89" VPOS="699" HPOS="838" CONTENT="vt"/>
                  <SP HEIGHT="60" WIDTH="15" VPOS="699" HPOS="927"/>
                  <String HEIGHT="60"
                          WIDTH="118"
                          VPOS="699"
                          HPOS="883"
                          CONTENT="alia"/>
                  <SP HEIGHT="60" WIDTH="15" VPOS="699" HPOS="1001"/>
                  <String HEIGHT="60" WIDTH="89" VPOS="699" HPOS="956" CONTENT="re"/>
                  <SP HEIGHT="60" WIDTH="15" VPOS="699" HPOS="1045"/>
                  <String HEIGHT="60"
                          WIDTH="133"
                          VPOS="699"
                          HPOS="1001"
                          CONTENT="velit"/>
                  <SP HEIGHT="60" WIDTH="15" VPOS="699" HPOS="1133"/>
                  <String HEIGHT="60"
                          WIDTH="133"
                          VPOS="699"
                          HPOS="1089"
                          CONTENT="frui."/>
                  <SP HEIGHT="60" WIDTH="15" VPOS="699" HPOS="1222"/>
                  <String HEIGHT="60" WIDTH="74" VPOS="699" HPOS="1178" CONTENT="⁋"/>
                  <SP HEIGHT="60" WIDTH="15" VPOS="699" HPOS="1251"/>
                  <String HEIGHT="60"
                          WIDTH="89"
                          VPOS="699"
                          HPOS="1192"
                          CONTENT="Item"/>
               </TextLine>
               <TextLine ID="r4l26"
                         BASELINE="796"
                         HEIGHT="48"
                         WIDTH="914"
                         VPOS="748"
                         HPOS="366">
                  <String HEIGHT="48"
                          WIDTH="136"
                          VPOS="748"
                          HPOS="352"
                          CONTENT="dicit."/>
                  <SP HEIGHT="48" WIDTH="14" VPOS="748" HPOS="489"/>
                  <String HEIGHT="48" WIDTH="95" VPOS="748" HPOS="448" CONTENT="non"/>
                  <SP HEIGHT="48" WIDTH="14" VPOS="748" HPOS="543"/>
                  <String HEIGHT="48" WIDTH="95" VPOS="748" HPOS="502" CONTENT="est"/>
                  <SP HEIGHT="48" WIDTH="14" VPOS="748" HPOS="598"/>
                  <String HEIGHT="48"
                          WIDTH="164"
                          VPOS="748"
                          HPOS="557"
                          CONTENT="fruendum"/>
                  <SP HEIGHT="48" WIDTH="14" VPOS="748" HPOS="721"/>
                  <String HEIGHT="48"
                          WIDTH="109"
                          VPOS="748"
                          HPOS="680"
                          CONTENT="nisi"/>
                  <SP HEIGHT="48" WIDTH="14" VPOS="748" HPOS="789"/>
                  <String HEIGHT="48"
                          WIDTH="109"
                          VPOS="748"
                          HPOS="748"
                          CONTENT="illa"/>
                  <SP HEIGHT="48" WIDTH="14" VPOS="748" HPOS="857"/>
                  <String HEIGHT="48"
                          WIDTH="177"
                          VPOS="748"
                          HPOS="816"
                          CONTENT="trinitate"/>
                  <SP HEIGHT="48" WIDTH="14" VPOS="748" HPOS="994"/>
                  <String HEIGHT="48" WIDTH="82" VPOS="748" HPOS="953" CONTENT="id"/>
                  <SP HEIGHT="48" WIDTH="14" VPOS="748" HPOS="1034"/>
                  <String HEIGHT="48" WIDTH="95" VPOS="748" HPOS="994" CONTENT="est"/>
                  <SP HEIGHT="48" WIDTH="14" VPOS="748" HPOS="1089"/>
                  <String HEIGHT="48"
                          WIDTH="123"
                          VPOS="748"
                          HPOS="1048"
                          CONTENT="summo"/>
                  <SP HEIGHT="48" WIDTH="14" VPOS="748" HPOS="1171"/>
                  <String HEIGHT="48" WIDTH="82" VPOS="748" HPOS="1130" CONTENT="et"/>
                  <SP HEIGHT="48" WIDTH="14" VPOS="748" HPOS="1212"/>
                  <String HEIGHT="48"
                          WIDTH="123"
                          VPOS="748"
                          HPOS="1157"
                          CONTENT="incommu"/>
               </TextLine>
               <TextLine ID="r4l28"
                         BASELINE="841"
                         HEIGHT="51"
                         WIDTH="912"
                         VPOS="790"
                         HPOS="372">
                  <String HEIGHT="51"
                          WIDTH="138"
                          VPOS="790"
                          HPOS="358"
                          CONTENT="tabili"/>
                  <SP HEIGHT="51" WIDTH="14" VPOS="790" HPOS="496"/>
                  <String HEIGHT="51"
                          WIDTH="124"
                          VPOS="790"
                          HPOS="455"
                          CONTENT="bono."/>
                  <SP HEIGHT="51" WIDTH="14" VPOS="790" HPOS="579"/>
                  <String HEIGHT="51" WIDTH="69" VPOS="790" HPOS="538" CONTENT="⁋"/>
                  <SP HEIGHT="51" WIDTH="14" VPOS="790" HPOS="607"/>
                  <String HEIGHT="51"
                          WIDTH="138"
                          VPOS="790"
                          HPOS="565"
                          CONTENT="Contra"/>
                  <SP HEIGHT="51" WIDTH="14" VPOS="790" HPOS="704"/>
                  <String HEIGHT="51"
                          WIDTH="221"
                          VPOS="790"
                          HPOS="662"
                          CONTENT="conclusionem"/>
                  <SP HEIGHT="51" WIDTH="14" VPOS="790" HPOS="883"/>
                  <String HEIGHT="51"
                          WIDTH="111"
                          VPOS="790"
                          HPOS="842"
                          CONTENT="hanc"/>
                  <SP HEIGHT="51" WIDTH="14" VPOS="790" HPOS="952"/>
                  <String HEIGHT="51"
                          WIDTH="111"
                          VPOS="790"
                          HPOS="911"
                          CONTENT="sunt"/>
                  <SP HEIGHT="51" WIDTH="14" VPOS="790" HPOS="1021"/>
                  <String HEIGHT="51"
                          WIDTH="180"
                          VPOS="790"
                          HPOS="980"
                          CONTENT="opiniones"/>
                  <SP HEIGHT="51" WIDTH="14" VPOS="790" HPOS="1160"/>
                  <String HEIGHT="51"
                          WIDTH="111"
                          VPOS="790"
                          HPOS="1118"
                          CONTENT="due."/>
                  <SP HEIGHT="51" WIDTH="14" VPOS="790" HPOS="1229"/>
                  <String HEIGHT="51"
                          WIDTH="111"
                          VPOS="790"
                          HPOS="1173"
                          CONTENT="Quarum"/>
               </TextLine>
               <TextLine ID="r4l30"
                         BASELINE="882"
                         HEIGHT="48"
                         WIDTH="898"
                         VPOS="834"
                         HPOS="378">
                  <String HEIGHT="48" WIDTH="95" VPOS="834" HPOS="364" CONTENT="vna"/>
                  <SP HEIGHT="48" WIDTH="14" VPOS="834" HPOS="460"/>
                  <String HEIGHT="48"
                          WIDTH="122"
                          VPOS="834"
                          HPOS="419"
                          CONTENT="dicit"/>
                  <SP HEIGHT="48" WIDTH="14" VPOS="834" HPOS="541"/>
                  <String HEIGHT="48"
                          WIDTH="109"
                          VPOS="834"
                          HPOS="500"
                          CONTENT="deum"/>
                  <SP HEIGHT="48" WIDTH="14" VPOS="834" HPOS="609"/>
                  <String HEIGHT="48" WIDTH="95" VPOS="834" HPOS="568" CONTENT="non"/>
                  <SP HEIGHT="48" WIDTH="14" VPOS="834" HPOS="664"/>
                  <String HEIGHT="48"
                          WIDTH="109"
                          VPOS="834"
                          HPOS="623"
                          CONTENT="esse"/>
                  <SP HEIGHT="48" WIDTH="14" VPOS="834" HPOS="732"/>
                  <String HEIGHT="48"
                          WIDTH="122"
                          VPOS="834"
                          HPOS="691"
                          CONTENT="ipsum"/>
                  <SP HEIGHT="48" WIDTH="14" VPOS="834" HPOS="813"/>
                  <String HEIGHT="48"
                          WIDTH="163"
                          VPOS="834"
                          HPOS="773"
                          CONTENT="obiectum"/>
                  <SP HEIGHT="48" WIDTH="14" VPOS="834" HPOS="936"/>
                  <String HEIGHT="48"
                          WIDTH="163"
                          VPOS="834"
                          HPOS="895"
                          CONTENT="ordinate"/>
                  <SP HEIGHT="48" WIDTH="14" VPOS="834" HPOS="1058"/>
                  <String HEIGHT="48"
                          WIDTH="204"
                          VPOS="834"
                          HPOS="1017"
                          CONTENT="fruitionis:"/>
                  <SP HEIGHT="48" WIDTH="14" VPOS="834" HPOS="1222"/>
                  <String HEIGHT="48" WIDTH="82" VPOS="834" HPOS="1181" CONTENT="et"/>
                  <SP HEIGHT="48" WIDTH="14" VPOS="834" HPOS="1262"/>
                  <String HEIGHT="48" WIDTH="68" VPOS="834" HPOS="1208" CONTENT="per"/>
               </TextLine>
               <TextLine ID="r4l32"
                         BASELINE="928"
                         HEIGHT="51"
                         WIDTH="897"
                         VPOS="877"
                         HPOS="375">
                  <String HEIGHT="51"
                          WIDTH="163"
                          VPOS="877"
                          HPOS="363"
                          CONTENT="consequens"/>
                  <SP HEIGHT="51" WIDTH="12" VPOS="877" HPOS="526"/>
                  <String HEIGHT="51" WIDTH="82" VPOS="877" HPOS="491" CONTENT="non"/>
                  <SP HEIGHT="51" WIDTH="12" VPOS="877" HPOS="573"/>
                  <String HEIGHT="51" WIDTH="93" VPOS="877" HPOS="538" CONTENT="esse"/>
                  <SP HEIGHT="51" WIDTH="12" VPOS="877" HPOS="631"/>
                  <String HEIGHT="51" WIDTH="82" VPOS="877" HPOS="596" CONTENT="deo"/>
                  <SP HEIGHT="51" WIDTH="12" VPOS="877" HPOS="678"/>
                  <String HEIGHT="51"
                          WIDTH="151"
                          VPOS="877"
                          HPOS="643"
                          CONTENT="fruendum:"/>
                  <SP HEIGHT="51" WIDTH="12" VPOS="877" HPOS="794"/>
                  <String HEIGHT="51" WIDTH="93" VPOS="877" HPOS="759" CONTENT="quod"/>
                  <SP HEIGHT="51" WIDTH="12" VPOS="877" HPOS="853"/>
                  <String HEIGHT="51" WIDTH="82" VPOS="877" HPOS="818" CONTENT="est"/>
                  <SP HEIGHT="51" WIDTH="12" VPOS="877" HPOS="899"/>
                  <String HEIGHT="51"
                          WIDTH="151"
                          VPOS="877"
                          HPOS="864"
                          CONTENT="oppositum"/>
                  <SP HEIGHT="51" WIDTH="12" VPOS="877" HPOS="1016"/>
                  <String HEIGHT="51"
                          WIDTH="175"
                          VPOS="877"
                          HPOS="981"
                          CONTENT="preiacentis"/>
                  <SP HEIGHT="51" WIDTH="12" VPOS="877" HPOS="1156"/>
                  <String HEIGHT="51"
                          WIDTH="163"
                          VPOS="877"
                          HPOS="1109"
                          CONTENT="conclusionis"/>
               </TextLine>
               <TextLine ID="r4l35"
                         BASELINE="974"
                         HEIGHT="51"
                         WIDTH="912"
                         VPOS="923"
                         HPOS="366">
                  <String HEIGHT="51"
                          WIDTH="200"
                          VPOS="923"
                          HPOS="352"
                          CONTENT="praedicte."/>
                  <SP HEIGHT="51" WIDTH="14" VPOS="923" HPOS="551"/>
                  <String HEIGHT="51"
                          WIDTH="171"
                          VPOS="923"
                          HPOS="509"
                          CONTENT="Probatur"/>
                  <SP HEIGHT="51" WIDTH="14" VPOS="923" HPOS="680"/>
                  <String HEIGHT="51"
                          WIDTH="185"
                          VPOS="923"
                          HPOS="637"
                          CONTENT="assumptum"/>
                  <SP HEIGHT="51" WIDTH="14" VPOS="923" HPOS="822"/>
                  <String HEIGHT="51"
                          WIDTH="128"
                          VPOS="923"
                          HPOS="779"
                          CONTENT="primo"/>
                  <SP HEIGHT="51" WIDTH="14" VPOS="923" HPOS="908"/>
                  <String HEIGHT="51"
                          WIDTH="114"
                          VPOS="923"
                          HPOS="865"
                          CONTENT="sic:"/>
                  <SP HEIGHT="51" WIDTH="14" VPOS="923" HPOS="979"/>
                  <String HEIGHT="51"
                          WIDTH="143"
                          VPOS="923"
                          HPOS="936"
                          CONTENT="nullus"/>
                  <SP HEIGHT="51" WIDTH="14" VPOS="923" HPOS="1079"/>
                  <String HEIGHT="51"
                          WIDTH="114"
                          VPOS="923"
                          HPOS="1036"
                          CONTENT="amor"/>
                  <SP HEIGHT="51" WIDTH="14" VPOS="923" HPOS="1150"/>
                  <String HEIGHT="51"
                          WIDTH="185"
                          VPOS="923"
                          HPOS="1093"
                          CONTENT="concupiscen"/>
               </TextLine>
               <TextLine ID="r4l37"
                         BASELINE="1017"
                         HEIGHT="47"
                         WIDTH="909"
                         VPOS="970"
                         HPOS="369">
                  <String HEIGHT="47" WIDTH="94" VPOS="970" HPOS="356" CONTENT="tie"/>
                  <SP HEIGHT="47" WIDTH="13" VPOS="970" HPOS="449"/>
                  <String HEIGHT="47"
                          WIDTH="134"
                          VPOS="970"
                          HPOS="409"
                          CONTENT="fertur"/>
                  <SP HEIGHT="47" WIDTH="13" VPOS="970" HPOS="543"/>
                  <String HEIGHT="47"
                          WIDTH="174"
                          VPOS="970"
                          HPOS="503"
                          CONTENT="immediate"/>
                  <SP HEIGHT="47" WIDTH="13" VPOS="970" HPOS="676"/>
                  <String HEIGHT="47"
                          WIDTH="120"
                          VPOS="970"
                          HPOS="636"
                          CONTENT="super"/>
                  <SP HEIGHT="47" WIDTH="13" VPOS="970" HPOS="757"/>
                  <String HEIGHT="47"
                          WIDTH="107"
                          VPOS="970"
                          HPOS="717"
                          CONTENT="rem:"/>
                  <SP HEIGHT="47" WIDTH="13" VPOS="970" HPOS="824"/>
                  <String HEIGHT="47" WIDTH="94" VPOS="970" HPOS="783" CONTENT="sed"/>
                  <SP HEIGHT="47" WIDTH="13" VPOS="970" HPOS="877"/>
                  <String HEIGHT="47"
                          WIDTH="120"
                          VPOS="970"
                          HPOS="837"
                          CONTENT="super"/>
                  <SP HEIGHT="47" WIDTH="13" VPOS="970" HPOS="957"/>
                  <String HEIGHT="47"
                          WIDTH="214"
                          VPOS="970"
                          HPOS="917"
                          CONTENT="habitationem"/>
                  <SP HEIGHT="47" WIDTH="13" VPOS="970" HPOS="1131"/>
                  <String HEIGHT="47" WIDTH="94" VPOS="970" HPOS="1091" CONTENT="rei"/>
                  <SP HEIGHT="47" WIDTH="13" VPOS="970" HPOS="1184"/>
                  <String HEIGHT="47" WIDTH="94" VPOS="970" HPOS="1144" CONTENT="seu"/>
                  <SP HEIGHT="47" WIDTH="13" VPOS="970" HPOS="1238"/>
                  <String HEIGHT="47"
                          WIDTH="94"
                          VPOS="970"
                          HPOS="1184"
                          CONTENT="super"/>
               </TextLine>
               <TextLine ID="r4l39"
                         BASELINE="1058"
                         HEIGHT="46"
                         WIDTH="918"
                         VPOS="1012"
                         HPOS="359">
                  <String HEIGHT="46"
                          WIDTH="127"
                          VPOS="1012"
                          HPOS="345"
                          CONTENT="actum"/>
                  <SP HEIGHT="46" WIDTH="14" VPOS="1012" HPOS="472"/>
                  <String HEIGHT="46" WIDTH="99" VPOS="1012" HPOS="430" CONTENT="quo"/>
                  <SP HEIGHT="46" WIDTH="14" VPOS="1012" HPOS="528"/>
                  <String HEIGHT="46" WIDTH="99" VPOS="1012" HPOS="486" CONTENT="res"/>
                  <SP HEIGHT="46" WIDTH="14" VPOS="1012" HPOS="585"/>
                  <String HEIGHT="46"
                          WIDTH="113"
                          VPOS="1012"
                          HPOS="543"
                          CONTENT="ipsa"/>
                  <SP HEIGHT="46" WIDTH="14" VPOS="1012" HPOS="656"/>
                  <String HEIGHT="46"
                          WIDTH="169"
                          VPOS="1012"
                          HPOS="613"
                          CONTENT="habetur:"/>
                  <SP HEIGHT="46" WIDTH="14" VPOS="1012" HPOS="783"/>
                  <String HEIGHT="46" WIDTH="85" VPOS="1012" HPOS="740" CONTENT="et"/>
                  <SP HEIGHT="46" WIDTH="14" VPOS="1012" HPOS="825"/>
                  <String HEIGHT="46" WIDTH="99" VPOS="1012" HPOS="783" CONTENT="qui"/>
                  <SP HEIGHT="46" WIDTH="14" VPOS="1012" HPOS="882"/>
                  <String HEIGHT="46" WIDTH="99" VPOS="1012" HPOS="839" CONTENT="est"/>
                  <SP HEIGHT="46" WIDTH="14" VPOS="1012" HPOS="938"/>
                  <String HEIGHT="46"
                          WIDTH="113"
                          VPOS="1012"
                          HPOS="896"
                          CONTENT="vsus"/>
                  <SP HEIGHT="46" WIDTH="14" VPOS="1012" HPOS="1009"/>
                  <String HEIGHT="46"
                          WIDTH="127"
                          VPOS="1012"
                          HPOS="966"
                          CONTENT="eius:"/>
                  <SP HEIGHT="46" WIDTH="14" VPOS="1012" HPOS="1093"/>
                  <String HEIGHT="46"
                          WIDTH="99"
                          VPOS="1012"
                          HPOS="1051"
                          CONTENT="sed"/>
                  <SP HEIGHT="46" WIDTH="14" VPOS="1012" HPOS="1150"/>
                  <String HEIGHT="46"
                          WIDTH="155"
                          VPOS="1012"
                          HPOS="1108"
                          CONTENT="fruitio"/>
                  <SP HEIGHT="46" WIDTH="14" VPOS="1012" HPOS="1263"/>
                  <String HEIGHT="46"
                          WIDTH="71"
                          VPOS="1012"
                          HPOS="1206"
                          CONTENT="est"/>
               </TextLine>
               <TextLine ID="r4l41"
                         BASELINE="1104"
                         HEIGHT="50"
                         WIDTH="906"
                         VPOS="1054"
                         HPOS="366">
                  <String HEIGHT="50"
                          WIDTH="105"
                          VPOS="1054"
                          HPOS="353"
                          CONTENT="amor"/>
                  <SP HEIGHT="50" WIDTH="13" VPOS="1054" HPOS="458"/>
                  <String HEIGHT="50"
                          WIDTH="249"
                          VPOS="1054"
                          HPOS="419"
                          CONTENT="concupiscentie."/>
                  <SP HEIGHT="50" WIDTH="13" VPOS="1054" HPOS="668"/>
                  <String HEIGHT="50"
                          WIDTH="131"
                          VPOS="1054"
                          HPOS="629"
                          CONTENT="igitur"/>
                  <SP HEIGHT="50" WIDTH="13" VPOS="1054" HPOS="760"/>
                  <String HEIGHT="50" WIDTH="92" VPOS="1054" HPOS="721" CONTENT="non"/>
                  <SP HEIGHT="50" WIDTH="13" VPOS="1054" HPOS="812"/>
                  <String HEIGHT="50"
                          WIDTH="131"
                          VPOS="1054"
                          HPOS="773"
                          CONTENT="fertur"/>
                  <SP HEIGHT="50" WIDTH="13" VPOS="1054" HPOS="904"/>
                  <String HEIGHT="50"
                          WIDTH="171"
                          VPOS="1054"
                          HPOS="865"
                          CONTENT="immediate"/>
                  <SP HEIGHT="50" WIDTH="13" VPOS="1054" HPOS="1036"/>
                  <String HEIGHT="50"
                          WIDTH="118"
                          VPOS="1054"
                          HPOS="996"
                          CONTENT="super"/>
                  <SP HEIGHT="50" WIDTH="13" VPOS="1054" HPOS="1114"/>
                  <String HEIGHT="50"
                          WIDTH="105"
                          VPOS="1054"
                          HPOS="1075"
                          CONTENT="rem:"/>
                  <SP HEIGHT="50" WIDTH="13" VPOS="1054" HPOS="1180"/>
                  <String HEIGHT="50"
                          WIDTH="92"
                          VPOS="1054"
                          HPOS="1141"
                          CONTENT="sed"/>
                  <SP HEIGHT="50" WIDTH="13" VPOS="1054" HPOS="1233"/>
                  <String HEIGHT="50"
                          WIDTH="92"
                          VPOS="1054"
                          HPOS="1180"
                          CONTENT="super"/>
               </TextLine>
               <TextLine ID="r4l43"
                         BASELINE="1144"
                         HEIGHT="48"
                         WIDTH="904"
                         VPOS="1096"
                         HPOS="365">
                  <String HEIGHT="48"
                          WIDTH="216"
                          VPOS="1096"
                          HPOS="352"
                          CONTENT="habitationem"/>
                  <SP HEIGHT="48" WIDTH="13" VPOS="1096" HPOS="567"/>
                  <String HEIGHT="48"
                          WIDTH="108"
                          VPOS="1096"
                          HPOS="527"
                          CONTENT="rei."/>
                  <SP HEIGHT="48" WIDTH="13" VPOS="1096" HPOS="635"/>
                  <String HEIGHT="48"
                          WIDTH="135"
                          VPOS="1096"
                          HPOS="594"
                          CONTENT="igitur"/>
                  <SP HEIGHT="48" WIDTH="13" VPOS="1096" HPOS="729"/>
                  <String HEIGHT="48"
                          WIDTH="148"
                          VPOS="1096"
                          HPOS="689"
                          CONTENT="fruitio"/>
                  <SP HEIGHT="48" WIDTH="13" VPOS="1096" HPOS="837"/>
                  <String HEIGHT="48"
                          WIDTH="175"
                          VPOS="1096"
                          HPOS="797"
                          CONTENT="beatifica"/>
                  <SP HEIGHT="48" WIDTH="13" VPOS="1096" HPOS="972"/>
                  <String HEIGHT="48"
                          WIDTH="108"
                          VPOS="1096"
                          HPOS="932"
                          CONTENT="quam"/>
                  <SP HEIGHT="48" WIDTH="13" VPOS="1096" HPOS="1040"/>
                  <String HEIGHT="48"
                          WIDTH="135"
                          VPOS="1096"
                          HPOS="999"
                          CONTENT="vtique"/>
                  <SP HEIGHT="48" WIDTH="13" VPOS="1096" HPOS="1134"/>
                  <String HEIGHT="48"
                          WIDTH="148"
                          VPOS="1096"
                          HPOS="1094"
                          CONTENT="constat"/>
                  <SP HEIGHT="48" WIDTH="13" VPOS="1096" HPOS="1242"/>
                  <String HEIGHT="48"
                          WIDTH="81"
                          VPOS="1096"
                          HPOS="1188"
                          CONTENT="esse"/>
               </TextLine>
               <TextLine ID="r4l45"
                         BASELINE="1185"
                         HEIGHT="50"
                         WIDTH="906"
                         VPOS="1135"
                         HPOS="369">
                  <String HEIGHT="50"
                          WIDTH="251"
                          VPOS="1135"
                          HPOS="355"
                          CONTENT="ordinatissimam"/>
                  <SP HEIGHT="50" WIDTH="14" VPOS="1135" HPOS="606"/>
                  <String HEIGHT="50" WIDTH="98" VPOS="1135" HPOS="564" CONTENT="non"/>
                  <SP HEIGHT="50" WIDTH="14" VPOS="1135" HPOS="662"/>
                  <String HEIGHT="50"
                          WIDTH="139"
                          VPOS="1135"
                          HPOS="620"
                          CONTENT="fertur"/>
                  <SP HEIGHT="50" WIDTH="14" VPOS="1135" HPOS="759"/>
                  <String HEIGHT="50"
                          WIDTH="181"
                          VPOS="1135"
                          HPOS="717"
                          CONTENT="immediate"/>
                  <SP HEIGHT="50" WIDTH="14" VPOS="1135" HPOS="899"/>
                  <String HEIGHT="50"
                          WIDTH="125"
                          VPOS="1135"
                          HPOS="857"
                          CONTENT="super"/>
                  <SP HEIGHT="50" WIDTH="14" VPOS="1135" HPOS="982"/>
                  <String HEIGHT="50"
                          WIDTH="125"
                          VPOS="1135"
                          HPOS="940"
                          CONTENT="deum:"/>
                  <SP HEIGHT="50" WIDTH="14" VPOS="1135" HPOS="1066"/>
                  <String HEIGHT="50"
                          WIDTH="98"
                          VPOS="1135"
                          HPOS="1024"
                          CONTENT="sed"/>
                  <SP HEIGHT="50" WIDTH="14" VPOS="1135" HPOS="1122"/>
                  <String HEIGHT="50"
                          WIDTH="125"
                          VPOS="1135"
                          HPOS="1080"
                          CONTENT="super"/>
                  <SP HEIGHT="50" WIDTH="14" VPOS="1135" HPOS="1205"/>
                  <String HEIGHT="50"
                          WIDTH="125"
                          VPOS="1135"
                          HPOS="1150"
                          CONTENT="habita"
                          SUBS_TYPE="HypPart1"
                          SUBS_CONTENT="habitationem"/>
                  <HYP CONTENT="-"/>
               </TextLine>
               <TextLine ID="r4l47"
                         BASELINE="1231"
                         HEIGHT="51"
                         WIDTH="912"
                         VPOS="1180"
                         HPOS="363">
                  <String HEIGHT="51"
                          WIDTH="143"
                          VPOS="1180"
                          HPOS="349"
                          CONTENT="tionem"
                          SUBS_TYPE="HypPart2"
                          SUBS_CONTENT="habitationem"/>
                  <SP HEIGHT="51" WIDTH="14" VPOS="1180" HPOS="491"/>
                  <String HEIGHT="51"
                          WIDTH="100"
                          VPOS="1180"
                          HPOS="449"
                          CONTENT="dei"/>
                  <SP HEIGHT="51" WIDTH="14" VPOS="1180" HPOS="548"/>
                  <String HEIGHT="51"
                          WIDTH="114"
                          VPOS="1180"
                          HPOS="506"
                          CONTENT="siue"/>
                  <SP HEIGHT="51" WIDTH="14" VPOS="1180" HPOS="620"/>
                  <String HEIGHT="51"
                          WIDTH="128"
                          VPOS="1180"
                          HPOS="577"
                          CONTENT="super"/>
                  <SP HEIGHT="51" WIDTH="14" VPOS="1180" HPOS="705"/>
                  <String HEIGHT="51"
                          WIDTH="128"
                          VPOS="1180"
                          HPOS="662"
                          CONTENT="actum"/>
                  <SP HEIGHT="51" WIDTH="14" VPOS="1180" HPOS="791"/>
                  <String HEIGHT="51"
                          WIDTH="100"
                          VPOS="1180"
                          HPOS="748"
                          CONTENT="quo"/>
                  <SP HEIGHT="51" WIDTH="14" VPOS="1180" HPOS="848"/>
                  <String HEIGHT="51"
                          WIDTH="114"
                          VPOS="1180"
                          HPOS="805"
                          CONTENT="deus"/>
                  <SP HEIGHT="51" WIDTH="14" VPOS="1180" HPOS="919"/>
                  <String HEIGHT="51"
                          WIDTH="114"
                          VPOS="1180"
                          HPOS="876"
                          CONTENT="ipse"/>
                  <SP HEIGHT="51" WIDTH="14" VPOS="1180" HPOS="990"/>
                  <String HEIGHT="51"
                          WIDTH="171"
                          VPOS="1180"
                          HPOS="947"
                          CONTENT="habetur:"/>
                  <SP HEIGHT="51" WIDTH="14" VPOS="1180" HPOS="1118"/>
                  <String HEIGHT="51"
                          WIDTH="100"
                          VPOS="1180"
                          HPOS="1076"
                          CONTENT="qui"/>
                  <SP HEIGHT="51" WIDTH="14" VPOS="1180" HPOS="1175"/>
                  <String HEIGHT="51"
                          WIDTH="100"
                          VPOS="1180"
                          HPOS="1133"
                          CONTENT="est"/>
                  <SP HEIGHT="51" WIDTH="14" VPOS="1180" HPOS="1232"/>
                  <String HEIGHT="51"
                          WIDTH="100"
                          VPOS="1180"
                          HPOS="1175"
                          CONTENT="visio"/>
               </TextLine>
               <TextLine ID="r4l49"
                         BASELINE="1272"
                         HEIGHT="45"
                         WIDTH="918"
                         VPOS="1227"
                         HPOS="359">
                  <String HEIGHT="45"
                          WIDTH="125"
                          VPOS="1227"
                          HPOS="345"
                          CONTENT="eius."/>
                  <SP HEIGHT="45" WIDTH="14" VPOS="1227" HPOS="470"/>
                  <String HEIGHT="45"
                          WIDTH="125"
                          VPOS="1227"
                          HPOS="429"
                          CONTENT="maior"/>
                  <SP HEIGHT="45" WIDTH="14" VPOS="1227" HPOS="554"/>
                  <String HEIGHT="45"
                          WIDTH="209"
                          VPOS="1227"
                          HPOS="512"
                          CONTENT="declaratur."/>
                  <SP HEIGHT="45" WIDTH="14" VPOS="1227" HPOS="721"/>
                  <String HEIGHT="45" WIDTH="97" VPOS="1227" HPOS="679" CONTENT="nam"/>
                  <SP HEIGHT="45" WIDTH="14" VPOS="1227" HPOS="776"/>
                  <String HEIGHT="45"
                          WIDTH="125"
                          VPOS="1227"
                          HPOS="735"
                          CONTENT="vinum"/>
                  <SP HEIGHT="45" WIDTH="14" VPOS="1227" HPOS="860"/>
                  <String HEIGHT="45" WIDTH="97" VPOS="1227" HPOS="818" CONTENT="non"/>
                  <SP HEIGHT="45" WIDTH="14" VPOS="1227" HPOS="915"/>
                  <String HEIGHT="45" WIDTH="97" VPOS="1227" HPOS="874" CONTENT="est"/>
                  <SP HEIGHT="45" WIDTH="14" VPOS="1227" HPOS="971"/>
                  <String HEIGHT="45"
                          WIDTH="167"
                          VPOS="1227"
                          HPOS="929"
                          CONTENT="obiectum"/>
                  <SP HEIGHT="45" WIDTH="14" VPOS="1227" HPOS="1096"/>
                  <String HEIGHT="45"
                          WIDTH="236"
                          VPOS="1227"
                          HPOS="1041"
                          CONTENT="concupiscentie:"/>
               </TextLine>
               <TextLine ID="r4l51"
                         BASELINE="1314"
                         HEIGHT="47"
                         WIDTH="915"
                         VPOS="1267"
                         HPOS="360">
                  <String HEIGHT="47" WIDTH="96" VPOS="1267" HPOS="346" CONTENT="sed"/>
                  <SP HEIGHT="47" WIDTH="14" VPOS="1267" HPOS="442"/>
                  <String HEIGHT="47"
                          WIDTH="123"
                          VPOS="1267"
                          HPOS="401"
                          CONTENT="actus"/>
                  <SP HEIGHT="47" WIDTH="14" VPOS="1267" HPOS="524"/>
                  <String HEIGHT="47"
                          WIDTH="178"
                          VPOS="1267"
                          HPOS="483"
                          CONTENT="gustandi:"/>
                  <SP HEIGHT="47" WIDTH="14" VPOS="1267" HPOS="660"/>
                  <String HEIGHT="47"
                          WIDTH="109"
                          VPOS="1267"
                          HPOS="619"
                          CONTENT="ideo"/>
                  <SP HEIGHT="47" WIDTH="14" VPOS="1267" HPOS="729"/>
                  <String HEIGHT="47"
                          WIDTH="137"
                          VPOS="1267"
                          HPOS="688"
                          CONTENT="melius"/>
                  <SP HEIGHT="47" WIDTH="14" VPOS="1267" HPOS="824"/>
                  <String HEIGHT="47"
                          WIDTH="150"
                          VPOS="1267"
                          HPOS="783"
                          CONTENT="dicitur"/>
                  <SP HEIGHT="47" WIDTH="14" VPOS="1267" HPOS="934"/>
                  <String HEIGHT="47"
                          WIDTH="109"
                          VPOS="1267"
                          HPOS="893"
                          CONTENT="quis"/>
                  <SP HEIGHT="47" WIDTH="14" VPOS="1267" HPOS="1002"/>
                  <String HEIGHT="47"
                          WIDTH="191"
                          VPOS="1267"
                          HPOS="961"
                          CONTENT="desiderare"/>
                  <SP HEIGHT="47" WIDTH="14" VPOS="1267" HPOS="1152"/>
                  <String HEIGHT="47"
                          WIDTH="150"
                          VPOS="1267"
                          HPOS="1111"
                          CONTENT="gustare"/>
                  <SP HEIGHT="47" WIDTH="14" VPOS="1267" HPOS="1261"/>
                  <String HEIGHT="47"
                          WIDTH="68"
                          VPOS="1267"
                          HPOS="1207"
                          CONTENT="vi"
                          SUBS_TYPE="HypPart1"
                          SUBS_CONTENT="vinum:"/>
                  <HYP CONTENT="-"/>
               </TextLine>
               <TextLine ID="r4l53"
                         BASELINE="1365"
                         HEIGHT="52"
                         WIDTH="915"
                         VPOS="1313"
                         HPOS="356">
                  <String HEIGHT="52"
                          WIDTH="118"
                          VPOS="1313"
                          HPOS="341"
                          CONTENT="num:"
                          SUBS_TYPE="HypPart2"
                          SUBS_CONTENT="vinum:"/>
                  <SP HEIGHT="52" WIDTH="15" VPOS="1313" HPOS="459"/>
                  <String HEIGHT="52"
                          WIDTH="118"
                          VPOS="1313"
                          HPOS="415"
                          CONTENT="quam"/>
                  <SP HEIGHT="52" WIDTH="15" VPOS="1313" HPOS="533"/>
                  <String HEIGHT="52"
                          WIDTH="133"
                          VPOS="1313"
                          HPOS="489"
                          CONTENT="ipsum"/>
                  <SP HEIGHT="52" WIDTH="15" VPOS="1313" HPOS="622"/>
                  <String HEIGHT="52"
                          WIDTH="148"
                          VPOS="1313"
                          HPOS="577"
                          CONTENT="vinum."/>
                  <SP HEIGHT="52" WIDTH="15" VPOS="1313" HPOS="725"/>
                  <String HEIGHT="52"
                          WIDTH="133"
                          VPOS="1313"
                          HPOS="681"
                          CONTENT="minor"/>
                  <SP HEIGHT="52" WIDTH="15" VPOS="1313" HPOS="814"/>
                  <String HEIGHT="52"
                          WIDTH="162"
                          VPOS="1313"
                          HPOS="769"
                          CONTENT="probat."/>
                  <SP HEIGHT="52" WIDTH="15" VPOS="1313" HPOS="932"/>
                  <String HEIGHT="52"
                          WIDTH="103"
                          VPOS="1313"
                          HPOS="887"
                          CONTENT="Nam"/>
                  <SP HEIGHT="52" WIDTH="15" VPOS="1313" HPOS="991"/>
                  <String HEIGHT="52"
                          WIDTH="162"
                          VPOS="1313"
                          HPOS="946"
                          CONTENT="fruitio"/>
                  <SP HEIGHT="52" WIDTH="15" VPOS="1313" HPOS="1109"/>
                  <String HEIGHT="52"
                          WIDTH="192"
                          VPOS="1313"
                          HPOS="1064"
                          CONTENT="beatifica"/>
                  <SP HEIGHT="52" WIDTH="15" VPOS="1313" HPOS="1256"/>
                  <String HEIGHT="52"
                          WIDTH="74"
                          VPOS="1313"
                          HPOS="1197"
                          CONTENT="est"/>
               </TextLine>
               <TextLine ID="r4l55"
                         BASELINE="1412"
                         HEIGHT="53"
                         WIDTH="905"
                         VPOS="1359"
                         HPOS="363">
                  <String HEIGHT="53"
                          WIDTH="218"
                          VPOS="1359"
                          HPOS="347"
                          CONTENT="delectatio"/>
                  <SP HEIGHT="53" WIDTH="16" VPOS="1359" HPOS="566"/>
                  <String HEIGHT="53" WIDTH="94" VPOS="1359" HPOS="519" CONTENT="de"/>
                  <SP HEIGHT="53" WIDTH="16" VPOS="1359" HPOS="613"/>
                  <String HEIGHT="53"
                          WIDTH="109"
                          VPOS="1359"
                          HPOS="566"
                          CONTENT="dei"/>
                  <SP HEIGHT="53" WIDTH="16" VPOS="1359" HPOS="675"/>
                  <String HEIGHT="53"
                          WIDTH="234"
                          VPOS="1359"
                          HPOS="628"
                          CONTENT="habitatione"/>
                  <SP HEIGHT="53" WIDTH="16" VPOS="1359" HPOS="862"/>
                  <String HEIGHT="53"
                          WIDTH="109"
                          VPOS="1359"
                          HPOS="815"
                          CONTENT="seu"/>
                  <SP HEIGHT="53" WIDTH="16" VPOS="1359" HPOS="925"/>
                  <String HEIGHT="53" WIDTH="94" VPOS="1359" HPOS="878" CONTENT="de"/>
                  <SP HEIGHT="53" WIDTH="16" VPOS="1359" HPOS="972"/>
                  <String HEIGHT="53"
                          WIDTH="109"
                          VPOS="1359"
                          HPOS="925"
                          CONTENT="deo"/>
                  <SP HEIGHT="53" WIDTH="16" VPOS="1359" HPOS="1034"/>
                  <String HEIGHT="53"
                          WIDTH="203"
                          VPOS="1359"
                          HPOS="987"
                          CONTENT="inquantum"/>
                  <SP HEIGHT="53" WIDTH="16" VPOS="1359" HPOS="1190"/>
                  <String HEIGHT="53"
                          WIDTH="140"
                          VPOS="1359"
                          HPOS="1128"
                          CONTENT="habitus"/>
               </TextLine>
               <TextLine ID="r4l57"
                         BASELINE="1451"
                         HEIGHT="53"
                         WIDTH="915"
                         VPOS="1398"
                         HPOS="360">
                  <String HEIGHT="53"
                          WIDTH="109"
                          VPOS="1398"
                          HPOS="344"
                          CONTENT="per"/>
                  <SP HEIGHT="53" WIDTH="16" VPOS="1398" HPOS="453"/>
                  <String HEIGHT="53"
                          WIDTH="202"
                          VPOS="1398"
                          HPOS="407"
                          CONTENT="visionem."/>
                  <SP HEIGHT="53" WIDTH="16" VPOS="1398" HPOS="608"/>
                  <String HEIGHT="53" WIDTH="78" VPOS="1398" HPOS="562" CONTENT="⁋"/>
                  <SP HEIGHT="53" WIDTH="16" VPOS="1398" HPOS="639"/>
                  <String HEIGHT="53"
                          WIDTH="171"
                          VPOS="1398"
                          HPOS="593"
                          CONTENT="Secundo"/>
                  <SP HEIGHT="53" WIDTH="16" VPOS="1398" HPOS="763"/>
                  <String HEIGHT="53"
                          WIDTH="171"
                          VPOS="1398"
                          HPOS="717"
                          CONTENT="fruitio"/>
                  <SP HEIGHT="53" WIDTH="16" VPOS="1398" HPOS="887"/>
                  <String HEIGHT="53"
                          WIDTH="186"
                          VPOS="1398"
                          HPOS="841"
                          CONTENT="succedit"/>
                  <SP HEIGHT="53" WIDTH="16" VPOS="1398" HPOS="1027"/>
                  <String HEIGHT="53"
                          WIDTH="202"
                          VPOS="1398"
                          HPOS="980"
                          CONTENT="desiderio"/>
                  <SP HEIGHT="53" WIDTH="16" VPOS="1398" HPOS="1182"/>
                  <String HEIGHT="53"
                          WIDTH="155"
                          VPOS="1398"
                          HPOS="1120"
                          CONTENT="respectu"/>
               </TextLine>
               <TextLine ID="r4l59"
                         BASELINE="1493"
                         HEIGHT="48"
                         WIDTH="912"
                         VPOS="1445"
                         HPOS="359">
                  <String HEIGHT="48"
                          WIDTH="145"
                          VPOS="1445"
                          HPOS="346"
                          CONTENT="eiusdem"/>
                  <SP HEIGHT="48" WIDTH="13" VPOS="1445" HPOS="491"/>
                  <String HEIGHT="48"
                          WIDTH="159"
                          VPOS="1445"
                          HPOS="452"
                          CONTENT="obiecti:"/>
                  <SP HEIGHT="48" WIDTH="13" VPOS="1445" HPOS="610"/>
                  <String HEIGHT="48" WIDTH="93" VPOS="1445" HPOS="570" CONTENT="sed"/>
                  <SP HEIGHT="48" WIDTH="13" VPOS="1445" HPOS="663"/>
                  <String HEIGHT="48"
                          WIDTH="185"
                          VPOS="1445"
                          HPOS="623"
                          CONTENT="desiderium"/>
                  <SP HEIGHT="48" WIDTH="13" VPOS="1445" HPOS="808"/>
                  <String HEIGHT="48" WIDTH="93" VPOS="1445" HPOS="769" CONTENT="est"/>
                  <SP HEIGHT="48" WIDTH="13" VPOS="1445" HPOS="861"/>
                  <String HEIGHT="48"
                          WIDTH="172"
                          VPOS="1445"
                          HPOS="822"
                          CONTENT="respectum"/>
                  <SP HEIGHT="48" WIDTH="13" VPOS="1445" HPOS="993"/>
                  <String HEIGHT="48"
                          WIDTH="211"
                          VPOS="1445"
                          HPOS="954"
                          CONTENT="habitationis"/>
                  <SP HEIGHT="48" WIDTH="13" VPOS="1445" HPOS="1165"/>
                  <String HEIGHT="48"
                          WIDTH="132"
                          VPOS="1445"
                          HPOS="1126"
                          CONTENT="divine"/>
                  <SP HEIGHT="48" WIDTH="13" VPOS="1445" HPOS="1258"/>
                  <String HEIGHT="48"
                          WIDTH="66"
                          VPOS="1445"
                          HPOS="1205"
                          CONTENT="non"/>
               </TextLine>
               <TextLine ID="r4l61"
                         BASELINE="1541"
                         HEIGHT="51"
                         WIDTH="925"
                         VPOS="1490"
                         HPOS="359">
                  <String HEIGHT="51"
                          WIDTH="163"
                          VPOS="1490"
                          HPOS="345"
                          CONTENT="respectu"/>
                  <SP HEIGHT="51" WIDTH="14" VPOS="1490" HPOS="509"/>
                  <String HEIGHT="51" WIDTH="95" VPOS="1490" HPOS="468" CONTENT="dei"/>
                  <SP HEIGHT="51" WIDTH="14" VPOS="1490" HPOS="563"/>
                  <String HEIGHT="51"
                          WIDTH="177"
                          VPOS="1490"
                          HPOS="522"
                          CONTENT="absolute:"/>
                  <SP HEIGHT="51" WIDTH="14" VPOS="1490" HPOS="699"/>
                  <String HEIGHT="51"
                          WIDTH="150"
                          VPOS="1490"
                          HPOS="658"
                          CONTENT="quoniam"/>
                  <SP HEIGHT="51" WIDTH="14" VPOS="1490" HPOS="808"/>
                  <String HEIGHT="51" WIDTH="95" VPOS="1490" HPOS="767" CONTENT="non"/>
                  <SP HEIGHT="51" WIDTH="14" VPOS="1490" HPOS="862"/>
                  <String HEIGHT="51"
                          WIDTH="204"
                          VPOS="1490"
                          HPOS="822"
                          CONTENT="desideramus"/>
                  <SP HEIGHT="51" WIDTH="14" VPOS="1490" HPOS="1026"/>
                  <String HEIGHT="51"
                          WIDTH="136"
                          VPOS="1490"
                          HPOS="985"
                          CONTENT="ipsum:"/>
                  <SP HEIGHT="51" WIDTH="14" VPOS="1490" HPOS="1121"/>
                  <String HEIGHT="51"
                          WIDTH="95"
                          VPOS="1490"
                          HPOS="1080"
                          CONTENT="sed"/>
                  <SP HEIGHT="51" WIDTH="14" VPOS="1490" HPOS="1175"/>
                  <String HEIGHT="51"
                          WIDTH="136"
                          VPOS="1490"
                          HPOS="1134"
                          CONTENT="habere"/>
                  <SP HEIGHT="51" WIDTH="14" VPOS="1490" HPOS="1270"/>
                  <String HEIGHT="51"
                          WIDTH="68"
                          VPOS="1490"
                          HPOS="1216"
                          CONTENT="vel"/>
               </TextLine>
               <TextLine ID="r4l63"
                         BASELINE="1577"
                         HEIGHT="46"
                         WIDTH="894"
                         VPOS="1531"
                         HPOS="366">
                  <String HEIGHT="46"
                          WIDTH="140"
                          VPOS="1531"
                          HPOS="352"
                          CONTENT="videre"/>
                  <SP HEIGHT="46" WIDTH="14" VPOS="1531" HPOS="492"/>
                  <String HEIGHT="46"
                          WIDTH="140"
                          VPOS="1531"
                          HPOS="450"
                          CONTENT="ipsum."/>
                  <SP HEIGHT="46" WIDTH="14" VPOS="1531" HPOS="590"/>
                  <String HEIGHT="46" WIDTH="70" VPOS="1531" HPOS="548" CONTENT="⁋"/>
                  <SP HEIGHT="46" WIDTH="14" VPOS="1531" HPOS="617"/>
                  <String HEIGHT="46"
                          WIDTH="140"
                          VPOS="1531"
                          HPOS="576"
                          CONTENT="Tertio"/>
                  <SP HEIGHT="46" WIDTH="14" VPOS="1531" HPOS="715"/>
                  <String HEIGHT="46" WIDTH="98" VPOS="1531" HPOS="673" CONTENT="cum"/>
                  <SP HEIGHT="46" WIDTH="14" VPOS="1531" HPOS="771"/>
                  <String HEIGHT="46"
                          WIDTH="154"
                          VPOS="1531"
                          HPOS="729"
                          CONTENT="fruitio"/>
                  <SP HEIGHT="46" WIDTH="14" VPOS="1531" HPOS="883"/>
                  <String HEIGHT="46" WIDTH="98" VPOS="1531" HPOS="841" CONTENT="sit"/>
                  <SP HEIGHT="46" WIDTH="14" VPOS="1531" HPOS="939"/>
                  <String HEIGHT="46"
                          WIDTH="210"
                          VPOS="1531"
                          HPOS="897"
                          CONTENT="delectatio:"/>
                  <SP HEIGHT="46" WIDTH="14" VPOS="1531" HPOS="1106"/>
                  <String HEIGHT="46"
                          WIDTH="168"
                          VPOS="1531"
                          HPOS="1064"
                          CONTENT="obiectum"/>
                  <SP HEIGHT="46" WIDTH="14" VPOS="1531" HPOS="1232"/>
                  <String HEIGHT="46"
                          WIDTH="84"
                          VPOS="1531"
                          HPOS="1176"
                          CONTENT="eius"/>
               </TextLine>
               <TextLine ID="r4l65"
                         BASELINE="1621"
                         HEIGHT="48"
                         WIDTH="905"
                         VPOS="1573"
                         HPOS="362">
                  <String HEIGHT="48" WIDTH="91" VPOS="1573" HPOS="349" CONTENT="est"/>
                  <SP HEIGHT="48" WIDTH="13" VPOS="1573" HPOS="440"/>
                  <String HEIGHT="48"
                          WIDTH="129"
                          VPOS="1573"
                          HPOS="401"
                          CONTENT="aliqua"/>
                  <SP HEIGHT="48" WIDTH="13" VPOS="1573" HPOS="530"/>
                  <String HEIGHT="48"
                          WIDTH="168"
                          VPOS="1573"
                          HPOS="491"
                          CONTENT="perfectio"/>
                  <SP HEIGHT="48" WIDTH="13" VPOS="1573" HPOS="659"/>
                  <String HEIGHT="48"
                          WIDTH="129"
                          VPOS="1573"
                          HPOS="621"
                          CONTENT="nostra"/>
                  <SP HEIGHT="48" WIDTH="13" VPOS="1573" HPOS="750"/>
                  <String HEIGHT="48"
                          WIDTH="181"
                          VPOS="1573"
                          HPOS="711"
                          CONTENT="coniungens"/>
                  <SP HEIGHT="48" WIDTH="13" VPOS="1573" HPOS="892"/>
                  <String HEIGHT="48"
                          WIDTH="181"
                          VPOS="1573"
                          HPOS="853"
                          CONTENT="conueniens"/>
                  <SP HEIGHT="48" WIDTH="13" VPOS="1573" HPOS="1034"/>
                  <String HEIGHT="48" WIDTH="91" VPOS="1573" HPOS="996" CONTENT="cum"/>
                  <SP HEIGHT="48" WIDTH="13" VPOS="1573" HPOS="1086"/>
                  <String HEIGHT="48"
                          WIDTH="207"
                          VPOS="1573"
                          HPOS="1047"
                          CONTENT="conuenienti."/>
                  <SP HEIGHT="48" WIDTH="13" VPOS="1573" HPOS="1254"/>
                  <String HEIGHT="48"
                          WIDTH="65"
                          VPOS="1573"
                          HPOS="1202"
                          CONTENT="Nam"/>
               </TextLine>
               <TextLine ID="r4l67"
                         BASELINE="1671"
                         HEIGHT="48"
                         WIDTH="909"
                         VPOS="1623"
                         HPOS="353">
                  <String HEIGHT="48" WIDTH="83" VPOS="1623" HPOS="339" CONTENT="ex"/>
                  <SP HEIGHT="48" WIDTH="14" VPOS="1623" HPOS="422"/>
                  <String HEIGHT="48"
                          WIDTH="110"
                          VPOS="1623"
                          HPOS="381"
                          CONTENT="tali"/>
                  <SP HEIGHT="48" WIDTH="14" VPOS="1623" HPOS="491"/>
                  <String HEIGHT="48"
                          WIDTH="220"
                          VPOS="1623"
                          HPOS="449"
                          CONTENT="delectatione"/>
                  <SP HEIGHT="48" WIDTH="14" VPOS="1623" HPOS="670"/>
                  <String HEIGHT="48" WIDTH="83" VPOS="1623" HPOS="628" CONTENT="ac"/>
                  <SP HEIGHT="48" WIDTH="14" VPOS="1623" HPOS="711"/>
                  <String HEIGHT="48"
                          WIDTH="220"
                          VPOS="1623"
                          HPOS="670"
                          CONTENT="coniunctione"/>
                  <SP HEIGHT="48" WIDTH="14" VPOS="1623" HPOS="890"/>
                  <String HEIGHT="48"
                          WIDTH="165"
                          VPOS="1623"
                          HPOS="849"
                          CONTENT="causatur"/>
                  <SP HEIGHT="48" WIDTH="14" VPOS="1623" HPOS="1014"/>
                  <String HEIGHT="48"
                          WIDTH="207"
                          VPOS="1623"
                          HPOS="973"
                          CONTENT="delectatio:"/>
                  <SP HEIGHT="48" WIDTH="14" VPOS="1623" HPOS="1179"/>
                  <String HEIGHT="48"
                          WIDTH="96"
                          VPOS="1623"
                          HPOS="1138"
                          CONTENT="sed"/>
                  <SP HEIGHT="48" WIDTH="14" VPOS="1623" HPOS="1234"/>
                  <String HEIGHT="48"
                          WIDTH="83"
                          VPOS="1623"
                          HPOS="1179"
                          CONTENT="deus"/>
               </TextLine>
               <TextLine ID="r4l69"
                         BASELINE="1711"
                         HEIGHT="48"
                         WIDTH="905"
                         VPOS="1663"
                         HPOS="363">
                  <String HEIGHT="48" WIDTH="89" VPOS="1663" HPOS="350" CONTENT="non"/>
                  <SP HEIGHT="48" WIDTH="13" VPOS="1663" HPOS="439"/>
                  <String HEIGHT="48" WIDTH="89" VPOS="1663" HPOS="401" CONTENT="est"/>
                  <SP HEIGHT="48" WIDTH="13" VPOS="1663" HPOS="490"/>
                  <String HEIGHT="48"
                          WIDTH="166"
                          VPOS="1663"
                          HPOS="452"
                          CONTENT="perfectio"/>
                  <SP HEIGHT="48" WIDTH="13" VPOS="1663" HPOS="618"/>
                  <String HEIGHT="48"
                          WIDTH="115"
                          VPOS="1663"
                          HPOS="580"
                          CONTENT="nobis"/>
                  <SP HEIGHT="48" WIDTH="13" VPOS="1663" HPOS="694"/>
                  <String HEIGHT="48"
                          WIDTH="153"
                          VPOS="1663"
                          HPOS="656"
                          CONTENT="inherens"/>
                  <SP HEIGHT="48" WIDTH="13" VPOS="1663" HPOS="809"/>
                  <String HEIGHT="48" WIDTH="89" VPOS="1663" HPOS="771" CONTENT="aut"/>
                  <SP HEIGHT="48" WIDTH="13" VPOS="1663" HPOS="860"/>
                  <String HEIGHT="48" WIDTH="89" VPOS="1663" HPOS="822" CONTENT="sic"/>
                  <SP HEIGHT="48" WIDTH="13" VPOS="1663" HPOS="911"/>
                  <String HEIGHT="48"
                          WIDTH="191"
                          VPOS="1663"
                          HPOS="873"
                          CONTENT="coniungens."/>
                  <SP HEIGHT="48" WIDTH="13" VPOS="1663" HPOS="1064"/>
                  <String HEIGHT="48"
                          WIDTH="127"
                          VPOS="1663"
                          HPOS="1026"
                          CONTENT="igitur"/>
                  <SP HEIGHT="48" WIDTH="13" VPOS="1663" HPOS="1153"/>
                  <String HEIGHT="48"
                          WIDTH="89"
                          VPOS="1663"
                          HPOS="1115"
                          CONTENT="non"/>
                  <SP HEIGHT="48" WIDTH="13" VPOS="1663" HPOS="1204"/>
                  <String HEIGHT="48"
                          WIDTH="89"
                          VPOS="1663"
                          HPOS="1166"
                          CONTENT="est"/>
                  <SP HEIGHT="48" WIDTH="13" VPOS="1663" HPOS="1255"/>
                  <String HEIGHT="48"
                          WIDTH="64"
                          VPOS="1663"
                          HPOS="1204"
                          CONTENT="ob"
                          SUBS_TYPE="HypPart1"
                          SUBS_CONTENT="obiectum"/>
                  <HYP CONTENT="-"/>
               </TextLine>
               <TextLine ID="r4l71"
                         BASELINE="1757"
                         HEIGHT="51"
                         WIDTH="918"
                         VPOS="1706"
                         HPOS="350">
                  <String HEIGHT="51"
                          WIDTH="150"
                          VPOS="1706"
                          HPOS="335"
                          CONTENT="iectum"
                          SUBS_TYPE="HypPart2"
                          SUBS_CONTENT="obiectum"/>
                  <SP HEIGHT="51" WIDTH="15" VPOS="1706" HPOS="485"/>
                  <String HEIGHT="51"
                          WIDTH="226"
                          VPOS="1706"
                          HPOS="440"
                          CONTENT="fruitionis."/>
                  <SP HEIGHT="51" WIDTH="15" VPOS="1706" HPOS="666"/>
                  <String HEIGHT="51" WIDTH="75" VPOS="1706" HPOS="621" CONTENT="⁋"/>
                  <SP HEIGHT="51" WIDTH="15" VPOS="1706" HPOS="696"/>
                  <String HEIGHT="51" WIDTH="90" VPOS="1706" HPOS="651" CONTENT="4o"/>
                  <SP HEIGHT="51" WIDTH="15" VPOS="1706" HPOS="741"/>
                  <String HEIGHT="51"
                          WIDTH="135"
                          VPOS="1706"
                          HPOS="696"
                          CONTENT="omnis"/>
                  <SP HEIGHT="51" WIDTH="15" VPOS="1706" HPOS="832"/>
                  <String HEIGHT="51"
                          WIDTH="120"
                          VPOS="1706"
                          HPOS="786"
                          CONTENT="amor"/>
                  <SP HEIGHT="51" WIDTH="15" VPOS="1706" HPOS="907"/>
                  <String HEIGHT="51"
                          WIDTH="105"
                          VPOS="1706"
                          HPOS="862"
                          CONTENT="qui"/>
                  <SP HEIGHT="51" WIDTH="15" VPOS="1706" HPOS="967"/>
                  <String HEIGHT="51"
                          WIDTH="105"
                          VPOS="1706"
                          HPOS="922"
                          CONTENT="est"/>
                  <SP HEIGHT="51" WIDTH="15" VPOS="1706" HPOS="1027"/>
                  <String HEIGHT="51"
                          WIDTH="211"
                          VPOS="1706"
                          HPOS="982"
                          CONTENT="desiderium"/>
                  <SP HEIGHT="51" WIDTH="15" VPOS="1706" HPOS="1193"/>
                  <String HEIGHT="51"
                          WIDTH="105"
                          VPOS="1706"
                          HPOS="1148"
                          CONTENT="vel"/>
                  <SP HEIGHT="51" WIDTH="15" VPOS="1706" HPOS="1253"/>
                  <String HEIGHT="51"
                          WIDTH="75"
                          VPOS="1706"
                          HPOS="1193"
                          CONTENT="de"
                          SUBS_TYPE="HypPart1"
                          SUBS_CONTENT="delectatio"/>
                  <HYP CONTENT="-"/>
               </TextLine>
               <TextLine ID="r4l73"
                         BASELINE="1801"
                         HEIGHT="57"
                         WIDTH="907"
                         VPOS="1744"
                         HPOS="365">
                  <String HEIGHT="57"
                          WIDTH="149"
                          VPOS="1744"
                          HPOS="353"
                          CONTENT="lectatio"
                          SUBS_TYPE="HypPart2"
                          SUBS_CONTENT="delectatio"/>
                  <SP HEIGHT="57" WIDTH="12" VPOS="1744" HPOS="502"/>
                  <String HEIGHT="57"
                          WIDTH="112"
                          VPOS="1744"
                          HPOS="464"
                          CONTENT="habet"/>
                  <SP HEIGHT="57" WIDTH="12" VPOS="1744" HPOS="576"/>
                  <String HEIGHT="57" WIDTH="87" VPOS="1744" HPOS="539" CONTENT="pro"/>
                  <SP HEIGHT="57" WIDTH="12" VPOS="1744" HPOS="626"/>
                  <String HEIGHT="57"
                          WIDTH="137"
                          VPOS="1744"
                          HPOS="589"
                          CONTENT="obiecto"/>
                  <SP HEIGHT="57" WIDTH="12" VPOS="1744" HPOS="725"/>
                  <String HEIGHT="57"
                          WIDTH="137"
                          VPOS="1744"
                          HPOS="688"
                          CONTENT="aliquod"/>
                  <SP HEIGHT="57" WIDTH="12" VPOS="1744" HPOS="825"/>
                  <String HEIGHT="57"
                          WIDTH="174"
                          VPOS="1744"
                          HPOS="787"
                          CONTENT="complexum."/>
                  <SP HEIGHT="57" WIDTH="12" VPOS="1744" HPOS="961"/>
                  <String HEIGHT="57" WIDTH="87" VPOS="1744" HPOS="924" CONTENT="Nam"/>
                  <SP HEIGHT="57" WIDTH="12" VPOS="1744" HPOS="1011"/>
                  <String HEIGHT="57"
                          WIDTH="149"
                          VPOS="1744"
                          HPOS="974"
                          CONTENT="voluntas"/>
                  <SP HEIGHT="57" WIDTH="12" VPOS="1744" HPOS="1123"/>
                  <String HEIGHT="57"
                          WIDTH="149"
                          VPOS="1744"
                          HPOS="1086"
                          CONTENT="sequitur"/>
                  <SP HEIGHT="57" WIDTH="12" VPOS="1744" HPOS="1235"/>
                  <String HEIGHT="57"
                          WIDTH="87"
                          VPOS="1744"
                          HPOS="1185"
                          CONTENT="actum"/>
               </TextLine>
               <TextLine ID="r4l75"
                         BASELINE="1837"
                         HEIGHT="51"
                         WIDTH="903"
                         VPOS="1786"
                         HPOS="359">
                  <String HEIGHT="51"
                          WIDTH="208"
                          VPOS="1786"
                          HPOS="345"
                          CONTENT="intellectus"/>
                  <SP HEIGHT="51" WIDTH="14" VPOS="1786" HPOS="553"/>
                  <String HEIGHT="51"
                          WIDTH="208"
                          VPOS="1786"
                          HPOS="512"
                          CONTENT="componentis"/>
                  <SP HEIGHT="51" WIDTH="14" VPOS="1786" HPOS="720"/>
                  <String HEIGHT="51" WIDTH="97" VPOS="1786" HPOS="679" CONTENT="vel"/>
                  <SP HEIGHT="51" WIDTH="14" VPOS="1786" HPOS="776"/>
                  <String HEIGHT="51"
                          WIDTH="208"
                          VPOS="1786"
                          HPOS="734"
                          CONTENT="diuidentis:"/>
                  <SP HEIGHT="51" WIDTH="14" VPOS="1786" HPOS="942"/>
                  <String HEIGHT="51" WIDTH="97" VPOS="1786" HPOS="901" CONTENT="sed"/>
                  <SP HEIGHT="51" WIDTH="14" VPOS="1786" HPOS="998"/>
                  <String HEIGHT="51"
                          WIDTH="111"
                          VPOS="1786"
                          HPOS="956"
                          CONTENT="deus"/>
                  <SP HEIGHT="51" WIDTH="14" VPOS="1786" HPOS="1068"/>
                  <String HEIGHT="51"
                          WIDTH="167"
                          VPOS="1786"
                          HPOS="1026"
                          CONTENT="absolute"/>
                  <SP HEIGHT="51" WIDTH="14" VPOS="1786" HPOS="1193"/>
                  <String HEIGHT="51"
                          WIDTH="125"
                          VPOS="1786"
                          HPOS="1137"
                          CONTENT="sumptus"/>
               </TextLine>
               <TextLine ID="r4l77"
                         BASELINE="1892"
                         HEIGHT="58"
                         WIDTH="909"
                         VPOS="1834"
                         HPOS="351">
                  <String HEIGHT="58" WIDTH="87" VPOS="1834" HPOS="339" CONTENT="non"/>
                  <SP HEIGHT="58" WIDTH="12" VPOS="1834" HPOS="426"/>
                  <String HEIGHT="58" WIDTH="87" VPOS="1834" HPOS="388" CONTENT="est"/>
                  <SP HEIGHT="58" WIDTH="12" VPOS="1834" HPOS="476"/>
                  <String HEIGHT="58"
                          WIDTH="100"
                          VPOS="1834"
                          HPOS="438"
                          CONTENT="quid"/>
                  <SP HEIGHT="58" WIDTH="12" VPOS="1834" HPOS="538"/>
                  <String HEIGHT="58"
                          WIDTH="174"
                          VPOS="1834"
                          HPOS="500"
                          CONTENT="complexum:"/>
                  <SP HEIGHT="58" WIDTH="12" VPOS="1834" HPOS="675"/>
                  <String HEIGHT="58" WIDTH="87" VPOS="1834" HPOS="637" CONTENT="sed"/>
                  <SP HEIGHT="58" WIDTH="12" VPOS="1834" HPOS="725"/>
                  <String HEIGHT="58"
                          WIDTH="100"
                          VPOS="1834"
                          HPOS="687"
                          CONTENT="deum"/>
                  <SP HEIGHT="58" WIDTH="12" VPOS="1834" HPOS="787"/>
                  <String HEIGHT="58"
                          WIDTH="125"
                          VPOS="1834"
                          HPOS="749"
                          CONTENT="haberi"/>
                  <SP HEIGHT="58" WIDTH="12" VPOS="1834" HPOS="874"/>
                  <String HEIGHT="58" WIDTH="87" VPOS="1834" HPOS="837" CONTENT="vel"/>
                  <SP HEIGHT="58" WIDTH="12" VPOS="1834" HPOS="924"/>
                  <String HEIGHT="58"
                          WIDTH="125"
                          VPOS="1834"
                          HPOS="886"
                          CONTENT="videri"/>
                  <SP HEIGHT="58" WIDTH="12" VPOS="1834" HPOS="1011"/>
                  <String HEIGHT="58" WIDTH="87" VPOS="1834" HPOS="974" CONTENT="vel"/>
                  <SP HEIGHT="58" WIDTH="12" VPOS="1834" HPOS="1061"/>
                  <String HEIGHT="58"
                          WIDTH="137"
                          VPOS="1834"
                          HPOS="1023"
                          CONTENT="aliquid"/>
                  <SP HEIGHT="58" WIDTH="12" VPOS="1834" HPOS="1160"/>
                  <String HEIGHT="58"
                          WIDTH="149"
                          VPOS="1834"
                          HPOS="1111"
                          CONTENT="huiusmodi."/>
               </TextLine>
               <TextLine ID="r4l79"
                         BASELINE="1932"
                         HEIGHT="51"
                         WIDTH="906"
                         VPOS="1881"
                         HPOS="353">
                  <String HEIGHT="51"
                          WIDTH="131"
                          VPOS="1881"
                          HPOS="340"
                          CONTENT="igitur"/>
                  <SP HEIGHT="51" WIDTH="13" VPOS="1881" HPOS="471"/>
                  <String HEIGHT="51"
                          WIDTH="105"
                          VPOS="1881"
                          HPOS="432"
                          CONTENT="deus"/>
                  <SP HEIGHT="51" WIDTH="13" VPOS="1881" HPOS="537"/>
                  <String HEIGHT="51" WIDTH="92" VPOS="1881" HPOS="497" CONTENT="non"/>
                  <SP HEIGHT="51" WIDTH="13" VPOS="1881" HPOS="589"/>
                  <String HEIGHT="51" WIDTH="92" VPOS="1881" HPOS="550" CONTENT="est"/>
                  <SP HEIGHT="51" WIDTH="13" VPOS="1881" HPOS="642"/>
                  <String HEIGHT="51"
                          WIDTH="158"
                          VPOS="1881"
                          HPOS="602"
                          CONTENT="obiectum"/>
                  <SP HEIGHT="51" WIDTH="13" VPOS="1881" HPOS="760"/>
                  <String HEIGHT="51"
                          WIDTH="171"
                          VPOS="1881"
                          HPOS="721"
                          CONTENT="desiderii"/>
                  <SP HEIGHT="51" WIDTH="13" VPOS="1881" HPOS="891"/>
                  <String HEIGHT="51" WIDTH="92" VPOS="1881" HPOS="852" CONTENT="vel"/>
                  <SP HEIGHT="51" WIDTH="13" VPOS="1881" HPOS="944"/>
                  <String HEIGHT="51"
                          WIDTH="236"
                          VPOS="1881"
                          HPOS="904"
                          CONTENT="delectationis:"/>
                  <SP HEIGHT="51" WIDTH="13" VPOS="1881" HPOS="1141"/>
                  <String HEIGHT="51"
                          WIDTH="92"
                          VPOS="1881"
                          HPOS="1101"
                          CONTENT="sed"/>
                  <SP HEIGHT="51" WIDTH="13" VPOS="1881" HPOS="1193"/>
                  <String HEIGHT="51"
                          WIDTH="105"
                          VPOS="1881"
                          HPOS="1154"
                          CONTENT="deum"/>
                  <SP HEIGHT="51" WIDTH="13" VPOS="1881" HPOS="1259"/>
                  <String HEIGHT="51" WIDTH="53" VPOS="1881" HPOS="1206" CONTENT="ha"/>
               </TextLine>
               <TextLine ID="r4l81"
                         BASELINE="1968"
                         HEIGHT="50"
                         WIDTH="912"
                         VPOS="1918"
                         HPOS="354">
                  <String HEIGHT="50"
                          WIDTH="126"
                          VPOS="1918"
                          HPOS="338"
                          CONTENT="beri"/>
                  <SP HEIGHT="50" WIDTH="16" VPOS="1918" HPOS="464"/>
                  <String HEIGHT="50"
                          WIDTH="110"
                          VPOS="1918"
                          HPOS="417"
                          CONTENT="vel"/>
                  <SP HEIGHT="50" WIDTH="16" VPOS="1918" HPOS="527"/>
                  <String HEIGHT="50"
                          WIDTH="126"
                          VPOS="1918"
                          HPOS="480"
                          CONTENT="deum"/>
                  <SP HEIGHT="50" WIDTH="16" VPOS="1918" HPOS="606"/>
                  <String HEIGHT="50"
                          WIDTH="173"
                          VPOS="1918"
                          HPOS="558"
                          CONTENT="videri."/>
                  <SP HEIGHT="50" WIDTH="16" VPOS="1918" HPOS="731"/>
                  <String HEIGHT="50" WIDTH="79" VPOS="1918" HPOS="684" CONTENT="⁋"/>
                  <SP HEIGHT="50" WIDTH="16" VPOS="1918" HPOS="763"/>
                  <String HEIGHT="50" WIDTH="94" VPOS="1918" HPOS="716" CONTENT="5o"/>
                  <SP HEIGHT="50" WIDTH="16" VPOS="1918" HPOS="810"/>
                  <String HEIGHT="50"
                          WIDTH="142"
                          VPOS="1918"
                          HPOS="763"
                          CONTENT="nihil"/>
                  <SP HEIGHT="50" WIDTH="16" VPOS="1918" HPOS="904"/>
                  <String HEIGHT="50"
                          WIDTH="142"
                          VPOS="1918"
                          HPOS="857"
                          CONTENT="vanum"/>
                  <SP HEIGHT="50" WIDTH="16" VPOS="1918" HPOS="999"/>
                  <String HEIGHT="50"
                          WIDTH="189"
                          VPOS="1918"
                          HPOS="952"
                          CONTENT="ponendum"/>
                  <SP HEIGHT="50" WIDTH="16" VPOS="1918" HPOS="1140"/>
                  <String HEIGHT="50"
                          WIDTH="110"
                          VPOS="1918"
                          HPOS="1093"
                          CONTENT="est"/>
                  <SP HEIGHT="50" WIDTH="16" VPOS="1918" HPOS="1203"/>
                  <String HEIGHT="50" WIDTH="94" VPOS="1918" HPOS="1156" CONTENT="in"/>
                  <SP HEIGHT="50" WIDTH="16" VPOS="1918" HPOS="1250"/>
                  <String HEIGHT="50"
                          WIDTH="79"
                          VPOS="1918"
                          HPOS="1187"
                          CONTENT="bea"/>
               </TextLine>
               <TextLine ID="r4l83"
                         BASELINE="2021"
                         HEIGHT="53"
                         WIDTH="925"
                         VPOS="1968"
                         HPOS="346">
                  <String HEIGHT="53"
                          WIDTH="116"
                          VPOS="1968"
                          HPOS="332"
                          CONTENT="tis:"/>
                  <SP HEIGHT="53" WIDTH="14" VPOS="1968" HPOS="447"/>
                  <String HEIGHT="53"
                          WIDTH="202"
                          VPOS="1968"
                          HPOS="404"
                          CONTENT="desiderare"/>
                  <SP HEIGHT="53" WIDTH="14" VPOS="1968" HPOS="606"/>
                  <String HEIGHT="53"
                          WIDTH="130"
                          VPOS="1968"
                          HPOS="563"
                          CONTENT="autem"/>
                  <SP HEIGHT="53" WIDTH="14" VPOS="1968" HPOS="693"/>
                  <String HEIGHT="53"
                          WIDTH="101"
                          VPOS="1968"
                          HPOS="650"
                          CONTENT="deo"/>
                  <SP HEIGHT="53" WIDTH="14" VPOS="1968" HPOS="751"/>
                  <String HEIGHT="53"
                          WIDTH="159"
                          VPOS="1968"
                          HPOS="707"
                          CONTENT="aliquod"/>
                  <SP HEIGHT="53" WIDTH="14" VPOS="1968" HPOS="866"/>
                  <String HEIGHT="53"
                          WIDTH="130"
                          VPOS="1968"
                          HPOS="823"
                          CONTENT="bonum"/>
                  <SP HEIGHT="53" WIDTH="14" VPOS="1968" HPOS="953"/>
                  <String HEIGHT="53"
                          WIDTH="130"
                          VPOS="1968"
                          HPOS="910"
                          CONTENT="vanum"/>
                  <SP HEIGHT="53" WIDTH="14" VPOS="1968" HPOS="1040"/>
                  <String HEIGHT="53"
                          WIDTH="116"
                          VPOS="1968"
                          HPOS="996"
                          CONTENT="est:"/>
                  <SP HEIGHT="53" WIDTH="14" VPOS="1968" HPOS="1112"/>
                  <String HEIGHT="53"
                          WIDTH="101"
                          VPOS="1968"
                          HPOS="1069"
                          CONTENT="cum"/>
                  <SP HEIGHT="53" WIDTH="14" VPOS="1968" HPOS="1170"/>
                  <String HEIGHT="53"
                          WIDTH="116"
                          VPOS="1968"
                          HPOS="1126"
                          CONTENT="ipse"/>
                  <SP HEIGHT="53" WIDTH="14" VPOS="1968" HPOS="1242"/>
                  <String HEIGHT="53"
                          WIDTH="87"
                          VPOS="1968"
                          HPOS="1184"
                          CONTENT="omne"/>
               </TextLine>
               <TextLine ID="r4l85"
                         BASELINE="2067"
                         HEIGHT="62"
                         WIDTH="909"
                         VPOS="2005"
                         HPOS="350">
                  <String HEIGHT="62"
                          WIDTH="136"
                          VPOS="2005"
                          HPOS="335"
                          CONTENT="bonum"/>
                  <SP HEIGHT="62" WIDTH="15" VPOS="2005" HPOS="471"/>
                  <String HEIGHT="62"
                          WIDTH="167"
                          VPOS="2005"
                          HPOS="426"
                          CONTENT="habeat:"/>
                  <SP HEIGHT="62" WIDTH="15" VPOS="2005" HPOS="592"/>
                  <String HEIGHT="62"
                          WIDTH="197"
                          VPOS="2005"
                          HPOS="547"
                          CONTENT="delectari"/>
                  <SP HEIGHT="62" WIDTH="15" VPOS="2005" HPOS="744"/>
                  <String HEIGHT="62"
                          WIDTH="136"
                          VPOS="2005"
                          HPOS="698"
                          CONTENT="etiam"/>
                  <SP HEIGHT="62" WIDTH="15" VPOS="2005" HPOS="835"/>
                  <String HEIGHT="62"
                          WIDTH="121"
                          VPOS="2005"
                          HPOS="789"
                          CONTENT="quod"/>
                  <SP HEIGHT="62" WIDTH="15" VPOS="2005" HPOS="911"/>
                  <String HEIGHT="62"
                          WIDTH="121"
                          VPOS="2005"
                          HPOS="865"
                          CONTENT="deus"/>
                  <SP HEIGHT="62" WIDTH="15" VPOS="2005" HPOS="986"/>
                  <String HEIGHT="62"
                          WIDTH="121"
                          VPOS="2005"
                          HPOS="941"
                          CONTENT="omne"/>
                  <SP HEIGHT="62" WIDTH="15" VPOS="2005" HPOS="1062"/>
                  <String HEIGHT="62"
                          WIDTH="136"
                          VPOS="2005"
                          HPOS="1017"
                          CONTENT="bonum"/>
                  <SP HEIGHT="62" WIDTH="15" VPOS="2005" HPOS="1153"/>
                  <String HEIGHT="62"
                          WIDTH="152"
                          VPOS="2005"
                          HPOS="1108"
                          CONTENT="habeat"/>
                  <SP HEIGHT="62" WIDTH="15" VPOS="2005" HPOS="1259"/>
                  <String HEIGHT="62" WIDTH="61" VPOS="2005" HPOS="1198" CONTENT="va"/>
               </TextLine>
               <TextLine ID="r4l87"
                         BASELINE="2112"
                         HEIGHT="61"
                         WIDTH="908"
                         VPOS="2051"
                         HPOS="350">
                  <String HEIGHT="61" WIDTH="91" VPOS="2051" HPOS="337" CONTENT="num"/>
                  <SP HEIGHT="61" WIDTH="13" VPOS="2051" HPOS="428"/>
                  <String HEIGHT="61"
                          WIDTH="104"
                          VPOS="2051"
                          HPOS="389"
                          CONTENT="est:"/>
                  <SP HEIGHT="61" WIDTH="13" VPOS="2051" HPOS="493"/>
                  <String HEIGHT="61" WIDTH="91" VPOS="2051" HPOS="454" CONTENT="cum"/>
                  <SP HEIGHT="61" WIDTH="13" VPOS="2051" HPOS="545"/>
                  <String HEIGHT="61"
                          WIDTH="130"
                          VPOS="2051"
                          HPOS="506"
                          CONTENT="aliter"/>
                  <SP HEIGHT="61" WIDTH="13" VPOS="2051" HPOS="635"/>
                  <String HEIGHT="61"
                          WIDTH="104"
                          VPOS="2051"
                          HPOS="596"
                          CONTENT="esse"/>
                  <SP HEIGHT="61" WIDTH="13" VPOS="2051" HPOS="700"/>
                  <String HEIGHT="61" WIDTH="91" VPOS="2051" HPOS="661" CONTENT="non"/>
                  <SP HEIGHT="61" WIDTH="13" VPOS="2051" HPOS="752"/>
                  <String HEIGHT="61"
                          WIDTH="143"
                          VPOS="2051"
                          HPOS="713"
                          CONTENT="possit."/>
                  <SP HEIGHT="61" WIDTH="13" VPOS="2051" HPOS="856"/>
                  <String HEIGHT="61"
                          WIDTH="130"
                          VPOS="2051"
                          HPOS="817"
                          CONTENT="igitur"/>
                  <SP HEIGHT="61" WIDTH="13" VPOS="2051" HPOS="947"/>
                  <String HEIGHT="61"
                          WIDTH="182"
                          VPOS="2051"
                          HPOS="908"
                          CONTENT="delectatio"/>
                  <SP HEIGHT="61" WIDTH="13" VPOS="2051" HPOS="1089"/>
                  <String HEIGHT="61"
                          WIDTH="156"
                          VPOS="2051"
                          HPOS="1050"
                          CONTENT="btifica:"/>
                  <SP HEIGHT="61" WIDTH="13" VPOS="2051" HPOS="1206"/>
                  <String HEIGHT="61" WIDTH="78" VPOS="2051" HPOS="1167" CONTENT="et"/>
                  <SP HEIGHT="61" WIDTH="13" VPOS="2051" HPOS="1245"/>
                  <String HEIGHT="61"
                          WIDTH="65"
                          VPOS="2051"
                          HPOS="1193"
                          CONTENT="per"/>
               </TextLine>
               <TextLine ID="r4l89"
                         BASELINE="2153"
                         HEIGHT="53"
                         WIDTH="910"
                         VPOS="2100"
                         HPOS="350">
                  <String HEIGHT="53"
                          WIDTH="177"
                          VPOS="2100"
                          HPOS="337"
                          CONTENT="consequens"/>
                  <SP HEIGHT="53" WIDTH="13" VPOS="2100" HPOS="514"/>
                  <String HEIGHT="53"
                          WIDTH="139"
                          VPOS="2100"
                          HPOS="476"
                          CONTENT="fruitio"/>
                  <SP HEIGHT="53" WIDTH="13" VPOS="2100" HPOS="615"/>
                  <String HEIGHT="53" WIDTH="88" VPOS="2100" HPOS="578" CONTENT="non"/>
                  <SP HEIGHT="53" WIDTH="13" VPOS="2100" HPOS="666"/>
                  <String HEIGHT="53" WIDTH="88" VPOS="2100" HPOS="628" CONTENT="est"/>
                  <SP HEIGHT="53" WIDTH="13" VPOS="2100" HPOS="717"/>
                  <String HEIGHT="53" WIDTH="76" VPOS="2100" HPOS="679" CONTENT="de"/>
                  <SP HEIGHT="53" WIDTH="13" VPOS="2100" HPOS="754"/>
                  <String HEIGHT="53"
                          WIDTH="101"
                          VPOS="2100"
                          HPOS="717"
                          CONTENT="deo:"/>
                  <SP HEIGHT="53" WIDTH="13" VPOS="2100" HPOS="818"/>
                  <String HEIGHT="53" WIDTH="88" VPOS="2100" HPOS="780" CONTENT="sed"/>
                  <SP HEIGHT="53" WIDTH="13" VPOS="2100" HPOS="868"/>
                  <String HEIGHT="53" WIDTH="76" VPOS="2100" HPOS="830" CONTENT="de"/>
                  <SP HEIGHT="53" WIDTH="13" VPOS="2100" HPOS="906"/>
                  <String HEIGHT="53"
                          WIDTH="190"
                          VPOS="2100"
                          HPOS="868"
                          CONTENT="habitatione"/>
                  <SP HEIGHT="53" WIDTH="13" VPOS="2100" HPOS="1058"/>
                  <String HEIGHT="53"
                          WIDTH="88"
                          VPOS="2100"
                          HPOS="1020"
                          CONTENT="vel"/>
                  <SP HEIGHT="53" WIDTH="13" VPOS="2100" HPOS="1108"/>
                  <String HEIGHT="53"
                          WIDTH="164"
                          VPOS="2100"
                          HPOS="1070"
                          CONTENT="fruitione"/>
                  <SP HEIGHT="53" WIDTH="13" VPOS="2100" HPOS="1235"/>
                  <String HEIGHT="53"
                          WIDTH="76"
                          VPOS="2100"
                          HPOS="1184"
                          CONTENT="eius"/>
               </TextLine>
               <TextLine ID="r4l91"
                         BASELINE="2196"
                         HEIGHT="55"
                         WIDTH="916"
                         VPOS="2141"
                         HPOS="347">
                  <String HEIGHT="55"
                          WIDTH="137"
                          VPOS="2141"
                          HPOS="336"
                          CONTENT="scilicet"/>
                  <SP HEIGHT="55" WIDTH="11" VPOS="2141" HPOS="473"/>
                  <String HEIGHT="55" WIDTH="69" VPOS="2141" HPOS="439" CONTENT="de"/>
                  <SP HEIGHT="55" WIDTH="11" VPOS="2141" HPOS="507"/>
                  <String HEIGHT="55" WIDTH="80" VPOS="2141" HPOS="473" CONTENT="hoc"/>
                  <SP HEIGHT="55" WIDTH="11" VPOS="2141" HPOS="553"/>
                  <String HEIGHT="55"
                          WIDTH="92"
                          VPOS="2141"
                          HPOS="519"
                          CONTENT="quod"/>
                  <SP HEIGHT="55" WIDTH="11" VPOS="2141" HPOS="610"/>
                  <String HEIGHT="55"
                          WIDTH="92"
                          VPOS="2141"
                          HPOS="576"
                          CONTENT="deus"/>
                  <SP HEIGHT="55" WIDTH="11" VPOS="2141" HPOS="668"/>
                  <String HEIGHT="55"
                          WIDTH="126"
                          VPOS="2141"
                          HPOS="633"
                          CONTENT="habetur"/>
                  <SP HEIGHT="55" WIDTH="11" VPOS="2141" HPOS="759"/>
                  <String HEIGHT="55" WIDTH="80" VPOS="2141" HPOS="725" CONTENT="vel"/>
                  <SP HEIGHT="55" WIDTH="11" VPOS="2141" HPOS="805"/>
                  <String HEIGHT="55"
                          WIDTH="137"
                          VPOS="2141"
                          HPOS="771"
                          CONTENT="videtur."/>
                  <SP HEIGHT="55" WIDTH="11" VPOS="2141" HPOS="908"/>
                  <String HEIGHT="55" WIDTH="57" VPOS="2141" HPOS="874" CONTENT="⁋"/>
                  <SP HEIGHT="55" WIDTH="11" VPOS="2141" HPOS="931"/>
                  <String HEIGHT="55"
                          WIDTH="92"
                          VPOS="2141"
                          HPOS="897"
                          CONTENT="Alia"/>
                  <SP HEIGHT="55" WIDTH="11" VPOS="2141" HPOS="988"/>
                  <String HEIGHT="55"
                          WIDTH="115"
                          VPOS="2141"
                          HPOS="954"
                          CONTENT="opinio"/>
                  <SP HEIGHT="55" WIDTH="11" VPOS="2141" HPOS="1068"/>
                  <String HEIGHT="55"
                          WIDTH="80"
                          VPOS="2141"
                          HPOS="1034"
                          CONTENT="est"/>
                  <SP HEIGHT="55" WIDTH="11" VPOS="2141" HPOS="1114"/>
                  <String HEIGHT="55"
                          WIDTH="183"
                          VPOS="2141"
                          HPOS="1080"
                          CONTENT="contradicens"/>
                  <SP HEIGHT="55" WIDTH="11" VPOS="2141" HPOS="1263"/>
                  <String HEIGHT="55" WIDTH="46" VPOS="2141" HPOS="1217" CONTENT="po"/>
               </TextLine>
               <TextLine ID="r4l93"
                         BASELINE="2231"
                         HEIGHT="55"
                         WIDTH="912"
                         VPOS="2176"
                         HPOS="356">
                  <String HEIGHT="55"
                          WIDTH="150"
                          VPOS="2176"
                          HPOS="342"
                          CONTENT="sitioni"/>
                  <SP HEIGHT="55" WIDTH="14" VPOS="2176" HPOS="492"/>
                  <String HEIGHT="55"
                          WIDTH="177"
                          VPOS="2176"
                          HPOS="451"
                          CONTENT="praedicte"/>
                  <SP HEIGHT="55" WIDTH="14" VPOS="2176" HPOS="628"/>
                  <String HEIGHT="55" WIDTH="82" VPOS="2176" HPOS="587" CONTENT="in"/>
                  <SP HEIGHT="55" WIDTH="14" VPOS="2176" HPOS="669"/>
                  <String HEIGHT="55" WIDTH="95" VPOS="2176" HPOS="628" CONTENT="sua"/>
                  <SP HEIGHT="55" WIDTH="14" VPOS="2176" HPOS="724"/>
                  <String HEIGHT="55"
                          WIDTH="177"
                          VPOS="2176"
                          HPOS="683"
                          CONTENT="exponente"/>
                  <SP HEIGHT="55" WIDTH="14" VPOS="2176" HPOS="860"/>
                  <String HEIGHT="55"
                          WIDTH="177"
                          VPOS="2176"
                          HPOS="819"
                          CONTENT="negatiua."/>
                  <SP HEIGHT="55" WIDTH="14" VPOS="2176" HPOS="996"/>
                  <String HEIGHT="55"
                          WIDTH="123"
                          VPOS="2176"
                          HPOS="955"
                          CONTENT="dicit"/>
                  <SP HEIGHT="55" WIDTH="14" VPOS="2176" HPOS="1077"/>
                  <String HEIGHT="55"
                          WIDTH="109"
                          VPOS="2176"
                          HPOS="1037"
                          CONTENT="enim"/>
                  <SP HEIGHT="55" WIDTH="14" VPOS="2176" HPOS="1145"/>
                  <String HEIGHT="55"
                          WIDTH="109"
                          VPOS="2176"
                          HPOS="1105"
                          CONTENT="quod"/>
                  <SP HEIGHT="55" WIDTH="14" VPOS="2176" HPOS="1214"/>
                  <String HEIGHT="55"
                          WIDTH="109"
                          VPOS="2176"
                          HPOS="1173"
                          CONTENT="alio"/>
                  <SP HEIGHT="55" WIDTH="14" VPOS="2176" HPOS="1282"/>
                  <String HEIGHT="55" WIDTH="41" VPOS="2176" HPOS="1227" CONTENT="a"/>
               </TextLine>
               <TextLine ID="r4l95"
                         BASELINE="2273"
                         HEIGHT="46"
                         WIDTH="906"
                         VPOS="2227"
                         HPOS="356">
                  <String HEIGHT="46" WIDTH="83" VPOS="2227" HPOS="344" CONTENT="deo"/>
                  <SP HEIGHT="46" WIDTH="12" VPOS="2227" HPOS="428"/>
                  <String HEIGHT="46" WIDTH="83" VPOS="2227" HPOS="392" CONTENT="est"/>
                  <SP HEIGHT="46" WIDTH="12" VPOS="2227" HPOS="475"/>
                  <String HEIGHT="46"
                          WIDTH="155"
                          VPOS="2227"
                          HPOS="439"
                          CONTENT="fruendum."/>
                  <SP HEIGHT="46" WIDTH="12" VPOS="2227" HPOS="594"/>
                  <String HEIGHT="46"
                          WIDTH="95"
                          VPOS="2227"
                          HPOS="559"
                          CONTENT="vnde"/>
                  <SP HEIGHT="46" WIDTH="12" VPOS="2227" HPOS="654"/>
                  <String HEIGHT="46"
                          WIDTH="167"
                          VPOS="2227"
                          HPOS="618"
                          CONTENT="distinguit"/>
                  <SP HEIGHT="46" WIDTH="12" VPOS="2227" HPOS="785"/>
                  <String HEIGHT="46" WIDTH="72" VPOS="2227" HPOS="749" CONTENT="de"/>
                  <SP HEIGHT="46" WIDTH="12" VPOS="2227" HPOS="821"/>
                  <String HEIGHT="46"
                          WIDTH="95"
                          VPOS="2227"
                          HPOS="785"
                          CONTENT="frui"/>
                  <SP HEIGHT="46" WIDTH="12" VPOS="2227" HPOS="881"/>
                  <String HEIGHT="46"
                          WIDTH="119"
                          VPOS="2227"
                          HPOS="845"
                          CONTENT="dicens"/>
                  <SP HEIGHT="46" WIDTH="12" VPOS="2227" HPOS="964"/>
                  <String HEIGHT="46"
                          WIDTH="95"
                          VPOS="2227"
                          HPOS="928"
                          CONTENT="quod"/>
                  <SP HEIGHT="46" WIDTH="12" VPOS="2227" HPOS="1024"/>
                  <String HEIGHT="46"
                          WIDTH="119"
                          VPOS="2227"
                          HPOS="988"
                          CONTENT="potest"/>
                  <SP HEIGHT="46" WIDTH="12" VPOS="2227" HPOS="1107"/>
                  <String HEIGHT="46"
                          WIDTH="167"
                          VPOS="2227"
                          HPOS="1071"
                          CONTENT="dupliciter"/>
                  <SP HEIGHT="46" WIDTH="12" VPOS="2227" HPOS="1238"/>
                  <String HEIGHT="46"
                          WIDTH="72"
                          VPOS="2227"
                          HPOS="1190"
                          CONTENT="acci"/>
               </TextLine>
               <TextLine ID="r4l97"
                         BASELINE="2322"
                         HEIGHT="54"
                         WIDTH="915"
                         VPOS="2268"
                         HPOS="345">
                  <String HEIGHT="54" WIDTH="90" VPOS="2268" HPOS="332" CONTENT="pi."/>
                  <SP HEIGHT="54" WIDTH="13" VPOS="2268" HPOS="422"/>
                  <String HEIGHT="54" WIDTH="90" VPOS="2268" HPOS="384" CONTENT="Uno"/>
                  <SP HEIGHT="54" WIDTH="13" VPOS="2268" HPOS="474"/>
                  <String HEIGHT="54"
                          WIDTH="103"
                          VPOS="2268"
                          HPOS="435"
                          CONTENT="modo"/>
                  <SP HEIGHT="54" WIDTH="13" VPOS="2268" HPOS="538"/>
                  <String HEIGHT="54" WIDTH="90" VPOS="2268" HPOS="500" CONTENT="pro"/>
                  <SP HEIGHT="54" WIDTH="13" VPOS="2268" HPOS="590"/>
                  <String HEIGHT="54"
                          WIDTH="116"
                          VPOS="2268"
                          HPOS="551"
                          CONTENT="amore"/>
                  <SP HEIGHT="54" WIDTH="13" VPOS="2268" HPOS="667"/>
                  <String HEIGHT="54"
                          WIDTH="155"
                          VPOS="2268"
                          HPOS="629"
                          CONTENT="absoluto"/>
                  <SP HEIGHT="54" WIDTH="13" VPOS="2268" HPOS="783"/>
                  <String HEIGHT="54" WIDTH="90" VPOS="2268" HPOS="745" CONTENT="quo"/>
                  <SP HEIGHT="54" WIDTH="13" VPOS="2268" HPOS="835"/>
                  <String HEIGHT="54"
                          WIDTH="142"
                          VPOS="2268"
                          HPOS="796"
                          CONTENT="aliquid"/>
                  <SP HEIGHT="54" WIDTH="13" VPOS="2268" HPOS="938"/>
                  <String HEIGHT="54"
                          WIDTH="129"
                          VPOS="2268"
                          HPOS="899"
                          CONTENT="amatur"/>
                  <SP HEIGHT="54" WIDTH="13" VPOS="2268" HPOS="1028"/>
                  <String HEIGHT="54"
                          WIDTH="155"
                          VPOS="2268"
                          HPOS="989"
                          CONTENT="secundum"/>
                  <SP HEIGHT="54" WIDTH="13" VPOS="2268" HPOS="1144"/>
                  <String HEIGHT="54" WIDTH="77" VPOS="2268" HPOS="1105" CONTENT="se"/>
                  <SP HEIGHT="54" WIDTH="13" VPOS="2268" HPOS="1183"/>
                  <String HEIGHT="54"
                          WIDTH="103"
                          VPOS="2268"
                          HPOS="1144"
                          CONTENT="sine"/>
                  <SP HEIGHT="54" WIDTH="13" VPOS="2268" HPOS="1247"/>
                  <String HEIGHT="54"
                          WIDTH="64"
                          VPOS="2268"
                          HPOS="1196"
                          CONTENT="hoc"/>
               </TextLine>
               <TextLine ID="r4l99"
                         BASELINE="2363"
                         HEIGHT="49"
                         WIDTH="896"
                         VPOS="2314"
                         HPOS="351">
                  <String HEIGHT="49"
                          WIDTH="121"
                          VPOS="2314"
                          HPOS="336"
                          CONTENT="quod"/>
                  <SP HEIGHT="49" WIDTH="15" VPOS="2314" HPOS="457"/>
                  <String HEIGHT="49"
                          WIDTH="121"
                          VPOS="2314"
                          HPOS="412"
                          CONTENT="amor"/>
                  <SP HEIGHT="49" WIDTH="15" VPOS="2314" HPOS="533"/>
                  <String HEIGHT="49"
                          WIDTH="137"
                          VPOS="2314"
                          HPOS="488"
                          CONTENT="illud"/>
                  <SP HEIGHT="49" WIDTH="15" VPOS="2314" HPOS="624"/>
                  <String HEIGHT="49" WIDTH="91" VPOS="2314" HPOS="579" CONTENT="ad"/>
                  <SP HEIGHT="49" WIDTH="15" VPOS="2314" HPOS="670"/>
                  <String HEIGHT="49"
                          WIDTH="137"
                          VPOS="2314"
                          HPOS="624"
                          CONTENT="aliud"/>
                  <SP HEIGHT="49" WIDTH="15" VPOS="2314" HPOS="761"/>
                  <String HEIGHT="49"
                          WIDTH="167"
                          VPOS="2314"
                          HPOS="715"
                          CONTENT="referat"/>
                  <SP HEIGHT="49" WIDTH="15" VPOS="2314" HPOS="883"/>
                  <String HEIGHT="49"
                          WIDTH="137"
                          VPOS="2314"
                          HPOS="837"
                          CONTENT="magis"/>
                  <SP HEIGHT="49" WIDTH="15" VPOS="2314" HPOS="974"/>
                  <String HEIGHT="49"
                          WIDTH="167"
                          VPOS="2314"
                          HPOS="928"
                          CONTENT="amatum."/>
                  <SP HEIGHT="49" WIDTH="15" VPOS="2314" HPOS="1095"/>
                  <String HEIGHT="49" WIDTH="91" VPOS="2314" HPOS="1050" CONTENT="et"/>
                  <SP HEIGHT="49" WIDTH="15" VPOS="2314" HPOS="1141"/>
                  <String HEIGHT="49"
                          WIDTH="121"
                          VPOS="2314"
                          HPOS="1095"
                          CONTENT="iste"/>
                  <SP HEIGHT="49" WIDTH="15" VPOS="2314" HPOS="1217"/>
                  <String HEIGHT="49"
                          WIDTH="91"
                          VPOS="2314"
                          HPOS="1156"
                          CONTENT="sub"
                          SUBS_TYPE="HypPart1"
                          SUBS_CONTENT="subdiuiditur"/>
                  <HYP CONTENT="-"/>
               </TextLine>
               <TextLine ID="r4l101"
                         BASELINE="2410"
                         HEIGHT="50"
                         WIDTH="914"
                         VPOS="2360"
                         HPOS="348">
                  <String HEIGHT="50"
                          WIDTH="183"
                          VPOS="2360"
                          HPOS="334"
                          CONTENT="diuiditur"
                          SUBS_TYPE="HypPart2"
                          SUBS_CONTENT="subdiuiditur"/>
                  <SP HEIGHT="50" WIDTH="14" VPOS="2360" HPOS="517"/>
                  <String HEIGHT="50" WIDTH="84" VPOS="2360" HPOS="475" CONTENT="in"/>
                  <SP HEIGHT="50" WIDTH="14" VPOS="2360" HPOS="559"/>
                  <String HEIGHT="50"
                          WIDTH="155"
                          VPOS="2360"
                          HPOS="517"
                          CONTENT="plures:"/>
                  <SP HEIGHT="50" WIDTH="14" VPOS="2360" HPOS="671"/>
                  <String HEIGHT="50" WIDTH="98" VPOS="2360" HPOS="629" CONTENT="sed"/>
                  <SP HEIGHT="50" WIDTH="14" VPOS="2360" HPOS="728"/>
                  <String HEIGHT="50" WIDTH="98" VPOS="2360" HPOS="685" CONTENT="non"/>
                  <SP HEIGHT="50" WIDTH="14" VPOS="2360" HPOS="784"/>
                  <String HEIGHT="50" WIDTH="98" VPOS="2360" HPOS="742" CONTENT="est"/>
                  <SP HEIGHT="50" WIDTH="14" VPOS="2360" HPOS="840"/>
                  <String HEIGHT="50"
                          WIDTH="183"
                          VPOS="2360"
                          HPOS="798"
                          CONTENT="opportuna"/>
                  <SP HEIGHT="50" WIDTH="14" VPOS="2360" HPOS="981"/>
                  <String HEIGHT="50"
                          WIDTH="112"
                          VPOS="2360"
                          HPOS="939"
                          CONTENT="illa"/>
                  <SP HEIGHT="50" WIDTH="14" VPOS="2360" HPOS="1051"/>
                  <String HEIGHT="50"
                          WIDTH="155"
                          VPOS="2360"
                          HPOS="1009"
                          CONTENT="diuisio"/>
                  <SP HEIGHT="50" WIDTH="14" VPOS="2360" HPOS="1164"/>
                  <String HEIGHT="50" WIDTH="84" VPOS="2360" HPOS="1121" CONTENT="ad"/>
                  <SP HEIGHT="50" WIDTH="14" VPOS="2360" HPOS="1206"/>
                  <String HEIGHT="50"
                          WIDTH="112"
                          VPOS="2360"
                          HPOS="1150"
                          CONTENT="propos"/>
               </TextLine>
               <TextLine ID="r4l103"
                         BASELINE="2449"
                         HEIGHT="54"
                         WIDTH="914"
                         VPOS="2395"
                         HPOS="348">
                  <String HEIGHT="54"
                          WIDTH="103"
                          VPOS="2395"
                          HPOS="335"
                          CONTENT="itum"/>
                  <SP HEIGHT="54" WIDTH="13" VPOS="2395" HPOS="438"/>
                  <String HEIGHT="54" WIDTH="90" VPOS="2395" HPOS="399" CONTENT="pro"/>
                  <SP HEIGHT="54" WIDTH="13" VPOS="2395" HPOS="490"/>
                  <String HEIGHT="54"
                          WIDTH="116"
                          VPOS="2395"
                          HPOS="451"
                          CONTENT="nunc."/>
                  <SP HEIGHT="54" WIDTH="13" VPOS="2395" HPOS="567"/>
                  <String HEIGHT="54"
                          WIDTH="103"
                          VPOS="2395"
                          HPOS="528"
                          CONTENT="Alio"/>
                  <SP HEIGHT="54" WIDTH="13" VPOS="2395" HPOS="631"/>
                  <String HEIGHT="54"
                          WIDTH="103"
                          VPOS="2395"
                          HPOS="593"
                          CONTENT="modo"/>
                  <SP HEIGHT="54" WIDTH="13" VPOS="2395" HPOS="696"/>
                  <String HEIGHT="54"
                          WIDTH="142"
                          VPOS="2395"
                          HPOS="657"
                          CONTENT="sumitur"/>
                  <SP HEIGHT="54" WIDTH="13" VPOS="2395" HPOS="799"/>
                  <String HEIGHT="54"
                          WIDTH="219"
                          VPOS="2395"
                          HPOS="760"
                          CONTENT="principaliter"/>
                  <SP HEIGHT="54" WIDTH="13" VPOS="2395" HPOS="979"/>
                  <String HEIGHT="54" WIDTH="77" VPOS="2395" HPOS="940" CONTENT="et"/>
                  <SP HEIGHT="54" WIDTH="13" VPOS="2395" HPOS="1017"/>
                  <String HEIGHT="54"
                          WIDTH="142"
                          VPOS="2395"
                          HPOS="979"
                          CONTENT="proprie"/>
                  <SP HEIGHT="54" WIDTH="13" VPOS="2395" HPOS="1120"/>
                  <String HEIGHT="54"
                          WIDTH="90"
                          VPOS="2395"
                          HPOS="1082"
                          CONTENT="pro"/>
                  <SP HEIGHT="54" WIDTH="13" VPOS="2395" HPOS="1172"/>
                  <String HEIGHT="54"
                          WIDTH="116"
                          VPOS="2395"
                          HPOS="1133"
                          CONTENT="amore"/>
                  <SP HEIGHT="54" WIDTH="13" VPOS="2395" HPOS="1249"/>
                  <String HEIGHT="54"
                          WIDTH="64"
                          VPOS="2395"
                          HPOS="1198"
                          CONTENT="non"/>
               </TextLine>
               <TextLine ID="r4l105"
                         BASELINE="2491"
                         HEIGHT="46"
                         WIDTH="918"
                         VPOS="2445"
                         HPOS="342">
                  <String HEIGHT="46"
                          WIDTH="125"
                          VPOS="2445"
                          HPOS="328"
                          CONTENT="solum"/>
                  <SP HEIGHT="46" WIDTH="14" VPOS="2445" HPOS="453"/>
                  <String HEIGHT="46" WIDTH="97" VPOS="2445" HPOS="412" CONTENT="non"/>
                  <SP HEIGHT="46" WIDTH="14" VPOS="2445" HPOS="509"/>
                  <String HEIGHT="46"
                          WIDTH="181"
                          VPOS="2445"
                          HPOS="467"
                          CONTENT="referente"/>
                  <SP HEIGHT="46" WIDTH="14" VPOS="2445" HPOS="648"/>
                  <String HEIGHT="46"
                          WIDTH="167"
                          VPOS="2445"
                          HPOS="606"
                          CONTENT="dilectum"/>
                  <SP HEIGHT="46" WIDTH="14" VPOS="2445" HPOS="773"/>
                  <String HEIGHT="46" WIDTH="83" VPOS="2445" HPOS="731" CONTENT="ad"/>
                  <SP HEIGHT="46" WIDTH="14" VPOS="2445" HPOS="815"/>
                  <String HEIGHT="46"
                          WIDTH="139"
                          VPOS="2445"
                          HPOS="773"
                          CONTENT="aliud:"/>
                  <SP HEIGHT="46" WIDTH="14" VPOS="2445" HPOS="912"/>
                  <String HEIGHT="46" WIDTH="97" VPOS="2445" HPOS="871" CONTENT="sed"/>
                  <SP HEIGHT="46" WIDTH="14" VPOS="2445" HPOS="968"/>
                  <String HEIGHT="46" WIDTH="83" VPOS="2445" HPOS="926" CONTENT="et"/>
                  <SP HEIGHT="46" WIDTH="14" VPOS="2445" HPOS="1010"/>
                  <String HEIGHT="46"
                          WIDTH="195"
                          VPOS="2445"
                          HPOS="968"
                          CONTENT="accipiente"/>
                  <SP HEIGHT="46" WIDTH="14" VPOS="2445" HPOS="1163"/>
                  <String HEIGHT="46"
                          WIDTH="125"
                          VPOS="2445"
                          HPOS="1121"
                          CONTENT="illud"/>
                  <SP HEIGHT="46" WIDTH="14" VPOS="2445" HPOS="1246"/>
                  <String HEIGHT="46"
                          WIDTH="70"
                          VPOS="2445"
                          HPOS="1190"
                          CONTENT="pro"/>
               </TextLine>
               <TextLine ID="r4l107"
                         BASELINE="2546"
                         HEIGHT="64"
                         WIDTH="907"
                         VPOS="2482"
                         HPOS="348">
                  <String HEIGHT="64"
                          WIDTH="115"
                          VPOS="2482"
                          HPOS="334"
                          CONTENT="fine"/>
                  <SP HEIGHT="64" WIDTH="14" VPOS="2482" HPOS="449"/>
                  <String HEIGHT="64"
                          WIDTH="144"
                          VPOS="2482"
                          HPOS="406"
                          CONTENT="vltimo"/>
                  <SP HEIGHT="64" WIDTH="14" VPOS="2482" HPOS="550"/>
                  <String HEIGHT="64" WIDTH="86" VPOS="2482" HPOS="506" CONTENT="et"/>
                  <SP HEIGHT="64" WIDTH="14" VPOS="2482" HPOS="593"/>
                  <String HEIGHT="64"
                          WIDTH="202"
                          VPOS="2482"
                          HPOS="550"
                          CONTENT="repugnante"/>
                  <SP HEIGHT="64" WIDTH="14" VPOS="2482" HPOS="751"/>
                  <String HEIGHT="64"
                          WIDTH="216"
                          VPOS="2482"
                          HPOS="708"
                          CONTENT="naturaliter"/>
                  <SP HEIGHT="64" WIDTH="14" VPOS="2482" HPOS="924"/>
                  <String HEIGHT="64"
                          WIDTH="130"
                          VPOS="2482"
                          HPOS="881"
                          CONTENT="amori"/>
                  <SP HEIGHT="64" WIDTH="14" VPOS="2482" HPOS="1010"/>
                  <String HEIGHT="64"
                          WIDTH="144"
                          VPOS="2482"
                          HPOS="967"
                          CONTENT="relato"/>
                  <SP HEIGHT="64" WIDTH="14" VPOS="2482" HPOS="1111"/>
                  <String HEIGHT="64" WIDTH="86" VPOS="2482" HPOS="1068" CONTENT="et"/>
                  <SP HEIGHT="64" WIDTH="14" VPOS="2482" HPOS="1154"/>
                  <String HEIGHT="64"
                          WIDTH="144"
                          VPOS="2482"
                          HPOS="1111"
                          CONTENT="ipsius"/>
                  <SP HEIGHT="64" WIDTH="14" VPOS="2482" HPOS="1255"/>
                  <String HEIGHT="64" WIDTH="58" VPOS="2482" HPOS="1197" CONTENT="ad"/>
               </TextLine>
               <TextLine ID="r4l109"
                         BASELINE="2590"
                         HEIGHT="54"
                         WIDTH="909"
                         VPOS="2536"
                         HPOS="345">
                  <String HEIGHT="54"
                          WIDTH="139"
                          VPOS="2536"
                          HPOS="332"
                          CONTENT="aliude:"/>
                  <SP HEIGHT="54" WIDTH="13" VPOS="2536" HPOS="471"/>
                  <String HEIGHT="54"
                          WIDTH="114"
                          VPOS="2536"
                          HPOS="433"
                          CONTENT="sicut"/>
                  <SP HEIGHT="54" WIDTH="13" VPOS="2536" HPOS="547"/>
                  <String HEIGHT="54" WIDTH="76" VPOS="2536" HPOS="509" CONTENT="ad"/>
                  <SP HEIGHT="54" WIDTH="13" VPOS="2536" HPOS="585"/>
                  <String HEIGHT="54"
                          WIDTH="114"
                          VPOS="2536"
                          HPOS="547"
                          CONTENT="finem"/>
                  <SP HEIGHT="54" WIDTH="13" VPOS="2536" HPOS="661"/>
                  <String HEIGHT="54"
                          WIDTH="114"
                          VPOS="2536"
                          HPOS="623"
                          CONTENT="magis"/>
                  <SP HEIGHT="54" WIDTH="13" VPOS="2536" HPOS="736"/>
                  <String HEIGHT="54"
                          WIDTH="139"
                          VPOS="2536"
                          HPOS="699"
                          CONTENT="proprie"/>
                  <SP HEIGHT="54" WIDTH="13" VPOS="2536" HPOS="837"/>
                  <String HEIGHT="54"
                          WIDTH="164"
                          VPOS="2536"
                          HPOS="800"
                          CONTENT="acceptum:"/>
                  <SP HEIGHT="54" WIDTH="13" VPOS="2536" HPOS="964"/>
                  <String HEIGHT="54" WIDTH="76" VPOS="2536" HPOS="926" CONTENT="vt"/>
                  <SP HEIGHT="54" WIDTH="13" VPOS="2536" HPOS="1002"/>
                  <String HEIGHT="54"
                          WIDTH="152"
                          VPOS="2536"
                          HPOS="964"
                          CONTENT="loquitur"/>
                  <SP HEIGHT="54" WIDTH="13" VPOS="2536" HPOS="1115"/>
                  <String HEIGHT="54"
                          WIDTH="101"
                          VPOS="2536"
                          HPOS="1077"
                          CONTENT="Aug."/>
                  <SP HEIGHT="54" WIDTH="13" VPOS="2536" HPOS="1178"/>
                  <String HEIGHT="54"
                          WIDTH="114"
                          VPOS="2536"
                          HPOS="1140"
                          CONTENT="primo"/>
                  <SP HEIGHT="54" WIDTH="13" VPOS="2536" HPOS="1254"/>
                  <String HEIGHT="54" WIDTH="51" VPOS="2536" HPOS="1204" CONTENT="de"/>
               </TextLine>
               <TextLine ID="r4l111"
                         BASELINE="2629"
                         HEIGHT="60"
                         WIDTH="916"
                         VPOS="2569"
                         HPOS="344">
                  <String HEIGHT="60"
                          WIDTH="113"
                          VPOS="2569"
                          HPOS="330"
                          CONTENT="doc."/>
                  <SP HEIGHT="60" WIDTH="14" VPOS="2569" HPOS="443"/>
                  <String HEIGHT="60"
                          WIDTH="211"
                          VPOS="2569"
                          HPOS="400"
                          CONTENT="christiana."/>
                  <SP HEIGHT="60" WIDTH="14" VPOS="2569" HPOS="612"/>
                  <String HEIGHT="60" WIDTH="99" VPOS="2569" HPOS="569" CONTENT="cum"/>
                  <SP HEIGHT="60" WIDTH="14" VPOS="2569" HPOS="668"/>
                  <String HEIGHT="60"
                          WIDTH="113"
                          VPOS="2569"
                          HPOS="626"
                          CONTENT="ait."/>
                  <SP HEIGHT="60" WIDTH="14" VPOS="2569" HPOS="739"/>
                  <String HEIGHT="60" WIDTH="85" VPOS="2569" HPOS="696" CONTENT="Si"/>
                  <SP HEIGHT="60" WIDTH="14" VPOS="2569" HPOS="781"/>
                  <String HEIGHT="60"
                          WIDTH="183"
                          VPOS="2569"
                          HPOS="739"
                          CONTENT="inheseris"/>
                  <SP HEIGHT="60" WIDTH="14" VPOS="2569" HPOS="922"/>
                  <String HEIGHT="60" WIDTH="85" VPOS="2569" HPOS="880" CONTENT="et"/>
                  <SP HEIGHT="60" WIDTH="14" VPOS="2569" HPOS="964"/>
                  <String HEIGHT="60"
                          WIDTH="211"
                          VPOS="2569"
                          HPOS="922"
                          CONTENT="permanseris"/>
                  <SP HEIGHT="60" WIDTH="14" VPOS="2569" HPOS="1133"/>
                  <String HEIGHT="60"
                          WIDTH="127"
                          VPOS="2569"
                          HPOS="1091"
                          CONTENT="finem"/>
                  <SP HEIGHT="60" WIDTH="14" VPOS="2569" HPOS="1218"/>
                  <String HEIGHT="60" WIDTH="85" VPOS="2569" HPOS="1175" CONTENT="in"/>
                  <SP HEIGHT="60" WIDTH="14" VPOS="2569" HPOS="1260"/>
                  <String HEIGHT="60" WIDTH="56" VPOS="2569" HPOS="1204" CONTENT="ea"/>
               </TextLine>
               <TextLine ID="r4l113"
                         BASELINE="2674"
                         HEIGHT="54"
                         WIDTH="905"
                         VPOS="2620"
                         HPOS="351">
                  <String HEIGHT="54"
                          WIDTH="144"
                          VPOS="2620"
                          HPOS="337"
                          CONTENT="ponens"/>
                  <SP HEIGHT="54" WIDTH="14" VPOS="2620" HPOS="480"/>
                  <String HEIGHT="54"
                          WIDTH="158"
                          VPOS="2620"
                          HPOS="437"
                          CONTENT="leticie"/>
                  <SP HEIGHT="54" WIDTH="14" VPOS="2620" HPOS="595"/>
                  <String HEIGHT="54"
                          WIDTH="115"
                          VPOS="2620"
                          HPOS="552"
                          CONTENT="tue:"/>
                  <SP HEIGHT="54" WIDTH="14" VPOS="2620" HPOS="667"/>
                  <String HEIGHT="54"
                          WIDTH="115"
                          VPOS="2620"
                          HPOS="624"
                          CONTENT="tunc"/>
                  <SP HEIGHT="54" WIDTH="14" VPOS="2620" HPOS="739"/>
                  <String HEIGHT="54"
                          WIDTH="115"
                          VPOS="2620"
                          HPOS="696"
                          CONTENT="vere"/>
                  <SP HEIGHT="54" WIDTH="14" VPOS="2620" HPOS="811"/>
                  <String HEIGHT="54" WIDTH="86" VPOS="2620" HPOS="768" CONTENT="et"/>
                  <SP HEIGHT="54" WIDTH="14" VPOS="2620" HPOS="854"/>
                  <String HEIGHT="54"
                          WIDTH="158"
                          VPOS="2620"
                          HPOS="811"
                          CONTENT="proprie"/>
                  <SP HEIGHT="54" WIDTH="14" VPOS="2620" HPOS="969"/>
                  <String HEIGHT="54"
                          WIDTH="172"
                          VPOS="2620"
                          HPOS="926"
                          CONTENT="dicendus"/>
                  <SP HEIGHT="54" WIDTH="14" VPOS="2620" HPOS="1098"/>
                  <String HEIGHT="54" WIDTH="86" VPOS="2620" HPOS="1055" CONTENT="es"/>
                  <SP HEIGHT="54" WIDTH="14" VPOS="2620" HPOS="1141"/>
                  <String HEIGHT="54"
                          WIDTH="129"
                          VPOS="2620"
                          HPOS="1098"
                          CONTENT="frui:"/>
                  <SP HEIGHT="54" WIDTH="14" VPOS="2620" HPOS="1227"/>
                  <String HEIGHT="54"
                          WIDTH="86"
                          VPOS="2620"
                          HPOS="1170"
                          CONTENT="quod"/>
               </TextLine>
               <TextLine ID="r4l115"
                         BASELINE="2719"
                         HEIGHT="55"
                         WIDTH="910"
                         VPOS="2664"
                         HPOS="351">
                  <String HEIGHT="55" WIDTH="95" VPOS="2664" HPOS="337" CONTENT="non"/>
                  <SP HEIGHT="55" WIDTH="14" VPOS="2664" HPOS="432"/>
                  <String HEIGHT="55" WIDTH="95" VPOS="2664" HPOS="392" CONTENT="est"/>
                  <SP HEIGHT="55" WIDTH="14" VPOS="2664" HPOS="487"/>
                  <String HEIGHT="55"
                          WIDTH="177"
                          VPOS="2664"
                          HPOS="446"
                          CONTENT="faciendum"/>
                  <SP HEIGHT="55" WIDTH="14" VPOS="2664" HPOS="623"/>
                  <String HEIGHT="55"
                          WIDTH="109"
                          VPOS="2664"
                          HPOS="582"
                          CONTENT="nisi"/>
                  <SP HEIGHT="55" WIDTH="14" VPOS="2664" HPOS="691"/>
                  <String HEIGHT="55" WIDTH="81" VPOS="2664" HPOS="650" CONTENT="in"/>
                  <SP HEIGHT="55" WIDTH="14" VPOS="2664" HPOS="731"/>
                  <String HEIGHT="55"
                          WIDTH="109"
                          VPOS="2664"
                          HPOS="691"
                          CONTENT="illa"/>
                  <SP HEIGHT="55" WIDTH="14" VPOS="2664" HPOS="799"/>
                  <String HEIGHT="55"
                          WIDTH="177"
                          VPOS="2664"
                          HPOS="758"
                          CONTENT="trinitate"/>
                  <SP HEIGHT="55" WIDTH="14" VPOS="2664" HPOS="935"/>
                  <String HEIGHT="55"
                          WIDTH="109"
                          VPOS="2664"
                          HPOS="894"
                          CONTENT="etc."/>
                  <SP HEIGHT="55" WIDTH="14" VPOS="2664" HPOS="1003"/>
                  <String HEIGHT="55" WIDTH="81" VPOS="2664" HPOS="962" CONTENT="Et"/>
                  <SP HEIGHT="55" WIDTH="14" VPOS="2664" HPOS="1044"/>
                  <String HEIGHT="55"
                          WIDTH="109"
                          VPOS="2664"
                          HPOS="1003"
                          CONTENT="ille"/>
                  <SP HEIGHT="55" WIDTH="14" VPOS="2664" HPOS="1112"/>
                  <String HEIGHT="55"
                          WIDTH="109"
                          VPOS="2664"
                          HPOS="1071"
                          CONTENT="amor"/>
                  <SP HEIGHT="55" WIDTH="14" VPOS="2664" HPOS="1180"/>
                  <String HEIGHT="55"
                          WIDTH="136"
                          VPOS="2664"
                          HPOS="1125"
                          CONTENT="sequitur"/>
               </TextLine>
               <TextLine ID="r4l117"
                         BASELINE="2751"
                         HEIGHT="48"
                         WIDTH="903"
                         VPOS="2703"
                         HPOS="348">
                  <String HEIGHT="48"
                          WIDTH="229"
                          VPOS="2703"
                          HPOS="335"
                          CONTENT="compositionem"/>
                  <SP HEIGHT="48" WIDTH="13" VPOS="2703" HPOS="564"/>
                  <String HEIGHT="48" WIDTH="81" VPOS="2703" HPOS="523" CONTENT="et"/>
                  <SP HEIGHT="48" WIDTH="13" VPOS="2703" HPOS="604"/>
                  <String HEIGHT="48"
                          WIDTH="189"
                          VPOS="2703"
                          HPOS="564"
                          CONTENT="diuisionem"/>
                  <SP HEIGHT="48" WIDTH="13" VPOS="2703" HPOS="752"/>
                  <String HEIGHT="48"
                          WIDTH="216"
                          VPOS="2703"
                          HPOS="712"
                          CONTENT="intellectus:"/>
                  <SP HEIGHT="48" WIDTH="13" VPOS="2703" HPOS="928"/>
                  <String HEIGHT="48" WIDTH="94" VPOS="2703" HPOS="887" CONTENT="non"/>
                  <SP HEIGHT="48" WIDTH="13" VPOS="2703" HPOS="981"/>
                  <String HEIGHT="48" WIDTH="94" VPOS="2703" HPOS="941" CONTENT="sic"/>
                  <SP HEIGHT="48" WIDTH="13" VPOS="2703" HPOS="1035"/>
                  <String HEIGHT="48"
                          WIDTH="121"
                          VPOS="2703"
                          HPOS="995"
                          CONTENT="autem"/>
                  <SP HEIGHT="48" WIDTH="13" VPOS="2703" HPOS="1116"/>
                  <String HEIGHT="48"
                          WIDTH="108"
                          VPOS="2703"
                          HPOS="1076"
                          CONTENT="amor"/>
                  <SP HEIGHT="48" WIDTH="13" VPOS="2703" HPOS="1184"/>
                  <String HEIGHT="48"
                          WIDTH="121"
                          VPOS="2703"
                          HPOS="1130"
                          CONTENT="primus."/>
               </TextLine>
               <TextLine ID="r4l119"
                         BASELINE="2804"
                         HEIGHT="57"
                         WIDTH="913"
                         VPOS="2747"
                         HPOS="344">
                  <String HEIGHT="57" WIDTH="78" VPOS="2747" HPOS="331" CONTENT="Si"/>
                  <SP HEIGHT="57" WIDTH="13" VPOS="2747" HPOS="409"/>
                  <String HEIGHT="57" WIDTH="91" VPOS="2747" HPOS="370" CONTENT="hoc"/>
                  <SP HEIGHT="57" WIDTH="13" VPOS="2747" HPOS="461"/>
                  <String HEIGHT="57" WIDTH="78" VPOS="2747" HPOS="422" CONTENT="2o"/>
                  <SP HEIGHT="57" WIDTH="13" VPOS="2747" HPOS="501"/>
                  <String HEIGHT="57"
                          WIDTH="104"
                          VPOS="2747"
                          HPOS="461"
                          CONTENT="modo"/>
                  <SP HEIGHT="57" WIDTH="13" VPOS="2747" HPOS="566"/>
                  <String HEIGHT="57"
                          WIDTH="183"
                          VPOS="2747"
                          HPOS="527"
                          CONTENT="accipiatur"/>
                  <SP HEIGHT="57" WIDTH="13" VPOS="2747" HPOS="709"/>
                  <String HEIGHT="57"
                          WIDTH="104"
                          VPOS="2747"
                          HPOS="670"
                          CONTENT="frui"/>
                  <SP HEIGHT="57" WIDTH="13" VPOS="2747" HPOS="774"/>
                  <String HEIGHT="57"
                          WIDTH="143"
                          VPOS="2747"
                          HPOS="735"
                          CONTENT="diceret"/>
                  <SP HEIGHT="57" WIDTH="13" VPOS="2747" HPOS="879"/>
                  <String HEIGHT="57"
                          WIDTH="104"
                          VPOS="2747"
                          HPOS="840"
                          CONTENT="iste"/>
                  <SP HEIGHT="57" WIDTH="13" VPOS="2747" HPOS="944"/>
                  <String HEIGHT="57"
                          WIDTH="130"
                          VPOS="2747"
                          HPOS="905"
                          CONTENT="doctor"/>
                  <SP HEIGHT="57" WIDTH="13" VPOS="2747" HPOS="1035"/>
                  <String HEIGHT="57"
                          WIDTH="104"
                          VPOS="2747"
                          HPOS="996"
                          CONTENT="quod"/>
                  <SP HEIGHT="57" WIDTH="13" VPOS="2747" HPOS="1100"/>
                  <String HEIGHT="57"
                          WIDTH="91"
                          VPOS="2747"
                          HPOS="1061"
                          CONTENT="non"/>
                  <SP HEIGHT="57" WIDTH="13" VPOS="2747" HPOS="1153"/>
                  <String HEIGHT="57"
                          WIDTH="91"
                          VPOS="2747"
                          HPOS="1114"
                          CONTENT="est"/>
                  <SP HEIGHT="57" WIDTH="13" VPOS="2747" HPOS="1205"/>
                  <String HEIGHT="57"
                          WIDTH="104"
                          VPOS="2747"
                          HPOS="1153"
                          CONTENT="fruen"
                          SUBS_TYPE="HypPart1"
                          SUBS_CONTENT="fruendum"/>
                  <HYP CONTENT="-"/>
               </TextLine>
               <TextLine ID="r4l121"
                         BASELINE="2842"
                         HEIGHT="51"
                         WIDTH="908"
                         VPOS="2791"
                         HPOS="344">
                  <String HEIGHT="51"
                          WIDTH="90"
                          VPOS="2791"
                          HPOS="331"
                          CONTENT="dum"
                          SUBS_TYPE="HypPart2"
                          SUBS_CONTENT="fruendum"/>
                  <SP HEIGHT="51" WIDTH="13" VPOS="2791" HPOS="421"/>
                  <String HEIGHT="51"
                          WIDTH="102"
                          VPOS="2791"
                          HPOS="382"
                          CONTENT="nisi"/>
                  <SP HEIGHT="51" WIDTH="13" VPOS="2791" HPOS="485"/>
                  <String HEIGHT="51"
                          WIDTH="102"
                          VPOS="2791"
                          HPOS="446"
                          CONTENT="deo:"/>
                  <SP HEIGHT="51" WIDTH="13" VPOS="2791" HPOS="549"/>
                  <String HEIGHT="51" WIDTH="90" VPOS="2791" HPOS="510" CONTENT="sed"/>
                  <SP HEIGHT="51" WIDTH="13" VPOS="2791" HPOS="600"/>
                  <String HEIGHT="51" WIDTH="77" VPOS="2791" HPOS="561" CONTENT="si"/>
                  <SP HEIGHT="51" WIDTH="13" VPOS="2791" HPOS="638"/>
                  <String HEIGHT="51"
                          WIDTH="179"
                          VPOS="2791"
                          HPOS="600"
                          CONTENT="accipiatur"/>
                  <SP HEIGHT="51" WIDTH="13" VPOS="2791" HPOS="779"/>
                  <String HEIGHT="51"
                          WIDTH="128"
                          VPOS="2791"
                          HPOS="740"
                          CONTENT="primo:"/>
                  <SP HEIGHT="51" WIDTH="13" VPOS="2791" HPOS="868"/>
                  <String HEIGHT="51" WIDTH="77" VPOS="2791" HPOS="830" CONTENT="vt"/>
                  <SP HEIGHT="51" WIDTH="13" VPOS="2791" HPOS="907"/>
                  <String HEIGHT="51"
                          WIDTH="141"
                          VPOS="2791"
                          HPOS="868"
                          CONTENT="accepi."/>
                  <SP HEIGHT="51" WIDTH="13" VPOS="2791" HPOS="1009"/>
                  <String HEIGHT="51"
                          WIDTH="115"
                          VPOS="2791"
                          HPOS="971"
                          CONTENT="dicit"/>
                  <SP HEIGHT="51" WIDTH="13" VPOS="2791" HPOS="1086"/>
                  <String HEIGHT="51"
                          WIDTH="102"
                          VPOS="2791"
                          HPOS="1047"
                          CONTENT="quod"/>
                  <SP HEIGHT="51" WIDTH="13" VPOS="2791" HPOS="1150"/>
                  <String HEIGHT="51"
                          WIDTH="102"
                          VPOS="2791"
                          HPOS="1111"
                          CONTENT="alio"/>
                  <SP HEIGHT="51" WIDTH="13" VPOS="2791" HPOS="1214"/>
                  <String HEIGHT="51" WIDTH="64" VPOS="2791" HPOS="1175" CONTENT="a"/>
                  <SP HEIGHT="51" WIDTH="13" VPOS="2791" HPOS="1239"/>
                  <String HEIGHT="51"
                          WIDTH="64"
                          VPOS="2791"
                          HPOS="1188"
                          CONTENT="deo"/>
               </TextLine>
               <TextLine ID="r4l123"
                         BASELINE="2892"
                         HEIGHT="56"
                         WIDTH="906"
                         VPOS="2836"
                         HPOS="347">
                  <String HEIGHT="56" WIDTH="82" VPOS="2836" HPOS="335" CONTENT="est"/>
                  <SP HEIGHT="56" WIDTH="12" VPOS="2836" HPOS="418"/>
                  <String HEIGHT="56"
                          WIDTH="153"
                          VPOS="2836"
                          HPOS="382"
                          CONTENT="fruendum:"/>
                  <SP HEIGHT="56" WIDTH="12" VPOS="2836" HPOS="535"/>
                  <String HEIGHT="56" WIDTH="82" VPOS="2836" HPOS="500" CONTENT="hoc"/>
                  <SP HEIGHT="56" WIDTH="12" VPOS="2836" HPOS="582"/>
                  <String HEIGHT="56"
                          WIDTH="106"
                          VPOS="2836"
                          HPOS="547"
                          CONTENT="autem"/>
                  <SP HEIGHT="56" WIDTH="12" VPOS="2836" HPOS="653"/>
                  <String HEIGHT="56"
                          WIDTH="118"
                          VPOS="2836"
                          HPOS="618"
                          CONTENT="probat"/>
                  <SP HEIGHT="56" WIDTH="12" VPOS="2836" HPOS="735"/>
                  <String HEIGHT="56"
                          WIDTH="165"
                          VPOS="2836"
                          HPOS="700"
                          CONTENT="dupliciter"/>
                  <SP HEIGHT="56" WIDTH="12" VPOS="2836" HPOS="865"/>
                  <String HEIGHT="56"
                          WIDTH="106"
                          VPOS="2836"
                          HPOS="829"
                          CONTENT="primo"/>
                  <SP HEIGHT="56" WIDTH="12" VPOS="2836" HPOS="935"/>
                  <String HEIGHT="56" WIDTH="82" VPOS="2836" HPOS="900" CONTENT="per"/>
                  <SP HEIGHT="56" WIDTH="12" VPOS="2836" HPOS="982"/>
                  <String HEIGHT="56"
                          WIDTH="153"
                          VPOS="2836"
                          HPOS="947"
                          CONTENT="magistrum"/>
                  <SP HEIGHT="56" WIDTH="12" VPOS="2836" HPOS="1100"/>
                  <String HEIGHT="56" WIDTH="71" VPOS="2836" HPOS="1065" CONTENT="in"/>
                  <SP HEIGHT="56" WIDTH="12" VPOS="2836" HPOS="1135"/>
                  <String HEIGHT="56"
                          WIDTH="94"
                          VPOS="2836"
                          HPOS="1100"
                          CONTENT="ista"/>
                  <SP HEIGHT="56" WIDTH="12" VPOS="2836" HPOS="1194"/>
                  <String HEIGHT="56"
                          WIDTH="106"
                          VPOS="2836"
                          HPOS="1147"
                          CONTENT="distin"
                          SUBS_TYPE="HypPart1"
                          SUBS_CONTENT="distinctione"/>
                  <HYP CONTENT="-"/>
               </TextLine>
               <TextLine ID="r4l125"
                         BASELINE="2928"
                         HEIGHT="55"
                         WIDTH="899"
                         VPOS="2873"
                         HPOS="348">
                  <String HEIGHT="55"
                          WIDTH="136"
                          VPOS="2873"
                          HPOS="334"
                          CONTENT="ctione"
                          SUBS_TYPE="HypPart2"
                          SUBS_CONTENT="distinctione"/>
                  <SP HEIGHT="55" WIDTH="14" VPOS="2873" HPOS="471"/>
                  <String HEIGHT="55"
                          WIDTH="163"
                          VPOS="2873"
                          HPOS="430"
                          CONTENT="dicentem"/>
                  <SP HEIGHT="55" WIDTH="14" VPOS="2873" HPOS="593"/>
                  <String HEIGHT="55" WIDTH="82" VPOS="2873" HPOS="552" CONTENT="ex"/>
                  <SP HEIGHT="55" WIDTH="14" VPOS="2873" HPOS="634"/>
                  <String HEIGHT="55"
                          WIDTH="204"
                          VPOS="2873"
                          HPOS="593"
                          CONTENT="auctoritate"/>
                  <SP HEIGHT="55" WIDTH="14" VPOS="2873" HPOS="798"/>
                  <String HEIGHT="55"
                          WIDTH="123"
                          VPOS="2873"
                          HPOS="757"
                          CONTENT="Ambr."/>
                  <SP HEIGHT="55" WIDTH="14" VPOS="2873" HPOS="879"/>
                  <String HEIGHT="55"
                          WIDTH="109"
                          VPOS="2873"
                          HPOS="838"
                          CONTENT="quod"/>
                  <SP HEIGHT="55" WIDTH="14" VPOS="2873" HPOS="947"/>
                  <String HEIGHT="55"
                          WIDTH="163"
                          VPOS="2873"
                          HPOS="906"
                          CONTENT="virtutes"/>
                  <SP HEIGHT="55" WIDTH="14" VPOS="2873" HPOS="1070"/>
                  <String HEIGHT="55"
                          WIDTH="150"
                          VPOS="2873"
                          HPOS="1029"
                          CONTENT="propter"/>
                  <SP HEIGHT="55" WIDTH="14" VPOS="2873" HPOS="1179"/>
                  <String HEIGHT="55" WIDTH="82" VPOS="2873" HPOS="1138" CONTENT="se"/>
                  <SP HEIGHT="55" WIDTH="14" VPOS="2873" HPOS="1220"/>
                  <String HEIGHT="55"
                          WIDTH="82"
                          VPOS="2873"
                          HPOS="1165"
                          CONTENT="appe"/>
               </TextLine>
               <TextLine ID="r4l127"
                         BASELINE="2979"
                         HEIGHT="63"
                         WIDTH="921"
                         VPOS="2916"
                         HPOS="342">
                  <String HEIGHT="63"
                          WIDTH="120"
                          VPOS="2916"
                          HPOS="329"
                          CONTENT="tende"/>
                  <SP HEIGHT="63" WIDTH="13" VPOS="2916" HPOS="449"/>
                  <String HEIGHT="63" WIDTH="80" VPOS="2916" HPOS="409" CONTENT="et"/>
                  <SP HEIGHT="63" WIDTH="13" VPOS="2916" HPOS="489"/>
                  <String HEIGHT="63"
                          WIDTH="133"
                          VPOS="2916"
                          HPOS="449"
                          CONTENT="amande"/>
                  <SP HEIGHT="63" WIDTH="13" VPOS="2916" HPOS="582"/>
                  <String HEIGHT="63"
                          WIDTH="120"
                          VPOS="2916"
                          HPOS="542"
                          CONTENT="sunt:"/>
                  <SP HEIGHT="63" WIDTH="13" VPOS="2916" HPOS="662"/>
                  <String HEIGHT="63" WIDTH="80" VPOS="2916" HPOS="622" CONTENT="et"/>
                  <SP HEIGHT="63" WIDTH="13" VPOS="2916" HPOS="702"/>
                  <String HEIGHT="63"
                          WIDTH="120"
                          VPOS="2916"
                          HPOS="662"
                          CONTENT="tamen"/>
                  <SP HEIGHT="63" WIDTH="13" VPOS="2916" HPOS="782"/>
                  <String HEIGHT="63"
                          WIDTH="147"
                          VPOS="2916"
                          HPOS="742"
                          CONTENT="propter"/>
                  <SP HEIGHT="63" WIDTH="13" VPOS="2916" HPOS="889"/>
                  <String HEIGHT="63"
                          WIDTH="120"
                          VPOS="2916"
                          HPOS="849"
                          CONTENT="solam"/>
                  <SP HEIGHT="63" WIDTH="13" VPOS="2916" HPOS="969"/>
                  <String HEIGHT="63"
                          WIDTH="227"
                          VPOS="2916"
                          HPOS="929"
                          CONTENT="beatitudinem."/>
                  <SP HEIGHT="63" WIDTH="13" VPOS="2916" HPOS="1156"/>
                  <String HEIGHT="63"
                          WIDTH="147"
                          VPOS="2916"
                          HPOS="1116"
                          CONTENT="propter"/>
                  <SP HEIGHT="63" WIDTH="13" VPOS="2916" HPOS="1263"/>
                  <String HEIGHT="63" WIDTH="53" VPOS="2916" HPOS="1210" CONTENT="se"/>
               </TextLine>
               <TextLine ID="r4l129"
                         BASELINE="3014"
                         HEIGHT="51"
                         WIDTH="899"
                         VPOS="2963"
                         HPOS="351">
                  <String HEIGHT="51"
                          WIDTH="152"
                          VPOS="2963"
                          HPOS="336"
                          CONTENT="quidem"/>
                  <SP HEIGHT="51" WIDTH="15" VPOS="2963" HPOS="488"/>
                  <String HEIGHT="51"
                          WIDTH="152"
                          VPOS="2963"
                          HPOS="442"
                          CONTENT="amande"/>
                  <SP HEIGHT="51" WIDTH="15" VPOS="2963" HPOS="595"/>
                  <String HEIGHT="51"
                          WIDTH="137"
                          VPOS="2963"
                          HPOS="549"
                          CONTENT="sunt:"/>
                  <SP HEIGHT="51" WIDTH="15" VPOS="2963" HPOS="686"/>
                  <String HEIGHT="51"
                          WIDTH="122"
                          VPOS="2963"
                          HPOS="641"
                          CONTENT="quia"/>
                  <SP HEIGHT="51" WIDTH="15" VPOS="2963" HPOS="762"/>
                  <String HEIGHT="51"
                          WIDTH="198"
                          VPOS="2963"
                          HPOS="717"
                          CONTENT="delectant"/>
                  <SP HEIGHT="51" WIDTH="15" VPOS="2963" HPOS="915"/>
                  <String HEIGHT="51"
                          WIDTH="122"
                          VPOS="2963"
                          HPOS="869"
                          CONTENT="suos"/>
                  <SP HEIGHT="51" WIDTH="15" VPOS="2963" HPOS="991"/>
                  <String HEIGHT="51"
                          WIDTH="229"
                          VPOS="2963"
                          HPOS="945"
                          CONTENT="possessores"/>
                  <SP HEIGHT="51" WIDTH="15" VPOS="2963" HPOS="1174"/>
                  <String HEIGHT="51"
                          WIDTH="137"
                          VPOS="2963"
                          HPOS="1113"
                          CONTENT="sincera"/>
               </TextLine>
               <TextLine ID="r4l131"
                         BASELINE="3063"
                         HEIGHT="49"
                         WIDTH="906"
                         VPOS="3014"
                         HPOS="341">
                  <String HEIGHT="49" WIDTH="84" VPOS="3014" HPOS="327" CONTENT="et"/>
                  <SP HEIGHT="49" WIDTH="14" VPOS="3014" HPOS="411"/>
                  <String HEIGHT="49"
                          WIDTH="139"
                          VPOS="3014"
                          HPOS="369"
                          CONTENT="sancta"/>
                  <SP HEIGHT="49" WIDTH="14" VPOS="3014" HPOS="508"/>
                  <String HEIGHT="49"
                          WIDTH="209"
                          VPOS="3014"
                          HPOS="466"
                          CONTENT="dilectione:"/>
                  <SP HEIGHT="49" WIDTH="14" VPOS="3014" HPOS="676"/>
                  <String HEIGHT="49" WIDTH="84" VPOS="3014" HPOS="634" CONTENT="et"/>
                  <SP HEIGHT="49" WIDTH="14" VPOS="3014" HPOS="717"/>
                  <String HEIGHT="49" WIDTH="84" VPOS="3014" HPOS="676" CONTENT="in"/>
                  <SP HEIGHT="49" WIDTH="14" VPOS="3014" HPOS="759"/>
                  <String HEIGHT="49" WIDTH="98" VPOS="3014" HPOS="717" CONTENT="eis"/>
                  <SP HEIGHT="49" WIDTH="14" VPOS="3014" HPOS="815"/>
                  <String HEIGHT="49"
                          WIDTH="153"
                          VPOS="3014"
                          HPOS="773"
                          CONTENT="pariunt"/>
                  <SP HEIGHT="49" WIDTH="14" VPOS="3014" HPOS="926"/>
                  <String HEIGHT="49"
                          WIDTH="153"
                          VPOS="3014"
                          HPOS="885"
                          CONTENT="gaudium"/>
                  <SP HEIGHT="49" WIDTH="14" VPOS="3014" HPOS="1038"/>
                  <String HEIGHT="49"
                          WIDTH="209"
                          VPOS="3014"
                          HPOS="996"
                          CONTENT="spirituale:"/>
                  <SP HEIGHT="49" WIDTH="14" VPOS="3014" HPOS="1205"/>
                  <String HEIGHT="49"
                          WIDTH="98"
                          VPOS="3014"
                          HPOS="1149"
                          CONTENT="verum"/>
               </TextLine>
               <TextLine ID="r4l133"
                         BASELINE="3121"
                         HEIGHT="62"
                         WIDTH="918"
                         VPOS="3059"
                         HPOS="332">
                  <String HEIGHT="62"
                          WIDTH="122"
                          VPOS="3059"
                          HPOS="319"
                          CONTENT="tamen"/>
                  <SP HEIGHT="62" WIDTH="14" VPOS="3059" HPOS="440"/>
                  <String HEIGHT="62" WIDTH="95" VPOS="3059" HPOS="400" CONTENT="non"/>
                  <SP HEIGHT="62" WIDTH="14" VPOS="3059" HPOS="494"/>
                  <String HEIGHT="62" WIDTH="95" VPOS="3059" HPOS="454" CONTENT="est"/>
                  <SP HEIGHT="62" WIDTH="14" VPOS="3059" HPOS="548"/>
                  <String HEIGHT="62"
                          WIDTH="216"
                          VPOS="3059"
                          HPOS="508"
                          CONTENT="consistendum"/>
                  <SP HEIGHT="62" WIDTH="14" VPOS="3059" HPOS="724"/>
                  <String HEIGHT="62"
                          WIDTH="108"
                          VPOS="3059"
                          HPOS="683"
                          CONTENT="hoc:"/>
                  <SP HEIGHT="62" WIDTH="14" VPOS="3059" HPOS="791"/>
                  <String HEIGHT="62" WIDTH="95" VPOS="3059" HPOS="751" CONTENT="sed"/>
                  <SP HEIGHT="62" WIDTH="14" VPOS="3059" HPOS="845"/>
                  <String HEIGHT="62"
                          WIDTH="122"
                          VPOS="3059"
                          HPOS="805"
                          CONTENT="vltra"/>
                  <SP HEIGHT="62" WIDTH="14" VPOS="3059" HPOS="926"/>
                  <String HEIGHT="62"
                          WIDTH="203"
                          VPOS="3059"
                          HPOS="886"
                          CONTENT="gradiendum:"/>
                  <SP HEIGHT="62" WIDTH="14" VPOS="3059" HPOS="1088"/>
                  <String HEIGHT="62"
                          WIDTH="95"
                          VPOS="3059"
                          HPOS="1048"
                          CONTENT="cum"/>
                  <SP HEIGHT="62" WIDTH="14" VPOS="3059" HPOS="1142"/>
                  <String HEIGHT="62"
                          WIDTH="95"
                          VPOS="3059"
                          HPOS="1102"
                          CONTENT="non"/>
                  <SP HEIGHT="62" WIDTH="14" VPOS="3059" HPOS="1196"/>
                  <String HEIGHT="62"
                          WIDTH="95"
                          VPOS="3059"
                          HPOS="1156"
                          CONTENT="hic"/>
                  <SP HEIGHT="62" WIDTH="14" VPOS="3059" HPOS="1250"/>
                  <String HEIGHT="62" WIDTH="54" VPOS="3059" HPOS="1196" CONTENT="di"/>
               </TextLine>
            </TextBlock>
            <TextBlock ID="TextRegion_1596404815947_335"
                       HEIGHT="2898"
                       WIDTH="959"
                       VPOS="219"
                       HPOS="1315">
               <Shape>
                  <Polygon POINTS="1315,219 2274,219 2266,807 2232,3117 1315,3117"/>
               </Shape>
               <TextLine ID="r4l4"
                         BASELINE="318"
                         HEIGHT="82"
                         WIDTH="924"
                         VPOS="236"
                         HPOS="1341">
                  <String HEIGHT="82"
                          WIDTH="177"
                          VPOS="236"
                          HPOS="1327"
                          CONTENT="lectionis"/>
                  <SP HEIGHT="82" WIDTH="14" VPOS="236" HPOS="1504"/>
                  <String HEIGHT="82"
                          WIDTH="149"
                          VPOS="236"
                          HPOS="1463"
                          CONTENT="gressus"/>
                  <SP HEIGHT="82" WIDTH="14" VPOS="236" HPOS="1613"/>
                  <String HEIGHT="82"
                          WIDTH="149"
                          VPOS="236"
                          HPOS="1572"
                          CONTENT="habeat:"/>
                  <SP HEIGHT="82" WIDTH="14" VPOS="236" HPOS="1721"/>
                  <String HEIGHT="82" WIDTH="95" VPOS="236" HPOS="1681" CONTENT="sed"/>
                  <SP HEIGHT="82" WIDTH="14" VPOS="236" HPOS="1776"/>
                  <String HEIGHT="82"
                          WIDTH="136"
                          VPOS="236"
                          HPOS="1735"
                          CONTENT="vltra:"/>
                  <SP HEIGHT="82" WIDTH="14" VPOS="236" HPOS="1871"/>
                  <String HEIGHT="82"
                          WIDTH="149"
                          VPOS="236"
                          HPOS="1830"
                          CONTENT="quamuis"/>
                  <SP HEIGHT="82" WIDTH="14" VPOS="236" HPOS="1980"/>
                  <String HEIGHT="82"
                          WIDTH="122"
                          VPOS="236"
                          HPOS="1939"
                          CONTENT="neque"/>
                  <SP HEIGHT="82" WIDTH="14" VPOS="236" HPOS="2061"/>
                  <String HEIGHT="82" WIDTH="95" VPOS="236" HPOS="2020" CONTENT="hic"/>
                  <SP HEIGHT="82" WIDTH="14" VPOS="236" HPOS="2116"/>
                  <String HEIGHT="82" WIDTH="95" VPOS="236" HPOS="2075" CONTENT="sit"/>
                  <SP HEIGHT="82" WIDTH="14" VPOS="236" HPOS="2170"/>
                  <String HEIGHT="82"
                          WIDTH="149"
                          VPOS="236"
                          HPOS="2116"
                          CONTENT="dilectio"
                          SUBS_TYPE="HypPart1"
                          SUBS_CONTENT="dilectionis"/>
                  <HYP CONTENT="-"/>
               </TextLine>
               <TextLine ID="r4l6"
                         BASELINE="358"
                         HEIGHT="47"
                         WIDTH="920"
                         VPOS="311"
                         HPOS="1347">
                  <String HEIGHT="47"
                          WIDTH="101"
                          VPOS="311"
                          HPOS="1333"
                          CONTENT="nis"
                          SUBS_TYPE="HypPart2"
                          SUBS_CONTENT="dilectionis"/>
                  <SP HEIGHT="47" WIDTH="14" VPOS="311" HPOS="1433"/>
                  <String HEIGHT="47"
                          WIDTH="187"
                          VPOS="311"
                          HPOS="1390"
                          CONTENT="terminus:"/>
                  <SP HEIGHT="47" WIDTH="14" VPOS="311" HPOS="1577"/>
                  <String HEIGHT="47"
                          WIDTH="101"
                          VPOS="311"
                          HPOS="1534"
                          CONTENT="sed"/>
                  <SP HEIGHT="47" WIDTH="14" VPOS="311" HPOS="1635"/>
                  <String HEIGHT="47"
                          WIDTH="187"
                          VPOS="311"
                          HPOS="1591"
                          CONTENT="referatur"/>
                  <SP HEIGHT="47" WIDTH="14" VPOS="311" HPOS="1778"/>
                  <String HEIGHT="47"
                          WIDTH="101"
                          VPOS="311"
                          HPOS="1735"
                          CONTENT="hoc"/>
                  <SP HEIGHT="47" WIDTH="14" VPOS="311" HPOS="1836"/>
                  <String HEIGHT="47" WIDTH="86" VPOS="311" HPOS="1793" CONTENT="ad"/>
                  <SP HEIGHT="47" WIDTH="14" VPOS="311" HPOS="1879"/>
                  <String HEIGHT="47"
                          WIDTH="129"
                          VPOS="311"
                          HPOS="1836"
                          CONTENT="illud"/>
                  <SP HEIGHT="47" WIDTH="14" VPOS="311" HPOS="1965"/>
                  <String HEIGHT="47"
                          WIDTH="144"
                          VPOS="311"
                          HPOS="1922"
                          CONTENT="summum"/>
                  <SP HEIGHT="47" WIDTH="14" VPOS="311" HPOS="2066"/>
                  <String HEIGHT="47"
                          WIDTH="144"
                          VPOS="311"
                          HPOS="2023"
                          CONTENT="bonum:"/>
                  <SP HEIGHT="47" WIDTH="14" VPOS="311" HPOS="2166"/>
                  <String HEIGHT="47"
                          WIDTH="101"
                          VPOS="311"
                          HPOS="2123"
                          CONTENT="cui"/>
                  <SP HEIGHT="47" WIDTH="14" VPOS="311" HPOS="2224"/>
                  <String HEIGHT="47"
                          WIDTH="101"
                          VPOS="311"
                          HPOS="2166"
                          CONTENT="solum"/>
               </TextLine>
               <TextLine ID="r4l9"
                         BASELINE="402"
                         HEIGHT="47"
                         WIDTH="903"
                         VPOS="355"
                         HPOS="1349">
                  <String HEIGHT="47"
                          WIDTH="204"
                          VPOS="355"
                          HPOS="1334"
                          CONTENT="inherendum"/>
                  <SP HEIGHT="47" WIDTH="15" VPOS="355" HPOS="1538"/>
                  <String HEIGHT="47"
                          WIDTH="117"
                          VPOS="355"
                          HPOS="1495"
                          CONTENT="est:"/>
                  <SP HEIGHT="47" WIDTH="15" VPOS="355" HPOS="1611"/>
                  <String HEIGHT="47"
                          WIDTH="131"
                          VPOS="355"
                          HPOS="1567"
                          CONTENT="neque"/>
                  <SP HEIGHT="47" WIDTH="15" VPOS="355" HPOS="1699"/>
                  <String HEIGHT="47"
                          WIDTH="102"
                          VPOS="355"
                          HPOS="1655"
                          CONTENT="hoc"/>
                  <SP HEIGHT="47" WIDTH="15" VPOS="355" HPOS="1757"/>
                  <String HEIGHT="47"
                          WIDTH="102"
                          VPOS="355"
                          HPOS="1713"
                          CONTENT="sit"/>
                  <SP HEIGHT="47" WIDTH="15" VPOS="355" HPOS="1815"/>
                  <String HEIGHT="47"
                          WIDTH="218"
                          VPOS="355"
                          HPOS="1771"
                          CONTENT="dilectionis"/>
                  <SP HEIGHT="47" WIDTH="15" VPOS="355" HPOS="1990"/>
                  <String HEIGHT="47"
                          WIDTH="189"
                          VPOS="355"
                          HPOS="1946"
                          CONTENT="terminus:"/>
                  <SP HEIGHT="47" WIDTH="15" VPOS="355" HPOS="2135"/>
                  <String HEIGHT="47"
                          WIDTH="117"
                          VPOS="355"
                          HPOS="2092"
                          CONTENT="quia"/>
                  <SP HEIGHT="47" WIDTH="15" VPOS="355" HPOS="2208"/>
                  <String HEIGHT="47"
                          WIDTH="102"
                          VPOS="355"
                          HPOS="2150"
                          CONTENT="illud"/>
               </TextLine>
               <TextLine ID="r4l11"
                         BASELINE="454"
                         HEIGHT="53"
                         WIDTH="912"
                         VPOS="401"
                         HPOS="1353">
                  <String HEIGHT="53"
                          WIDTH="162"
                          VPOS="401"
                          HPOS="1338"
                          CONTENT="propter"/>
                  <SP HEIGHT="53" WIDTH="15" VPOS="401" HPOS="1500"/>
                  <String HEIGHT="53" WIDTH="88" VPOS="401" HPOS="1456" CONTENT="se"/>
                  <SP HEIGHT="53" WIDTH="15" VPOS="401" HPOS="1544"/>
                  <String HEIGHT="53"
                          WIDTH="147"
                          VPOS="401"
                          HPOS="1500"
                          CONTENT="tantum"/>
                  <SP HEIGHT="53" WIDTH="15" VPOS="401" HPOS="1647"/>
                  <String HEIGHT="53"
                          WIDTH="162"
                          VPOS="401"
                          HPOS="1603"
                          CONTENT="amandum"/>
                  <SP HEIGHT="53" WIDTH="15" VPOS="401" HPOS="1765"/>
                  <String HEIGHT="53"
                          WIDTH="118"
                          VPOS="401"
                          HPOS="1721"
                          CONTENT="est."/>
                  <SP HEIGHT="53" WIDTH="15" VPOS="401" HPOS="1838"/>
                  <String HEIGHT="53" WIDTH="88" VPOS="401" HPOS="1794" CONTENT="Et"/>
                  <SP HEIGHT="53" WIDTH="15" VPOS="401" HPOS="1883"/>
                  <String HEIGHT="53"
                          WIDTH="132"
                          VPOS="401"
                          HPOS="1838"
                          CONTENT="vltra"/>
                  <SP HEIGHT="53" WIDTH="15" VPOS="401" HPOS="1971"/>
                  <String HEIGHT="53"
                          WIDTH="132"
                          VPOS="401"
                          HPOS="1927"
                          CONTENT="illud"/>
                  <SP HEIGHT="53" WIDTH="15" VPOS="401" HPOS="2059"/>
                  <String HEIGHT="53"
                          WIDTH="132"
                          VPOS="401"
                          HPOS="2015"
                          CONTENT="nihil"/>
                  <SP HEIGHT="53" WIDTH="15" VPOS="401" HPOS="2147"/>
                  <String HEIGHT="53"
                          WIDTH="103"
                          VPOS="401"
                          HPOS="2103"
                          CONTENT="est"/>
                  <SP HEIGHT="53" WIDTH="15" VPOS="401" HPOS="2206"/>
                  <String HEIGHT="53"
                          WIDTH="118"
                          VPOS="401"
                          HPOS="2147"
                          CONTENT="queren"/>
               </TextLine>
               <TextLine ID="line_1596404807830_301"
                         BASELINE="495"
                         HEIGHT="42"
                         WIDTH="940"
                         VPOS="453"
                         HPOS="1336">
                  <String HEIGHT="42"
                          WIDTH="104"
                          VPOS="453"
                          HPOS="1323"
                          CONTENT="dum:"/>
                  <SP HEIGHT="42" WIDTH="13" VPOS="453" HPOS="1427"/>
                  <String HEIGHT="42"
                          WIDTH="118"
                          VPOS="453"
                          HPOS="1388"
                          CONTENT="illud"/>
                  <SP HEIGHT="42" WIDTH="13" VPOS="453" HPOS="1506"/>
                  <String HEIGHT="42"
                          WIDTH="104"
                          VPOS="453"
                          HPOS="1467"
                          CONTENT="enim"/>
                  <SP HEIGHT="42" WIDTH="13" VPOS="453" HPOS="1571"/>
                  <String HEIGHT="42" WIDTH="91" VPOS="453" HPOS="1532" CONTENT="est"/>
                  <SP HEIGHT="42" WIDTH="13" VPOS="453" HPOS="1623"/>
                  <String HEIGHT="42"
                          WIDTH="157"
                          VPOS="453"
                          HPOS="1584"
                          CONTENT="supremus"/>
                  <SP HEIGHT="42" WIDTH="13" VPOS="453" HPOS="1741"/>
                  <String HEIGHT="42"
                          WIDTH="131"
                          VPOS="453"
                          HPOS="1702"
                          CONTENT="finis."/>
                  <SP HEIGHT="42" WIDTH="13" VPOS="453" HPOS="1832"/>
                  <String HEIGHT="42" WIDTH="65" VPOS="453" HPOS="1793" CONTENT="⁋"/>
                  <SP HEIGHT="42" WIDTH="13" VPOS="453" HPOS="1858"/>
                  <String HEIGHT="42"
                          WIDTH="144"
                          VPOS="453"
                          HPOS="1819"
                          CONTENT="Secundo"/>
                  <SP HEIGHT="42" WIDTH="13" VPOS="453" HPOS="1963"/>
                  <String HEIGHT="42"
                          WIDTH="104"
                          VPOS="453"
                          HPOS="1924"
                          CONTENT="idem"/>
                  <SP HEIGHT="42" WIDTH="13" VPOS="453" HPOS="2028"/>
                  <String HEIGHT="42"
                          WIDTH="157"
                          VPOS="453"
                          HPOS="1989"
                          CONTENT="probatur"/>
                  <SP HEIGHT="42" WIDTH="13" VPOS="453" HPOS="2145"/>
                  <String HEIGHT="42"
                          WIDTH="196"
                          VPOS="453"
                          HPOS="2106"
                          CONTENT="auctoritate"/>
                  <SP HEIGHT="42" WIDTH="13" VPOS="453" HPOS="2302"/>
                  <String HEIGHT="42" WIDTH="26" VPOS="453" HPOS="2250" CONTENT=""/>
               </TextLine>
               <TextLine ID="line_1596404807831_303"
                         BASELINE="542"
                         HEIGHT="57"
                         WIDTH="941"
                         VPOS="485"
                         HPOS="1335">
                  <String HEIGHT="57" WIDTH="74" VPOS="485" HPOS="1323" CONTENT="p."/>
                  <SP HEIGHT="57" WIDTH="12" VPOS="485" HPOS="1397"/>
                  <String HEIGHT="57"
                          WIDTH="111"
                          VPOS="485"
                          HPOS="1360"
                          CONTENT="primo"/>
                  <SP HEIGHT="57" WIDTH="12" VPOS="485" HPOS="1471"/>
                  <String HEIGHT="57"
                          WIDTH="111"
                          VPOS="485"
                          HPOS="1434"
                          CONTENT="ethi."/>
                  <SP HEIGHT="57" WIDTH="12" VPOS="485" HPOS="1545"/>
                  <String HEIGHT="57"
                          WIDTH="149"
                          VPOS="485"
                          HPOS="1508"
                          CONTENT="dicentis"/>
                  <SP HEIGHT="57" WIDTH="12" VPOS="485" HPOS="1657"/>
                  <String HEIGHT="57"
                          WIDTH="186"
                          VPOS="485"
                          HPOS="1620"
                          CONTENT="felicitatem"/>
                  <SP HEIGHT="57" WIDTH="12" VPOS="485" HPOS="1806"/>
                  <String HEIGHT="57"
                          WIDTH="99"
                          VPOS="485"
                          HPOS="1768"
                          CONTENT="enim"/>
                  <SP HEIGHT="57" WIDTH="12" VPOS="485" HPOS="1867"/>
                  <String HEIGHT="57"
                          WIDTH="124"
                          VPOS="485"
                          HPOS="1830"
                          CONTENT="semper"/>
                  <SP HEIGHT="57" WIDTH="12" VPOS="485" HPOS="1954"/>
                  <String HEIGHT="57"
                          WIDTH="149"
                          VPOS="485"
                          HPOS="1917"
                          CONTENT="eligimus"/>
                  <SP HEIGHT="57" WIDTH="12" VPOS="485" HPOS="2066"/>
                  <String HEIGHT="57"
                          WIDTH="136"
                          VPOS="485"
                          HPOS="2028"
                          CONTENT="propter"/>
                  <SP HEIGHT="57" WIDTH="12" VPOS="485" HPOS="2165"/>
                  <String HEIGHT="57"
                          WIDTH="149"
                          VPOS="485"
                          HPOS="2127"
                          CONTENT="seipsam:"/>
                  <SP HEIGHT="57" WIDTH="12" VPOS="485" HPOS="2276"/>
                  <String HEIGHT="57" WIDTH="50" VPOS="485" HPOS="2226" CONTENT="et"/>
               </TextLine>
               <TextLine ID="r4l17"
                         BASELINE="582"
                         HEIGHT="48"
                         WIDTH="916"
                         VPOS="534"
                         HPOS="1335">
                  <String HEIGHT="48"
                          WIDTH="121"
                          VPOS="534"
                          HPOS="1324"
                          CONTENT="nunquam"/>
                  <SP HEIGHT="48" WIDTH="11" VPOS="534" HPOS="1445"/>
                  <String HEIGHT="48"
                          WIDTH="121"
                          VPOS="534"
                          HPOS="1412"
                          CONTENT="propter"/>
                  <SP HEIGHT="48" WIDTH="11" VPOS="534" HPOS="1534"/>
                  <String HEIGHT="48"
                          WIDTH="110"
                          VPOS="534"
                          HPOS="1501"
                          CONTENT="aliud:"/>
                  <SP HEIGHT="48" WIDTH="11" VPOS="534" HPOS="1611"/>
                  <String HEIGHT="48"
                          WIDTH="121"
                          VPOS="534"
                          HPOS="1578"
                          CONTENT="honorem"/>
                  <SP HEIGHT="48" WIDTH="11" VPOS="534" HPOS="1699"/>
                  <String HEIGHT="48"
                          WIDTH="88"
                          VPOS="534"
                          HPOS="1666"
                          CONTENT="vero"/>
                  <SP HEIGHT="48" WIDTH="11" VPOS="534" HPOS="1754"/>
                  <String HEIGHT="48" WIDTH="66" VPOS="534" HPOS="1721" CONTENT="et"/>
                  <SP HEIGHT="48" WIDTH="11" VPOS="534" HPOS="1787"/>
                  <String HEIGHT="48"
                          WIDTH="155"
                          VPOS="534"
                          HPOS="1754"
                          CONTENT="voluptatem"/>
                  <SP HEIGHT="48" WIDTH="11" VPOS="534" HPOS="1909"/>
                  <String HEIGHT="48" WIDTH="66" VPOS="534" HPOS="1876" CONTENT="et"/>
                  <SP HEIGHT="48" WIDTH="11" VPOS="534" HPOS="1942"/>
                  <String HEIGHT="48"
                          WIDTH="155"
                          VPOS="534"
                          HPOS="1909"
                          CONTENT="intellctum"/>
                  <SP HEIGHT="48" WIDTH="11" VPOS="534" HPOS="2063"/>
                  <String HEIGHT="48" WIDTH="66" VPOS="534" HPOS="2030" CONTENT="id"/>
                  <SP HEIGHT="48" WIDTH="11" VPOS="534" HPOS="2096"/>
                  <String HEIGHT="48" WIDTH="77" VPOS="534" HPOS="2063" CONTENT="est"/>
                  <SP HEIGHT="48" WIDTH="11" VPOS="534" HPOS="2141"/>
                  <String HEIGHT="48"
                          WIDTH="143"
                          VPOS="534"
                          HPOS="2108"
                          CONTENT="scientiam"/>
                  <SP HEIGHT="48" WIDTH="11" VPOS="534" HPOS="2251"/>
                  <String HEIGHT="48" WIDTH="44" VPOS="534" HPOS="2207" CONTENT="et"/>
               </TextLine>
               <TextLine ID="r4l19"
                         BASELINE="627"
                         HEIGHT="51"
                         WIDTH="926"
                         VPOS="576"
                         HPOS="1332">
                  <String HEIGHT="51"
                          WIDTH="114"
                          VPOS="576"
                          HPOS="1319"
                          CONTENT="omnem"/>
                  <SP HEIGHT="51" WIDTH="13" VPOS="576" HPOS="1433"/>
                  <String HEIGHT="51"
                          WIDTH="152"
                          VPOS="576"
                          HPOS="1395"
                          CONTENT="virtutem"/>
                  <SP HEIGHT="51" WIDTH="13" VPOS="576" HPOS="1548"/>
                  <String HEIGHT="51"
                          WIDTH="152"
                          VPOS="576"
                          HPOS="1510"
                          CONTENT="eligimus"/>
                  <SP HEIGHT="51" WIDTH="13" VPOS="576" HPOS="1662"/>
                  <String HEIGHT="51"
                          WIDTH="127"
                          VPOS="576"
                          HPOS="1624"
                          CONTENT="quidem"/>
                  <SP HEIGHT="51" WIDTH="13" VPOS="576" HPOS="1751"/>
                  <String HEIGHT="51" WIDTH="76" VPOS="576" HPOS="1713" CONTENT="et"/>
                  <SP HEIGHT="51" WIDTH="13" VPOS="576" HPOS="1789"/>
                  <String HEIGHT="51"
                          WIDTH="140"
                          VPOS="576"
                          HPOS="1751"
                          CONTENT="propter"/>
                  <SP HEIGHT="51" WIDTH="13" VPOS="576" HPOS="1890"/>
                  <String HEIGHT="51"
                          WIDTH="114"
                          VPOS="576"
                          HPOS="1852"
                          CONTENT="ipsa."/>
                  <SP HEIGHT="51" WIDTH="13" VPOS="576" HPOS="1966"/>
                  <String HEIGHT="51"
                          WIDTH="114"
                          VPOS="576"
                          HPOS="1928"
                          CONTENT="nullo"/>
                  <SP HEIGHT="51" WIDTH="13" VPOS="576" HPOS="2042"/>
                  <String HEIGHT="51"
                          WIDTH="101"
                          VPOS="576"
                          HPOS="2004"
                          CONTENT="enim"/>
                  <SP HEIGHT="51" WIDTH="13" VPOS="576" HPOS="2106"/>
                  <String HEIGHT="51"
                          WIDTH="178"
                          VPOS="576"
                          HPOS="2068"
                          CONTENT="adueniente"/>
                  <SP HEIGHT="51" WIDTH="13" VPOS="576" HPOS="2245"/>
                  <String HEIGHT="51" WIDTH="63" VPOS="576" HPOS="2195" CONTENT="eli"/>
               </TextLine>
               <TextLine ID="r4l21"
                         BASELINE="674"
                         HEIGHT="56"
                         WIDTH="918"
                         VPOS="618"
                         HPOS="1337">
                  <String HEIGHT="56"
                          WIDTH="155"
                          VPOS="618"
                          HPOS="1323"
                          CONTENT="geremus"/>
                  <SP HEIGHT="56" WIDTH="14" VPOS="618" HPOS="1478"/>
                  <String HEIGHT="56"
                          WIDTH="212"
                          VPOS="618"
                          HPOS="1436"
                          CONTENT="vnumquodque"/>
                  <SP HEIGHT="56" WIDTH="14" VPOS="618" HPOS="1648"/>
                  <String HEIGHT="56"
                          WIDTH="169"
                          VPOS="618"
                          HPOS="1605"
                          CONTENT="dictorum"/>
                  <SP HEIGHT="56" WIDTH="14" VPOS="618" HPOS="1775"/>
                  <String HEIGHT="56"
                          WIDTH="169"
                          VPOS="618"
                          HPOS="1732"
                          CONTENT="ipsorum."/>
                  <SP HEIGHT="56" WIDTH="14" VPOS="618" HPOS="1902"/>
                  <String HEIGHT="56"
                          WIDTH="169"
                          VPOS="618"
                          HPOS="1860"
                          CONTENT="eligimus"/>
                  <SP HEIGHT="56" WIDTH="14" VPOS="618" HPOS="2029"/>
                  <String HEIGHT="56"
                          WIDTH="127"
                          VPOS="618"
                          HPOS="1987"
                          CONTENT="autem"/>
                  <SP HEIGHT="56" WIDTH="14" VPOS="618" HPOS="2114"/>
                  <String HEIGHT="56" WIDTH="85" VPOS="618" HPOS="2071" CONTENT="et"/>
                  <SP HEIGHT="56" WIDTH="14" VPOS="618" HPOS="2156"/>
                  <String HEIGHT="56"
                          WIDTH="155"
                          VPOS="618"
                          HPOS="2100"
                          CONTENT="felicita"
                          SUBS_TYPE="HypPart1"
                          SUBS_CONTENT="felicitatis"/>
                  <HYP CONTENT="-"/>
               </TextLine>
               <TextLine ID="r4l23"
                         BASELINE="710"
                         HEIGHT="47"
                         WIDTH="909"
                         VPOS="663"
                         HPOS="1343">
                  <String HEIGHT="47"
                          WIDTH="92"
                          VPOS="663"
                          HPOS="1330"
                          CONTENT="tis"
                          SUBS_TYPE="HypPart2"
                          SUBS_CONTENT="felicitatis"/>
                  <SP HEIGHT="47" WIDTH="13" VPOS="663" HPOS="1422"/>
                  <String HEIGHT="47"
                          WIDTH="132"
                          VPOS="663"
                          HPOS="1383"
                          CONTENT="gratia"/>
                  <SP HEIGHT="47" WIDTH="13" VPOS="663" HPOS="1514"/>
                  <String HEIGHT="47" WIDTH="92" VPOS="663" HPOS="1475" CONTENT="per"/>
                  <SP HEIGHT="47" WIDTH="13" VPOS="663" HPOS="1567"/>
                  <String HEIGHT="47" WIDTH="92" VPOS="663" HPOS="1527" CONTENT="hoc"/>
                  <SP HEIGHT="47" WIDTH="13" VPOS="663" HPOS="1620"/>
                  <String HEIGHT="47"
                          WIDTH="198"
                          VPOS="663"
                          HPOS="1580"
                          CONTENT="suspicantes"/>
                  <SP HEIGHT="47" WIDTH="13" VPOS="663" HPOS="1778"/>
                  <String HEIGHT="47"
                          WIDTH="145"
                          VPOS="663"
                          HPOS="1738"
                          CONTENT="felices"/>
                  <SP HEIGHT="47" WIDTH="13" VPOS="663" HPOS="1883"/>
                  <String HEIGHT="47"
                          WIDTH="119"
                          VPOS="663"
                          HPOS="1844"
                          CONTENT="fore."/>
                  <SP HEIGHT="47" WIDTH="13" VPOS="663" HPOS="1962"/>
                  <String HEIGHT="47"
                          WIDTH="198"
                          VPOS="663"
                          HPOS="1923"
                          CONTENT="felicitatem"/>
                  <SP HEIGHT="47" WIDTH="13" VPOS="663" HPOS="2120"/>
                  <String HEIGHT="47"
                          WIDTH="119"
                          VPOS="663"
                          HPOS="2081"
                          CONTENT="autem"/>
                  <SP HEIGHT="47" WIDTH="13" VPOS="663" HPOS="2199"/>
                  <String HEIGHT="47"
                          WIDTH="105"
                          VPOS="663"
                          HPOS="2147"
                          CONTENT="nullus"/>
               </TextLine>
               <TextLine ID="r4l25"
                         BASELINE="761"
                         HEIGHT="54"
                         WIDTH="919"
                         VPOS="707"
                         HPOS="1334">
                  <String HEIGHT="54"
                          WIDTH="106"
                          VPOS="707"
                          HPOS="1323"
                          CONTENT="eligit"/>
                  <SP HEIGHT="54" WIDTH="11" VPOS="707" HPOS="1429"/>
                  <String HEIGHT="54"
                          WIDTH="95"
                          VPOS="707"
                          HPOS="1397"
                          CONTENT="horum"/>
                  <SP HEIGHT="54" WIDTH="11" VPOS="707" HPOS="1492"/>
                  <String HEIGHT="54"
                          WIDTH="116"
                          VPOS="707"
                          HPOS="1461"
                          CONTENT="gratia:"/>
                  <SP HEIGHT="54" WIDTH="11" VPOS="707" HPOS="1577"/>
                  <String HEIGHT="54"
                          WIDTH="95"
                          VPOS="707"
                          HPOS="1545"
                          CONTENT="neque"/>
                  <SP HEIGHT="54" WIDTH="11" VPOS="707" HPOS="1640"/>
                  <String HEIGHT="54"
                          WIDTH="106"
                          VPOS="707"
                          HPOS="1609"
                          CONTENT="omnino"/>
                  <SP HEIGHT="54" WIDTH="11" VPOS="707" HPOS="1714"/>
                  <String HEIGHT="54"
                          WIDTH="116"
                          VPOS="707"
                          HPOS="1683"
                          CONTENT="propter"/>
                  <SP HEIGHT="54" WIDTH="11" VPOS="707" HPOS="1799"/>
                  <String HEIGHT="54"
                          WIDTH="106"
                          VPOS="707"
                          HPOS="1767"
                          CONTENT="aliud."/>
                  <SP HEIGHT="54" WIDTH="11" VPOS="707" HPOS="1873"/>
                  <String HEIGHT="54" WIDTH="63" VPOS="707" HPOS="1841" CONTENT="Ex"/>
                  <SP HEIGHT="54" WIDTH="11" VPOS="707" HPOS="1904"/>
                  <String HEIGHT="54"
                          WIDTH="95"
                          VPOS="707"
                          HPOS="1873"
                          CONTENT="istis"/>
                  <SP HEIGHT="54" WIDTH="11" VPOS="707" HPOS="1968"/>
                  <String HEIGHT="54"
                          WIDTH="169"
                          VPOS="707"
                          HPOS="1936"
                          CONTENT="auctoritibus"/>
                  <SP HEIGHT="54" WIDTH="11" VPOS="707" HPOS="2105"/>
                  <String HEIGHT="54"
                          WIDTH="95"
                          VPOS="707"
                          HPOS="2073"
                          CONTENT="patet"/>
                  <SP HEIGHT="54" WIDTH="11" VPOS="707" HPOS="2168"/>
                  <String HEIGHT="54"
                          WIDTH="85"
                          VPOS="707"
                          HPOS="2137"
                          CONTENT="quod"/>
                  <SP HEIGHT="54" WIDTH="11" VPOS="707" HPOS="2221"/>
                  <String HEIGHT="54"
                          WIDTH="74"
                          VPOS="707"
                          HPOS="2179"
                          CONTENT="virtu"/>
               </TextLine>
               <TextLine ID="r4l27"
                         BASELINE="793"
                         HEIGHT="46"
                         WIDTH="921"
                         VPOS="747"
                         HPOS="1334">
                  <String HEIGHT="46" WIDTH="76" VPOS="747" HPOS="1323" CONTENT="tes"/>
                  <SP HEIGHT="46" WIDTH="11" VPOS="747" HPOS="1399"/>
                  <String HEIGHT="46"
                          WIDTH="87"
                          VPOS="747"
                          HPOS="1367"
                          CONTENT="sunt"/>
                  <SP HEIGHT="46" WIDTH="11" VPOS="747" HPOS="1453"/>
                  <String HEIGHT="46"
                          WIDTH="119"
                          VPOS="747"
                          HPOS="1421"
                          CONTENT="propter"/>
                  <SP HEIGHT="46" WIDTH="11" VPOS="747" HPOS="1540"/>
                  <String HEIGHT="46" WIDTH="65" VPOS="747" HPOS="1507" CONTENT="se"/>
                  <SP HEIGHT="46" WIDTH="11" VPOS="747" HPOS="1572"/>
                  <String HEIGHT="46"
                          WIDTH="163"
                          VPOS="747"
                          HPOS="1540"
                          CONTENT="perpendende"/>
                  <SP HEIGHT="46" WIDTH="11" VPOS="747" HPOS="1702"/>
                  <String HEIGHT="46" WIDTH="65" VPOS="747" HPOS="1670" CONTENT="et"/>
                  <SP HEIGHT="46" WIDTH="11" VPOS="747" HPOS="1735"/>
                  <String HEIGHT="46"
                          WIDTH="119"
                          VPOS="747"
                          HPOS="1702"
                          CONTENT="amande:"/>
                  <SP HEIGHT="46" WIDTH="11" VPOS="747" HPOS="1822"/>
                  <String HEIGHT="46" WIDTH="65" VPOS="747" HPOS="1789" CONTENT="et"/>
                  <SP HEIGHT="46" WIDTH="11" VPOS="747" HPOS="1854"/>
                  <String HEIGHT="46" WIDTH="76" VPOS="747" HPOS="1822" CONTENT="per"/>
                  <SP HEIGHT="46" WIDTH="11" VPOS="747" HPOS="1897"/>
                  <String HEIGHT="46"
                          WIDTH="152"
                          VPOS="747"
                          HPOS="1865"
                          CONTENT="consequens"/>
                  <SP HEIGHT="46" WIDTH="11" VPOS="747" HPOS="2017"/>
                  <String HEIGHT="46" WIDTH="76" VPOS="747" HPOS="1984" CONTENT="est"/>
                  <SP HEIGHT="46" WIDTH="11" VPOS="747" HPOS="2060"/>
                  <String HEIGHT="46" WIDTH="76" VPOS="747" HPOS="2027" CONTENT="eis"/>
                  <SP HEIGHT="46" WIDTH="11" VPOS="747" HPOS="2103"/>
                  <String HEIGHT="46"
                          WIDTH="130"
                          VPOS="747"
                          HPOS="2071"
                          CONTENT="fruendum"/>
                  <SP HEIGHT="46" WIDTH="11" VPOS="747" HPOS="2201"/>
                  <String HEIGHT="46" WIDTH="76" VPOS="747" HPOS="2168" CONTENT="sic"/>
                  <SP HEIGHT="46" WIDTH="11" VPOS="747" HPOS="2244"/>
                  <String HEIGHT="46"
                          WIDTH="54"
                          VPOS="747"
                          HPOS="2201"
                          CONTENT="lo"
                          SUBS_TYPE="HypPart1"
                          SUBS_CONTENT="loquendo"/>
                  <HYP CONTENT="-"/>
               </TextLine>
               <TextLine ID="r4l29"
                         BASELINE="849"
                         HEIGHT="57"
                         WIDTH="903"
                         VPOS="792"
                         HPOS="1341">
                  <String HEIGHT="57"
                          WIDTH="137"
                          VPOS="792"
                          HPOS="1327"
                          CONTENT="quendo"
                          SUBS_TYPE="HypPart2"
                          SUBS_CONTENT="loquendo"/>
                  <SP HEIGHT="57" WIDTH="14" VPOS="792" HPOS="1464"/>
                  <String HEIGHT="57" WIDTH="82" VPOS="792" HPOS="1423" CONTENT="de"/>
                  <SP HEIGHT="57" WIDTH="14" VPOS="792" HPOS="1505"/>
                  <String HEIGHT="57"
                          WIDTH="123"
                          VPOS="792"
                          HPOS="1464"
                          CONTENT="frui."/>
                  <SP HEIGHT="57" WIDTH="14" VPOS="792" HPOS="1587"/>
                  <String HEIGHT="57"
                          WIDTH="151"
                          VPOS="792"
                          HPOS="1546"
                          CONTENT="Quamuis"/>
                  <SP HEIGHT="57" WIDTH="14" VPOS="792" HPOS="1697"/>
                  <String HEIGHT="57"
                          WIDTH="151"
                          VPOS="792"
                          HPOS="1656"
                          CONTENT="vtraque"/>
                  <SP HEIGHT="57" WIDTH="14" VPOS="792" HPOS="1806"/>
                  <String HEIGHT="57"
                          WIDTH="233"
                          VPOS="792"
                          HPOS="1765"
                          CONTENT="praedicatarum"/>
                  <SP HEIGHT="57" WIDTH="14" VPOS="792" HPOS="1998"/>
                  <String HEIGHT="57"
                          WIDTH="178"
                          VPOS="792"
                          HPOS="1957"
                          CONTENT="opinionum"/>
                  <SP HEIGHT="57" WIDTH="14" VPOS="792" HPOS="2135"/>
                  <String HEIGHT="57"
                          WIDTH="164"
                          VPOS="792"
                          HPOS="2080"
                          CONTENT="sufficien"
                          SUBS_TYPE="HypPart1"
                          SUBS_CONTENT="sufficienter"/>
                  <HYP CONTENT="-"/>
               </TextLine>
               <TextLine ID="r4l31"
                         BASELINE="887"
                         HEIGHT="51"
                         WIDTH="908"
                         VPOS="836"
                         HPOS="1341">
                  <String HEIGHT="51"
                          WIDTH="79"
                          VPOS="836"
                          HPOS="1330"
                          CONTENT="ter"
                          SUBS_TYPE="HypPart2"
                          SUBS_CONTENT="sufficienter"/>
                  <SP HEIGHT="51" WIDTH="11" VPOS="836" HPOS="1409"/>
                  <String HEIGHT="51" WIDTH="68" VPOS="836" HPOS="1375" CONTENT="ex"/>
                  <SP HEIGHT="51" WIDTH="11" VPOS="836" HPOS="1443"/>
                  <String HEIGHT="51"
                          WIDTH="193"
                          VPOS="836"
                          HPOS="1409"
                          CONTENT="probationibus"/>
                  <SP HEIGHT="51" WIDTH="11" VPOS="836" HPOS="1602"/>
                  <String HEIGHT="51"
                          WIDTH="182"
                          VPOS="836"
                          HPOS="1568"
                          CONTENT="conclusionis"/>
                  <SP HEIGHT="51" WIDTH="11" VPOS="836" HPOS="1750"/>
                  <String HEIGHT="51"
                          WIDTH="148"
                          VPOS="836"
                          HPOS="1716"
                          CONTENT="praemisse"/>
                  <SP HEIGHT="51" WIDTH="11" VPOS="836" HPOS="1863"/>
                  <String HEIGHT="51"
                          WIDTH="182"
                          VPOS="836"
                          HPOS="1829"
                          CONTENT="improbentur."/>
                  <SP HEIGHT="51" WIDTH="11" VPOS="836" HPOS="2011"/>
                  <String HEIGHT="51"
                          WIDTH="102"
                          VPOS="836"
                          HPOS="1977"
                          CONTENT="Arguo"/>
                  <SP HEIGHT="51" WIDTH="11" VPOS="836" HPOS="2079"/>
                  <String HEIGHT="51"
                          WIDTH="102"
                          VPOS="836"
                          HPOS="2045"
                          CONTENT="tamen"/>
                  <SP HEIGHT="51" WIDTH="11" VPOS="836" HPOS="2147"/>
                  <String HEIGHT="51"
                          WIDTH="148"
                          VPOS="836"
                          HPOS="2101"
                          CONTENT="specialius."/>
               </TextLine>
               <TextLine ID="r4l33"
                         BASELINE="936"
                         HEIGHT="56"
                         WIDTH="915"
                         VPOS="880"
                         HPOS="1344">
                  <String HEIGHT="56" WIDTH="75" VPOS="880" HPOS="1329" CONTENT="⁋"/>
                  <SP HEIGHT="56" WIDTH="15" VPOS="880" HPOS="1404"/>
                  <String HEIGHT="56"
                          WIDTH="150"
                          VPOS="880"
                          HPOS="1359"
                          CONTENT="Contra"/>
                  <SP HEIGHT="56" WIDTH="15" VPOS="880" HPOS="1509"/>
                  <String HEIGHT="56"
                          WIDTH="165"
                          VPOS="880"
                          HPOS="1464"
                          CONTENT="primam."/>
                  <SP HEIGHT="56" WIDTH="15" VPOS="880" HPOS="1629"/>
                  <String HEIGHT="56"
                          WIDTH="120"
                          VPOS="880"
                          HPOS="1584"
                          CONTENT="Deus"/>
                  <SP HEIGHT="56" WIDTH="15" VPOS="880" HPOS="1704"/>
                  <String HEIGHT="56"
                          WIDTH="105"
                          VPOS="880"
                          HPOS="1659"
                          CONTENT="est"/>
                  <SP HEIGHT="56" WIDTH="15" VPOS="880" HPOS="1764"/>
                  <String HEIGHT="56"
                          WIDTH="210"
                          VPOS="880"
                          HPOS="1719"
                          CONTENT="diligendus"/>
                  <SP HEIGHT="56" WIDTH="15" VPOS="880" HPOS="1929"/>
                  <String HEIGHT="56" WIDTH="75" VPOS="880" HPOS="1884" CONTENT="a"/>
                  <SP HEIGHT="56" WIDTH="15" VPOS="880" HPOS="1959"/>
                  <String HEIGHT="56"
                          WIDTH="150"
                          VPOS="880"
                          HPOS="1914"
                          CONTENT="nobis:"/>
                  <SP HEIGHT="56" WIDTH="15" VPOS="880" HPOS="2064"/>
                  <String HEIGHT="56"
                          WIDTH="105"
                          VPOS="880"
                          HPOS="2019"
                          CONTENT="nec"/>
                  <SP HEIGHT="56" WIDTH="15" VPOS="880" HPOS="2124"/>
                  <String HEIGHT="56" WIDTH="90" VPOS="880" HPOS="2079" CONTENT="eo"/>
                  <SP HEIGHT="56" WIDTH="15" VPOS="880" HPOS="2169"/>
                  <String HEIGHT="56"
                          WIDTH="105"
                          VPOS="880"
                          HPOS="2124"
                          CONTENT="vti"/>
                  <SP HEIGHT="56" WIDTH="15" VPOS="880" HPOS="2229"/>
                  <String HEIGHT="56"
                          WIDTH="90"
                          VPOS="880"
                          HPOS="2169"
                          CONTENT="debe"/>
               </TextLine>
               <TextLine ID="line_1596404807837_305"
                         BASELINE="966"
                         HEIGHT="39"
                         WIDTH="934"
                         VPOS="927"
                         HPOS="1334">
                  <String HEIGHT="39"
                          WIDTH="98"
                          VPOS="927"
                          HPOS="1322"
                          CONTENT="mus."/>
                  <SP HEIGHT="39" WIDTH="12" VPOS="927" HPOS="1420"/>
                  <String HEIGHT="39"
                          WIDTH="123"
                          VPOS="927"
                          HPOS="1383"
                          CONTENT="igitur"/>
                  <SP HEIGHT="39" WIDTH="12" VPOS="927" HPOS="1506"/>
                  <String HEIGHT="39" WIDTH="86" VPOS="927" HPOS="1469" CONTENT="deo"/>
                  <SP HEIGHT="39" WIDTH="12" VPOS="927" HPOS="1555"/>
                  <String HEIGHT="39" WIDTH="86" VPOS="927" HPOS="1518" CONTENT="est"/>
                  <SP HEIGHT="39" WIDTH="12" VPOS="927" HPOS="1604"/>
                  <String HEIGHT="39"
                          WIDTH="160"
                          VPOS="927"
                          HPOS="1567"
                          CONTENT="fruendum."/>
                  <SP HEIGHT="39" WIDTH="12" VPOS="927" HPOS="1727"/>
                  <String HEIGHT="39"
                          WIDTH="197"
                          VPOS="927"
                          HPOS="1690"
                          CONTENT="consequentia"/>
                  <SP HEIGHT="39" WIDTH="12" VPOS="927" HPOS="1887"/>
                  <String HEIGHT="39"
                          WIDTH="123"
                          VPOS="927"
                          HPOS="1850"
                          CONTENT="patet."/>
                  <SP HEIGHT="39" WIDTH="12" VPOS="927" HPOS="1973"/>
                  <String HEIGHT="39"
                          WIDTH="98"
                          VPOS="927"
                          HPOS="1936"
                          CONTENT="quia"/>
                  <SP HEIGHT="39" WIDTH="12" VPOS="927" HPOS="2035"/>
                  <String HEIGHT="39" WIDTH="74" VPOS="927" HPOS="1998" CONTENT="vt"/>
                  <SP HEIGHT="39" WIDTH="12" VPOS="927" HPOS="2071"/>
                  <String HEIGHT="39" WIDTH="86" VPOS="927" HPOS="2035" CONTENT="est"/>
                  <SP HEIGHT="39" WIDTH="12" VPOS="927" HPOS="2121"/>
                  <String HEIGHT="39"
                          WIDTH="147"
                          VPOS="927"
                          HPOS="2084"
                          CONTENT="probatum"/>
                  <SP HEIGHT="39" WIDTH="12" VPOS="927" HPOS="2231"/>
                  <String HEIGHT="39" WIDTH="74" VPOS="927" HPOS="2194" CONTENT="in"/>
                  <SP HEIGHT="39" WIDTH="12" VPOS="927" HPOS="2268"/>
                  <String HEIGHT="39" WIDTH="49" VPOS="927" HPOS="2219" CONTENT="q."/>
               </TextLine>
               <TextLine ID="line_1596404807838_307"
                         BASELINE="1019"
                         HEIGHT="48"
                         WIDTH="944"
                         VPOS="971"
                         HPOS="1325">
                  <String HEIGHT="48"
                          WIDTH="99"
                          VPOS="971"
                          HPOS="1314"
                          CONTENT="prima"/>
                  <SP HEIGHT="48" WIDTH="11" VPOS="971" HPOS="1413"/>
                  <String HEIGHT="48"
                          WIDTH="110"
                          VPOS="971"
                          HPOS="1380"
                          CONTENT="huius."/>
                  <SP HEIGHT="48" WIDTH="11" VPOS="971" HPOS="1490"/>
                  <String HEIGHT="48"
                          WIDTH="187"
                          VPOS="971"
                          HPOS="1457"
                          CONTENT="distinctionis"/>
                  <SP HEIGHT="48" WIDTH="11" VPOS="971" HPOS="1643"/>
                  <String HEIGHT="48"
                          WIDTH="99"
                          VPOS="971"
                          HPOS="1610"
                          CONTENT="arti."/>
                  <SP HEIGHT="48" WIDTH="11" VPOS="971" HPOS="1709"/>
                  <String HEIGHT="48"
                          WIDTH="99"
                          VPOS="971"
                          HPOS="1676"
                          CONTENT="primo"/>
                  <SP HEIGHT="48" WIDTH="11" VPOS="971" HPOS="1775"/>
                  <String HEIGHT="48"
                          WIDTH="99"
                          VPOS="971"
                          HPOS="1742"
                          CONTENT="nulla"/>
                  <SP HEIGHT="48" WIDTH="11" VPOS="971" HPOS="1841"/>
                  <String HEIGHT="48"
                          WIDTH="121"
                          VPOS="971"
                          HPOS="1808"
                          CONTENT="volitio"/>
                  <SP HEIGHT="48" WIDTH="11" VPOS="971" HPOS="1929"/>
                  <String HEIGHT="48"
                          WIDTH="88"
                          VPOS="971"
                          HPOS="1896"
                          CONTENT="esse"/>
                  <SP HEIGHT="48" WIDTH="11" VPOS="971" HPOS="1984"/>
                  <String HEIGHT="48"
                          WIDTH="110"
                          VPOS="971"
                          HPOS="1951"
                          CONTENT="potest"/>
                  <SP HEIGHT="48" WIDTH="11" VPOS="971" HPOS="2060"/>
                  <String HEIGHT="48" WIDTH="77" VPOS="971" HPOS="2028" CONTENT="que"/>
                  <SP HEIGHT="48" WIDTH="11" VPOS="971" HPOS="2104"/>
                  <String HEIGHT="48" WIDTH="77" VPOS="971" HPOS="2071" CONTENT="non"/>
                  <SP HEIGHT="48" WIDTH="11" VPOS="971" HPOS="2148"/>
                  <String HEIGHT="48" WIDTH="77" VPOS="971" HPOS="2115" CONTENT="sit"/>
                  <SP HEIGHT="48" WIDTH="11" VPOS="971" HPOS="2192"/>
                  <String HEIGHT="48"
                          WIDTH="88"
                          VPOS="971"
                          HPOS="2159"
                          CONTENT="vsus"/>
                  <SP HEIGHT="48" WIDTH="11" VPOS="971" HPOS="2247"/>
                  <String HEIGHT="48" WIDTH="77" VPOS="971" HPOS="2214" CONTENT="vel"/>
                  <SP HEIGHT="48" WIDTH="11" VPOS="971" HPOS="2291"/>
                  <String HEIGHT="48" WIDTH="22" VPOS="971" HPOS="2247" CONTENT=""/>
               </TextLine>
               <TextLine ID="r4l40"
                         BASELINE="1064"
                         HEIGHT="51"
                         WIDTH="916"
                         VPOS="1013"
                         HPOS="1337">
                  <String HEIGHT="51"
                          WIDTH="149"
                          VPOS="1013"
                          HPOS="1325"
                          CONTENT="fruitio."/>
                  <SP HEIGHT="51" WIDTH="12" VPOS="1013" HPOS="1473"/>
                  <String HEIGHT="51"
                          WIDTH="173"
                          VPOS="1013"
                          HPOS="1436"
                          CONTENT="Antecedens"/>
                  <SP HEIGHT="51" WIDTH="12" VPOS="1013" HPOS="1609"/>
                  <String HEIGHT="51"
                          WIDTH="87"
                          VPOS="1013"
                          HPOS="1572"
                          CONTENT="quo"/>
                  <SP HEIGHT="51" WIDTH="12" VPOS="1013" HPOS="1659"/>
                  <String HEIGHT="51" WIDTH="74" VPOS="1013" HPOS="1622" CONTENT="ad"/>
                  <SP HEIGHT="51" WIDTH="12" VPOS="1013" HPOS="1696"/>
                  <String HEIGHT="51"
                          WIDTH="124"
                          VPOS="1013"
                          HPOS="1659"
                          CONTENT="primam"/>
                  <SP HEIGHT="51" WIDTH="12" VPOS="1013" HPOS="1783"/>
                  <String HEIGHT="51"
                          WIDTH="124"
                          VPOS="1013"
                          HPOS="1745"
                          CONTENT="partem"/>
                  <SP HEIGHT="51" WIDTH="12" VPOS="1013" HPOS="1869"/>
                  <String HEIGHT="51"
                          WIDTH="111"
                          VPOS="1013"
                          HPOS="1832"
                          CONTENT="notum"/>
                  <SP HEIGHT="51" WIDTH="12" VPOS="1013" HPOS="1944"/>
                  <String HEIGHT="51"
                          WIDTH="87"
                          VPOS="1013"
                          HPOS="1906"
                          CONTENT="est"/>
                  <SP HEIGHT="51" WIDTH="12" VPOS="1013" HPOS="1993"/>
                  <String HEIGHT="51" WIDTH="74" VPOS="1013" HPOS="1956" CONTENT="et"/>
                  <SP HEIGHT="51" WIDTH="12" VPOS="1013" HPOS="2030"/>
                  <String HEIGHT="51"
                          WIDTH="149"
                          VPOS="1013"
                          HPOS="1993"
                          CONTENT="cuilibet"/>
                  <SP HEIGHT="51" WIDTH="12" VPOS="1013" HPOS="2142"/>
                  <String HEIGHT="51"
                          WIDTH="161"
                          VPOS="1013"
                          HPOS="2092"
                          CONTENT="christiano:"/>
               </TextLine>
               <TextLine ID="r4l42"
                         BASELINE="1102"
                         HEIGHT="49"
                         WIDTH="906"
                         VPOS="1053"
                         HPOS="1334">
                  <String HEIGHT="49"
                          WIDTH="92"
                          VPOS="1053"
                          HPOS="1321"
                          CONTENT="quo"/>
                  <SP HEIGHT="49" WIDTH="13" VPOS="1053" HPOS="1413"/>
                  <String HEIGHT="49" WIDTH="79" VPOS="1053" HPOS="1373" CONTENT="ad"/>
                  <SP HEIGHT="49" WIDTH="13" VPOS="1053" HPOS="1452"/>
                  <String HEIGHT="49"
                          WIDTH="92"
                          VPOS="1053"
                          HPOS="1413"
                          CONTENT="2am"/>
                  <SP HEIGHT="49" WIDTH="13" VPOS="1053" HPOS="1505"/>
                  <String HEIGHT="49"
                          WIDTH="105"
                          VPOS="1053"
                          HPOS="1465"
                          CONTENT="vero"/>
                  <SP HEIGHT="49" WIDTH="13" VPOS="1053" HPOS="1570"/>
                  <String HEIGHT="49"
                          WIDTH="171"
                          VPOS="1053"
                          HPOS="1531"
                          CONTENT="probatur."/>
                  <SP HEIGHT="49" WIDTH="13" VPOS="1053" HPOS="1702"/>
                  <String HEIGHT="49"
                          WIDTH="92"
                          VPOS="1053"
                          HPOS="1662"
                          CONTENT="tum"/>
                  <SP HEIGHT="49" WIDTH="13" VPOS="1053" HPOS="1754"/>
                  <String HEIGHT="49"
                          WIDTH="105"
                          VPOS="1053"
                          HPOS="1715"
                          CONTENT="quia"/>
                  <SP HEIGHT="49" WIDTH="13" VPOS="1053" HPOS="1820"/>
                  <String HEIGHT="49"
                          WIDTH="105"
                          VPOS="1053"
                          HPOS="1780"
                          CONTENT="deus"/>
                  <SP HEIGHT="49" WIDTH="13" VPOS="1053" HPOS="1885"/>
                  <String HEIGHT="49" WIDTH="79" VPOS="1053" HPOS="1846" CONTENT="ad"/>
                  <SP HEIGHT="49" WIDTH="13" VPOS="1053" HPOS="1925"/>
                  <String HEIGHT="49"
                          WIDTH="118"
                          VPOS="1053"
                          HPOS="1885"
                          CONTENT="nihil"/>
                  <SP HEIGHT="49" WIDTH="13" VPOS="1053" HPOS="2004"/>
                  <String HEIGHT="49"
                          WIDTH="118"
                          VPOS="1053"
                          HPOS="1964"
                          CONTENT="aliud"/>
                  <SP HEIGHT="49" WIDTH="13" VPOS="1053" HPOS="2082"/>
                  <String HEIGHT="49"
                          WIDTH="92"
                          VPOS="1053"
                          HPOS="2043"
                          CONTENT="est"/>
                  <SP HEIGHT="49" WIDTH="13" VPOS="1053" HPOS="2135"/>
                  <String HEIGHT="49"
                          WIDTH="158"
                          VPOS="1053"
                          HPOS="2082"
                          CONTENT="referendus"/>
               </TextLine>
               <TextLine ID="line_1596404807839_309"
                         BASELINE="1145"
                         HEIGHT="45"
                         WIDTH="929"
                         VPOS="1100"
                         HPOS="1338">
                  <String HEIGHT="45"
                          WIDTH="110"
                          VPOS="1100"
                          HPOS="1326"
                          CONTENT="alias"/>
                  <SP HEIGHT="45" WIDTH="12" VPOS="1100" HPOS="1436"/>
                  <String HEIGHT="45"
                          WIDTH="134"
                          VPOS="1100"
                          HPOS="1399"
                          CONTENT="aliquid"/>
                  <SP HEIGHT="45" WIDTH="12" VPOS="1100" HPOS="1534"/>
                  <String HEIGHT="45"
                          WIDTH="110"
                          VPOS="1100"
                          HPOS="1497"
                          CONTENT="esset"/>
                  <SP HEIGHT="45" WIDTH="12" VPOS="1100" HPOS="1607"/>
                  <String HEIGHT="45"
                          WIDTH="86"
                          VPOS="1100"
                          HPOS="1570"
                          CONTENT="deo"/>
                  <SP HEIGHT="45" WIDTH="12" VPOS="1100" HPOS="1656"/>
                  <String HEIGHT="45"
                          WIDTH="134"
                          VPOS="1100"
                          HPOS="1619"
                          CONTENT="melius:"/>
                  <SP HEIGHT="45" WIDTH="12" VPOS="1100" HPOS="1754"/>
                  <String HEIGHT="45"
                          WIDTH="110"
                          VPOS="1100"
                          HPOS="1717"
                          CONTENT="sicut"/>
                  <SP HEIGHT="45" WIDTH="12" VPOS="1100" HPOS="1827"/>
                  <String HEIGHT="45"
                          WIDTH="134"
                          VPOS="1100"
                          HPOS="1790"
                          CONTENT="arguit."/>
                  <SP HEIGHT="45" WIDTH="12" VPOS="1100" HPOS="1925"/>
                  <String HEIGHT="45"
                          WIDTH="86"
                          VPOS="1100"
                          HPOS="1888"
                          CONTENT="83."/>
                  <SP HEIGHT="45" WIDTH="12" VPOS="1100" HPOS="1974"/>
                  <String HEIGHT="45" WIDTH="73" VPOS="1100" HPOS="1937" CONTENT="q."/>
                  <SP HEIGHT="45" WIDTH="12" VPOS="1100" HPOS="2010"/>
                  <String HEIGHT="45"
                          WIDTH="110"
                          VPOS="1100"
                          HPOS="1974"
                          CONTENT="sicut"/>
                  <SP HEIGHT="45" WIDTH="12" VPOS="1100" HPOS="2084"/>
                  <String HEIGHT="45"
                          WIDTH="159"
                          VPOS="1100"
                          HPOS="2047"
                          CONTENT="allegatum"/>
                  <SP HEIGHT="45" WIDTH="12" VPOS="1100" HPOS="2206"/>
                  <String HEIGHT="45"
                          WIDTH="98"
                          VPOS="1100"
                          HPOS="2169"
                          CONTENT="est."/>
                  <SP HEIGHT="45" WIDTH="12" VPOS="1100" HPOS="2267"/>
                  <String HEIGHT="45" WIDTH="49" VPOS="1100" HPOS="2218" CONTENT="et"/>
               </TextLine>
               <TextLine ID="r4l46"
                         BASELINE="1191"
                         HEIGHT="49"
                         WIDTH="908"
                         VPOS="1142"
                         HPOS="1329">
                  <String HEIGHT="49"
                          WIDTH="86"
                          VPOS="1142"
                          HPOS="1317"
                          CONTENT="tum"/>
                  <SP HEIGHT="49" WIDTH="12" VPOS="1142" HPOS="1403"/>
                  <String HEIGHT="49"
                          WIDTH="98"
                          VPOS="1142"
                          HPOS="1366"
                          CONTENT="quia"/>
                  <SP HEIGHT="49" WIDTH="12" VPOS="1142" HPOS="1464"/>
                  <String HEIGHT="49"
                          WIDTH="98"
                          VPOS="1142"
                          HPOS="1427"
                          CONTENT="deus"/>
                  <SP HEIGHT="49" WIDTH="12" VPOS="1142" HPOS="1525"/>
                  <String HEIGHT="49"
                          WIDTH="86"
                          VPOS="1142"
                          HPOS="1489"
                          CONTENT="pre"/>
                  <SP HEIGHT="49" WIDTH="12" VPOS="1142" HPOS="1574"/>
                  <String HEIGHT="49"
                          WIDTH="135"
                          VPOS="1142"
                          HPOS="1538"
                          CONTENT="omnibus"/>
                  <SP HEIGHT="49" WIDTH="12" VPOS="1142" HPOS="1673"/>
                  <String HEIGHT="49"
                          WIDTH="110"
                          VPOS="1142"
                          HPOS="1636"
                          CONTENT="aliis"/>
                  <SP HEIGHT="49" WIDTH="12" VPOS="1142" HPOS="1746"/>
                  <String HEIGHT="49"
                          WIDTH="86"
                          VPOS="1142"
                          HPOS="1709"
                          CONTENT="est"/>
                  <SP HEIGHT="49" WIDTH="12" VPOS="1142" HPOS="1795"/>
                  <String HEIGHT="49"
                          WIDTH="184"
                          VPOS="1142"
                          HPOS="1758"
                          CONTENT="diligendus:"/>
                  <SP HEIGHT="49" WIDTH="12" VPOS="1142" HPOS="1943"/>
                  <String HEIGHT="49" WIDTH="74" VPOS="1142" HPOS="1906" CONTENT="et"/>
                  <SP HEIGHT="49" WIDTH="12" VPOS="1142" HPOS="1979"/>
                  <String HEIGHT="49"
                          WIDTH="86"
                          VPOS="1142"
                          HPOS="1943"
                          CONTENT="per"/>
                  <SP HEIGHT="49" WIDTH="12" VPOS="1142" HPOS="2028"/>
                  <String HEIGHT="49"
                          WIDTH="172"
                          VPOS="1142"
                          HPOS="1992"
                          CONTENT="consequens"/>
                  <SP HEIGHT="49" WIDTH="12" VPOS="1142" HPOS="2163"/>
                  <String HEIGHT="49"
                          WIDTH="86"
                          VPOS="1142"
                          HPOS="2127"
                          CONTENT="non"/>
                  <SP HEIGHT="49" WIDTH="12" VPOS="1142" HPOS="2212"/>
                  <String HEIGHT="49"
                          WIDTH="74"
                          VPOS="1142"
                          HPOS="2163"
                          CONTENT="pro"
                          SUBS_TYPE="HypPart1"
                          SUBS_CONTENT="propter"/>
                  <HYP CONTENT="-"/>
               </TextLine>
               <TextLine ID="r4l48"
                         BASELINE="1238"
                         HEIGHT="50"
                         WIDTH="924"
                         VPOS="1188"
                         HPOS="1325">
                  <String HEIGHT="50"
                          WIDTH="112"
                          VPOS="1188"
                          HPOS="1311"
                          CONTENT="pter"
                          SUBS_TYPE="HypPart2"
                          SUBS_CONTENT="propter"/>
                  <SP HEIGHT="50" WIDTH="14" VPOS="1188" HPOS="1423"/>
                  <String HEIGHT="50"
                          WIDTH="126"
                          VPOS="1188"
                          HPOS="1381"
                          CONTENT="aliud"/>
                  <SP HEIGHT="50" WIDTH="14" VPOS="1188" HPOS="1507"/>
                  <String HEIGHT="50"
                          WIDTH="182"
                          VPOS="1188"
                          HPOS="1465"
                          CONTENT="finaliter"/>
                  <SP HEIGHT="50" WIDTH="14" VPOS="1188" HPOS="1647"/>
                  <String HEIGHT="50"
                          WIDTH="210"
                          VPOS="1188"
                          HPOS="1605"
                          CONTENT="diligendus."/>
                  <SP HEIGHT="50" WIDTH="14" VPOS="1188" HPOS="1815"/>
                  <String HEIGHT="50"
                          WIDTH="98"
                          VPOS="1188"
                          HPOS="1773"
                          CONTENT="nam"/>
                  <SP HEIGHT="50" WIDTH="14" VPOS="1188" HPOS="1871"/>
                  <String HEIGHT="50"
                          WIDTH="154"
                          VPOS="1188"
                          HPOS="1829"
                          CONTENT="propter"/>
                  <SP HEIGHT="50" WIDTH="14" VPOS="1188" HPOS="1983"/>
                  <String HEIGHT="50"
                          WIDTH="112"
                          VPOS="1188"
                          HPOS="1941"
                          CONTENT="quod"/>
                  <SP HEIGHT="50" WIDTH="14" VPOS="1188" HPOS="2053"/>
                  <String HEIGHT="50"
                          WIDTH="140"
                          VPOS="1188"
                          HPOS="2011"
                          CONTENT="amamus"/>
                  <SP HEIGHT="50" WIDTH="14" VPOS="1188" HPOS="2151"/>
                  <String HEIGHT="50"
                          WIDTH="126"
                          VPOS="1188"
                          HPOS="2109"
                          CONTENT="illud"/>
                  <SP HEIGHT="50" WIDTH="14" VPOS="1188" HPOS="2235"/>
                  <String HEIGHT="50"
                          WIDTH="70"
                          VPOS="1188"
                          HPOS="2179"
                          CONTENT="ma"
                          SUBS_TYPE="HypPart1"
                          SUBS_CONTENT="magis"/>
                  <HYP CONTENT="-"/>
               </TextLine>
               <TextLine ID="line_1596404807840_311"
                         BASELINE="1281"
                         HEIGHT="51"
                         WIDTH="927"
                         VPOS="1230"
                         HPOS="1338">
                  <String HEIGHT="51"
                          WIDTH="85"
                          VPOS="1230"
                          HPOS="1326"
                          CONTENT="gis"
                          SUBS_TYPE="HypPart2"
                          SUBS_CONTENT="magis"/>
                  <SP HEIGHT="51" WIDTH="12" VPOS="1230" HPOS="1411"/>
                  <String HEIGHT="51"
                          WIDTH="122"
                          VPOS="1230"
                          HPOS="1375"
                          CONTENT="amatum"/>
                  <SP HEIGHT="51" WIDTH="12" VPOS="1230" HPOS="1497"/>
                  <String HEIGHT="51"
                          WIDTH="98"
                          VPOS="1230"
                          HPOS="1460"
                          CONTENT="est:"/>
                  <SP HEIGHT="51" WIDTH="12" VPOS="1230" HPOS="1558"/>
                  <String HEIGHT="51" WIDTH="73" VPOS="1230" HPOS="1521" CONTENT="vt"/>
                  <SP HEIGHT="51" WIDTH="12" VPOS="1230" HPOS="1594"/>
                  <String HEIGHT="51"
                          WIDTH="110"
                          VPOS="1230"
                          HPOS="1558"
                          CONTENT="dicit"/>
                  <SP HEIGHT="51" WIDTH="12" VPOS="1230" HPOS="1667"/>
                  <String HEIGHT="51"
                          WIDTH="110"
                          VPOS="1230"
                          HPOS="1631"
                          CONTENT="primo"/>
                  <SP HEIGHT="51" WIDTH="12" VPOS="1230" HPOS="1741"/>
                  <String HEIGHT="51"
                          WIDTH="122"
                          VPOS="1230"
                          HPOS="1704"
                          CONTENT="poste."/>
                  <SP HEIGHT="51" WIDTH="12" VPOS="1230" HPOS="1826"/>
                  <String HEIGHT="51"
                          WIDTH="85"
                          VPOS="1230"
                          HPOS="1789"
                          CONTENT="tum"/>
                  <SP HEIGHT="51" WIDTH="12" VPOS="1230" HPOS="1875"/>
                  <String HEIGHT="51"
                          WIDTH="98"
                          VPOS="1230"
                          HPOS="1838"
                          CONTENT="quia"/>
                  <SP HEIGHT="51" WIDTH="12" VPOS="1230" HPOS="1936"/>
                  <String HEIGHT="51"
                          WIDTH="85"
                          VPOS="1230"
                          HPOS="1899"
                          CONTENT="per"/>
                  <SP HEIGHT="51" WIDTH="12" VPOS="1230" HPOS="1984"/>
                  <String HEIGHT="51" WIDTH="73" VPOS="1230" HPOS="1948" CONTENT="de"/>
                  <SP HEIGHT="51" WIDTH="12" VPOS="1230" HPOS="2021"/>
                  <String HEIGHT="51"
                          WIDTH="134"
                          VPOS="1230"
                          HPOS="1984"
                          CONTENT="doctri."/>
                  <SP HEIGHT="51" WIDTH="12" VPOS="1230" HPOS="2119"/>
                  <String HEIGHT="51"
                          WIDTH="183"
                          VPOS="1230"
                          HPOS="2082"
                          CONTENT="christiana."/>
                  <SP HEIGHT="51" WIDTH="12" VPOS="1230" HPOS="2265"/>
                  <String HEIGHT="51" WIDTH="49" VPOS="1230" HPOS="2216" CONTENT="et"/>
               </TextLine>
               <TextLine ID="r4l52"
                         BASELINE="1329"
                         HEIGHT="50"
                         WIDTH="904"
                         VPOS="1279"
                         HPOS="1339">
                  <String HEIGHT="50"
                          WIDTH="187"
                          VPOS="1279"
                          HPOS="1323"
                          CONTENT="expresse"/>
                  <SP HEIGHT="50" WIDTH="16" VPOS="1279" HPOS="1510"/>
                  <String HEIGHT="50"
                          WIDTH="140"
                          VPOS="1279"
                          HPOS="1464"
                          CONTENT="dicit"/>
                  <SP HEIGHT="50" WIDTH="16" VPOS="1279" HPOS="1604"/>
                  <String HEIGHT="50"
                          WIDTH="125"
                          VPOS="1279"
                          HPOS="1557"
                          CONTENT="Aug."/>
                  <SP HEIGHT="50" WIDTH="16" VPOS="1279" HPOS="1682"/>
                  <String HEIGHT="50"
                          WIDTH="125"
                          VPOS="1279"
                          HPOS="1635"
                          CONTENT="homo"/>
                  <SP HEIGHT="50" WIDTH="16" VPOS="1279" HPOS="1760"/>
                  <String HEIGHT="50"
                          WIDTH="218"
                          VPOS="1279"
                          HPOS="1713"
                          CONTENT="diligendus"/>
                  <SP HEIGHT="50" WIDTH="16" VPOS="1279" HPOS="1931"/>
                  <String HEIGHT="50"
                          WIDTH="109"
                          VPOS="1279"
                          HPOS="1885"
                          CONTENT="est"/>
                  <SP HEIGHT="50" WIDTH="16" VPOS="1279" HPOS="1994"/>
                  <String HEIGHT="50"
                          WIDTH="171"
                          VPOS="1279"
                          HPOS="1947"
                          CONTENT="propter"/>
                  <SP HEIGHT="50" WIDTH="16" VPOS="1279" HPOS="2118"/>
                  <String HEIGHT="50"
                          WIDTH="140"
                          VPOS="1279"
                          HPOS="2072"
                          CONTENT="deum:"/>
                  <SP HEIGHT="50" WIDTH="16" VPOS="1279" HPOS="2212"/>
                  <String HEIGHT="50"
                          WIDTH="94"
                          VPOS="1279"
                          HPOS="2149"
                          CONTENT="deus"/>
               </TextLine>
               <TextLine ID="r4l54"
                         BASELINE="1376"
                         HEIGHT="60"
                         WIDTH="910"
                         VPOS="1316"
                         HPOS="1339">
                  <String HEIGHT="60"
                          WIDTH="107"
                          VPOS="1316"
                          HPOS="1326"
                          CONTENT="vero"/>
                  <SP HEIGHT="60" WIDTH="13" VPOS="1316" HPOS="1433"/>
                  <String HEIGHT="60"
                          WIDTH="147"
                          VPOS="1316"
                          HPOS="1393"
                          CONTENT="propter"/>
                  <SP HEIGHT="60" WIDTH="13" VPOS="1316" HPOS="1540"/>
                  <String HEIGHT="60"
                          WIDTH="161"
                          VPOS="1316"
                          HPOS="1500"
                          CONTENT="seipsum."/>
                  <SP HEIGHT="60" WIDTH="13" VPOS="1316" HPOS="1660"/>
                  <String HEIGHT="60"
                          WIDTH="134"
                          VPOS="1316"
                          HPOS="1620"
                          CONTENT="igitur"/>
                  <SP HEIGHT="60" WIDTH="13" VPOS="1316" HPOS="1754"/>
                  <String HEIGHT="60" WIDTH="80" VPOS="1316" HPOS="1714" CONTENT="eo"/>
                  <SP HEIGHT="60" WIDTH="13" VPOS="1316" HPOS="1794"/>
                  <String HEIGHT="60"
                          WIDTH="94"
                          VPOS="1316"
                          HPOS="1754"
                          CONTENT="non"/>
                  <SP HEIGHT="60" WIDTH="13" VPOS="1316" HPOS="1848"/>
                  <String HEIGHT="60"
                          WIDTH="94"
                          VPOS="1316"
                          HPOS="1807"
                          CONTENT="est"/>
                  <SP HEIGHT="60" WIDTH="13" VPOS="1316" HPOS="1901"/>
                  <String HEIGHT="60"
                          WIDTH="161"
                          VPOS="1316"
                          HPOS="1861"
                          CONTENT="vtendum."/>
                  <SP HEIGHT="60" WIDTH="13" VPOS="1316" HPOS="2022"/>
                  <String HEIGHT="60" WIDTH="80" VPOS="1316" HPOS="1981" CONTENT="Et"/>
                  <SP HEIGHT="60" WIDTH="13" VPOS="1316" HPOS="2062"/>
                  <String HEIGHT="60"
                          WIDTH="161"
                          VPOS="1316"
                          HPOS="2022"
                          CONTENT="sequitur"/>
                  <SP HEIGHT="60" WIDTH="13" VPOS="1316" HPOS="2182"/>
                  <String HEIGHT="60"
                          WIDTH="107"
                          VPOS="1316"
                          HPOS="2142"
                          CONTENT="vnum"/>
                  <SP HEIGHT="60" WIDTH="13" VPOS="1316" HPOS="2249"/>
                  <String HEIGHT="60" WIDTH="54" VPOS="1316" HPOS="2195" CONTENT="ex"/>
               </TextLine>
               <TextLine ID="r4l56"
                         BASELINE="1416"
                         HEIGHT="51"
                         WIDTH="918"
                         VPOS="1365"
                         HPOS="1332">
                  <String HEIGHT="51"
                          WIDTH="81"
                          VPOS="1365"
                          HPOS="1320"
                          CONTENT="quo"/>
                  <SP HEIGHT="51" WIDTH="12" VPOS="1365" HPOS="1402"/>
                  <String HEIGHT="51"
                          WIDTH="139"
                          VPOS="1365"
                          HPOS="1367"
                          CONTENT="probatur"/>
                  <SP HEIGHT="51" WIDTH="12" VPOS="1365" HPOS="1506"/>
                  <String HEIGHT="51"
                          WIDTH="186"
                          VPOS="1365"
                          HPOS="1471"
                          CONTENT="consequentia"/>
                  <SP HEIGHT="51" WIDTH="12" VPOS="1365" HPOS="1657"/>
                  <String HEIGHT="51"
                          WIDTH="128"
                          VPOS="1365"
                          HPOS="1623"
                          CONTENT="proxime"/>
                  <SP HEIGHT="51" WIDTH="12" VPOS="1365" HPOS="1750"/>
                  <String HEIGHT="51"
                          WIDTH="116"
                          VPOS="1365"
                          HPOS="1715"
                          CONTENT="facta:"/>
                  <SP HEIGHT="51" WIDTH="12" VPOS="1365" HPOS="1832"/>
                  <String HEIGHT="51" WIDTH="70" VPOS="1365" HPOS="1797" CONTENT="et"/>
                  <SP HEIGHT="51" WIDTH="12" VPOS="1365" HPOS="1867"/>
                  <String HEIGHT="51"
                          WIDTH="81"
                          VPOS="1365"
                          HPOS="1832"
                          CONTENT="sic"/>
                  <SP HEIGHT="51" WIDTH="12" VPOS="1365" HPOS="1913"/>
                  <String HEIGHT="51"
                          WIDTH="93"
                          VPOS="1365"
                          HPOS="1878"
                          CONTENT="deus"/>
                  <SP HEIGHT="51" WIDTH="12" VPOS="1365" HPOS="1971"/>
                  <String HEIGHT="51"
                          WIDTH="116"
                          VPOS="1365"
                          HPOS="1936"
                          CONTENT="inquit"/>
                  <SP HEIGHT="51" WIDTH="12" VPOS="1365" HPOS="2052"/>
                  <String HEIGHT="51"
                          WIDTH="93"
                          VPOS="1365"
                          HPOS="2018"
                          CONTENT="omni"/>
                  <SP HEIGHT="51" WIDTH="12" VPOS="1365" HPOS="2111"/>
                  <String HEIGHT="51"
                          WIDTH="116"
                          VPOS="1365"
                          HPOS="2076"
                          CONTENT="homine"/>
                  <SP HEIGHT="51" WIDTH="12" VPOS="1365" HPOS="2192"/>
                  <String HEIGHT="51"
                          WIDTH="105"
                          VPOS="1365"
                          HPOS="2145"
                          CONTENT="amplius"/>
               </TextLine>
               <TextLine ID="r4l58"
                         BASELINE="1450"
                         HEIGHT="46"
                         WIDTH="919"
                         VPOS="1404"
                         HPOS="1334">
                  <String HEIGHT="46"
                          WIDTH="167"
                          VPOS="1404"
                          HPOS="1322"
                          CONTENT="diligendus"/>
                  <SP HEIGHT="46" WIDTH="12" VPOS="1404" HPOS="1489"/>
                  <String HEIGHT="46"
                          WIDTH="84"
                          VPOS="1404"
                          HPOS="1453"
                          CONTENT="est"/>
                  <SP HEIGHT="46" WIDTH="12" VPOS="1404" HPOS="1537"/>
                  <String HEIGHT="46"
                          WIDTH="95"
                          VPOS="1404"
                          HPOS="1501"
                          CONTENT="etc."/>
                  <SP HEIGHT="46" WIDTH="12" VPOS="1404" HPOS="1597"/>
                  <String HEIGHT="46"
                          WIDTH="84"
                          VPOS="1404"
                          HPOS="1561"
                          CONTENT="vbi"/>
                  <SP HEIGHT="46" WIDTH="12" VPOS="1404" HPOS="1644"/>
                  <String HEIGHT="46"
                          WIDTH="107"
                          VPOS="1404"
                          HPOS="1609"
                          CONTENT="patet"/>
                  <SP HEIGHT="46" WIDTH="12" VPOS="1404" HPOS="1716"/>
                  <String HEIGHT="46"
                          WIDTH="95"
                          VPOS="1404"
                          HPOS="1680"
                          CONTENT="quod"/>
                  <SP HEIGHT="46" WIDTH="12" VPOS="1404" HPOS="1776"/>
                  <String HEIGHT="46"
                          WIDTH="119"
                          VPOS="1404"
                          HPOS="1740"
                          CONTENT="innuit"/>
                  <SP HEIGHT="46" WIDTH="12" VPOS="1404" HPOS="1859"/>
                  <String HEIGHT="46"
                          WIDTH="143"
                          VPOS="1404"
                          HPOS="1823"
                          CONTENT="expresse"/>
                  <SP HEIGHT="46" WIDTH="12" VPOS="1404" HPOS="1967"/>
                  <String HEIGHT="46"
                          WIDTH="95"
                          VPOS="1404"
                          HPOS="1931"
                          CONTENT="quod"/>
                  <SP HEIGHT="46" WIDTH="12" VPOS="1404" HPOS="2026"/>
                  <String HEIGHT="46"
                          WIDTH="95"
                          VPOS="1404"
                          HPOS="1990"
                          CONTENT="quia"/>
                  <SP HEIGHT="46" WIDTH="12" VPOS="1404" HPOS="2086"/>
                  <String HEIGHT="46"
                          WIDTH="107"
                          VPOS="1404"
                          HPOS="2050"
                          CONTENT="omnis"/>
                  <SP HEIGHT="46" WIDTH="12" VPOS="1404" HPOS="2158"/>
                  <String HEIGHT="46"
                          WIDTH="95"
                          VPOS="1404"
                          HPOS="2122"
                          CONTENT="homo"/>
                  <SP HEIGHT="46" WIDTH="12" VPOS="1404" HPOS="2217"/>
                  <String HEIGHT="46"
                          WIDTH="84"
                          VPOS="1404"
                          HPOS="2169"
                          CONTENT="dili"
                          SUBS_TYPE="HypPart1"
                          SUBS_CONTENT="diligendus"/>
                  <HYP CONTENT="-"/>
               </TextLine>
               <TextLine ID="r4l60"
                         BASELINE="1499"
                         HEIGHT="50"
                         WIDTH="934"
                         VPOS="1449"
                         HPOS="1328">
                  <String HEIGHT="50"
                          WIDTH="132"
                          VPOS="1449"
                          HPOS="1315"
                          CONTENT="gendus"
                          SUBS_TYPE="HypPart2"
                          SUBS_CONTENT="diligendus"/>
                  <SP HEIGHT="50" WIDTH="13" VPOS="1449" HPOS="1446"/>
                  <String HEIGHT="50"
                          WIDTH="92"
                          VPOS="1449"
                          HPOS="1407"
                          CONTENT="est"/>
                  <SP HEIGHT="50" WIDTH="13" VPOS="1449" HPOS="1499"/>
                  <String HEIGHT="50"
                          WIDTH="145"
                          VPOS="1449"
                          HPOS="1460"
                          CONTENT="propter"/>
                  <SP HEIGHT="50" WIDTH="13" VPOS="1449" HPOS="1604"/>
                  <String HEIGHT="50"
                          WIDTH="118"
                          VPOS="1449"
                          HPOS="1565"
                          CONTENT="deum:"/>
                  <SP HEIGHT="50" WIDTH="13" VPOS="1449" HPOS="1683"/>
                  <String HEIGHT="50"
                          WIDTH="158"
                          VPOS="1449"
                          HPOS="1644"
                          CONTENT="sequitur"/>
                  <SP HEIGHT="50" WIDTH="13" VPOS="1449" HPOS="1802"/>
                  <String HEIGHT="50"
                          WIDTH="105"
                          VPOS="1449"
                          HPOS="1762"
                          CONTENT="quod"/>
                  <SP HEIGHT="50" WIDTH="13" VPOS="1449" HPOS="1867"/>
                  <String HEIGHT="50"
                          WIDTH="105"
                          VPOS="1449"
                          HPOS="1828"
                          CONTENT="deus"/>
                  <SP HEIGHT="50" WIDTH="13" VPOS="1449" HPOS="1933"/>
                  <String HEIGHT="50"
                          WIDTH="92"
                          VPOS="1449"
                          HPOS="1894"
                          CONTENT="est"/>
                  <SP HEIGHT="50" WIDTH="13" VPOS="1449" HPOS="1986"/>
                  <String HEIGHT="50"
                          WIDTH="105"
                          VPOS="1449"
                          HPOS="1946"
                          CONTENT="omni"/>
                  <SP HEIGHT="50" WIDTH="13" VPOS="1449" HPOS="2052"/>
                  <String HEIGHT="50"
                          WIDTH="132"
                          VPOS="1449"
                          HPOS="2012"
                          CONTENT="homine"/>
                  <SP HEIGHT="50" WIDTH="13" VPOS="1449" HPOS="2144"/>
                  <String HEIGHT="50"
                          WIDTH="145"
                          VPOS="1449"
                          HPOS="2104"
                          CONTENT="amplius"/>
                  <SP HEIGHT="50" WIDTH="13" VPOS="1449" HPOS="2249"/>
                  <String HEIGHT="50"
                          WIDTH="66"
                          VPOS="1449"
                          HPOS="2196"
                          CONTENT="di"
                          SUBS_TYPE="HypPart1"
                          SUBS_CONTENT="diligendus:"/>
                  <HYP CONTENT="-"/>
               </TextLine>
               <TextLine ID="r4l62"
                         BASELINE="1546"
                         HEIGHT="54"
                         WIDTH="915"
                         VPOS="1492"
                         HPOS="1325">
                  <String HEIGHT="54"
                          WIDTH="153"
                          VPOS="1492"
                          HPOS="1313"
                          CONTENT="ligendus:"
                          SUBS_TYPE="HypPart2"
                          SUBS_CONTENT="diligendus:"/>
                  <SP HEIGHT="54" WIDTH="12" VPOS="1492" HPOS="1466"/>
                  <String HEIGHT="54"
                          WIDTH="82"
                          VPOS="1492"
                          HPOS="1431"
                          CONTENT="nec"/>
                  <SP HEIGHT="54" WIDTH="12" VPOS="1492" HPOS="1513"/>
                  <String HEIGHT="54"
                          WIDTH="106"
                          VPOS="1492"
                          HPOS="1478"
                          CONTENT="tenet"/>
                  <SP HEIGHT="54" WIDTH="12" VPOS="1492" HPOS="1583"/>
                  <String HEIGHT="54"
                          WIDTH="188"
                          VPOS="1492"
                          HPOS="1548"
                          CONTENT="consequentia"/>
                  <SP HEIGHT="54" WIDTH="12" VPOS="1492" HPOS="1736"/>
                  <String HEIGHT="54"
                          WIDTH="94"
                          VPOS="1492"
                          HPOS="1700"
                          CONTENT="ista"/>
                  <SP HEIGHT="54" WIDTH="12" VPOS="1492" HPOS="1794"/>
                  <String HEIGHT="54"
                          WIDTH="94"
                          VPOS="1492"
                          HPOS="1759"
                          CONTENT="nisi"/>
                  <SP HEIGHT="54" WIDTH="12" VPOS="1492" HPOS="1853"/>
                  <String HEIGHT="54"
                          WIDTH="94"
                          VPOS="1492"
                          HPOS="1818"
                          CONTENT="quia"/>
                  <SP HEIGHT="54" WIDTH="12" VPOS="1492" HPOS="1912"/>
                  <String HEIGHT="54"
                          WIDTH="94"
                          VPOS="1492"
                          HPOS="1876"
                          CONTENT="omne"/>
                  <SP HEIGHT="54" WIDTH="12" VPOS="1492" HPOS="1970"/>
                  <String HEIGHT="54"
                          WIDTH="106"
                          VPOS="1492"
                          HPOS="1935"
                          CONTENT="aliud"/>
                  <SP HEIGHT="54" WIDTH="12" VPOS="1492" HPOS="2041"/>
                  <String HEIGHT="54"
                          WIDTH="129"
                          VPOS="1492"
                          HPOS="2005"
                          CONTENT="propter"/>
                  <SP HEIGHT="54" WIDTH="12" VPOS="1492" HPOS="2134"/>
                  <String HEIGHT="54"
                          WIDTH="94"
                          VPOS="1492"
                          HPOS="2099"
                          CONTENT="quod"/>
                  <SP HEIGHT="54" WIDTH="12" VPOS="1492" HPOS="2193"/>
                  <String HEIGHT="54"
                          WIDTH="94"
                          VPOS="1492"
                          HPOS="2146"
                          CONTENT="aliqud"/>
               </TextLine>
               <TextLine ID="r4l64"
                         BASELINE="1582"
                         HEIGHT="41"
                         WIDTH="921"
                         VPOS="1541"
                         HPOS="1319">
                  <String HEIGHT="41"
                          WIDTH="113"
                          VPOS="1541"
                          HPOS="1303"
                          CONTENT="est"/>
                  <SP HEIGHT="41" WIDTH="16" VPOS="1541" HPOS="1416"/>
                  <String HEIGHT="41"
                          WIDTH="226"
                          VPOS="1541"
                          HPOS="1367"
                          CONTENT="diligendum"/>
                  <SP HEIGHT="41" WIDTH="16" VPOS="1541" HPOS="1594"/>
                  <String HEIGHT="41"
                          WIDTH="113"
                          VPOS="1541"
                          HPOS="1545"
                          CONTENT="est"/>
                  <SP HEIGHT="41" WIDTH="16" VPOS="1541" HPOS="1658"/>
                  <String HEIGHT="41"
                          WIDTH="129"
                          VPOS="1541"
                          HPOS="1610"
                          CONTENT="illo"/>
                  <SP HEIGHT="41" WIDTH="16" VPOS="1541" HPOS="1739"/>
                  <String HEIGHT="41"
                          WIDTH="178"
                          VPOS="1541"
                          HPOS="1691"
                          CONTENT="amplius"/>
                  <SP HEIGHT="41" WIDTH="16" VPOS="1541" HPOS="1868"/>
                  <String HEIGHT="41"
                          WIDTH="242"
                          VPOS="1541"
                          HPOS="1820"
                          CONTENT="diligendum."/>
                  <SP HEIGHT="41" WIDTH="16" VPOS="1541" HPOS="2062"/>
                  <String HEIGHT="41"
                          WIDTH="113"
                          VPOS="1541"
                          HPOS="2014"
                          CONTENT="tum"/>
                  <SP HEIGHT="41" WIDTH="16" VPOS="1541" HPOS="2127"/>
                  <String HEIGHT="41"
                          WIDTH="129"
                          VPOS="1541"
                          HPOS="2078"
                          CONTENT="quia"/>
                  <SP HEIGHT="41" WIDTH="16" VPOS="1541" HPOS="2208"/>
                  <String HEIGHT="41"
                          WIDTH="97"
                          VPOS="1541"
                          HPOS="2143"
                          CONTENT="omni"/>
               </TextLine>
               <TextLine ID="r4l66"
                         BASELINE="1636"
                         HEIGHT="56"
                         WIDTH="927"
                         VPOS="1580"
                         HPOS="1322">
                  <String HEIGHT="56"
                          WIDTH="128"
                          VPOS="1580"
                          HPOS="1306"
                          CONTENT="alio"/>
                  <SP HEIGHT="56" WIDTH="16" VPOS="1580" HPOS="1434"/>
                  <String HEIGHT="56" WIDTH="80" VPOS="1580" HPOS="1386" CONTENT="a"/>
                  <SP HEIGHT="56" WIDTH="16" VPOS="1580" HPOS="1466"/>
                  <String HEIGHT="56"
                          WIDTH="112"
                          VPOS="1580"
                          HPOS="1418"
                          CONTENT="deo"/>
                  <SP HEIGHT="56" WIDTH="16" VPOS="1580" HPOS="1530"/>
                  <String HEIGHT="56"
                          WIDTH="112"
                          VPOS="1580"
                          HPOS="1482"
                          CONTENT="est"/>
                  <SP HEIGHT="56" WIDTH="16" VPOS="1580" HPOS="1594"/>
                  <String HEIGHT="56"
                          WIDTH="192"
                          VPOS="1580"
                          HPOS="1546"
                          CONTENT="vtendum:"/>
                  <SP HEIGHT="56" WIDTH="16" VPOS="1580" HPOS="1738"/>
                  <String HEIGHT="56" WIDTH="96" VPOS="1580" HPOS="1690" CONTENT="vt"/>
                  <SP HEIGHT="56" WIDTH="16" VPOS="1580" HPOS="1786"/>
                  <String HEIGHT="56"
                          WIDTH="224"
                          VPOS="1580"
                          HPOS="1738"
                          CONTENT="frequenter"/>
                  <SP HEIGHT="56" WIDTH="16" VPOS="1580" HPOS="1961"/>
                  <String HEIGHT="56"
                          WIDTH="192"
                          VPOS="1580"
                          HPOS="1913"
                          CONTENT="probatum"/>
                  <SP HEIGHT="56" WIDTH="16" VPOS="1580" HPOS="2105"/>
                  <String HEIGHT="56"
                          WIDTH="112"
                          VPOS="1580"
                          HPOS="2057"
                          CONTENT="est"/>
                  <SP HEIGHT="56" WIDTH="16" VPOS="1580" HPOS="2169"/>
                  <String HEIGHT="56"
                          WIDTH="112"
                          VPOS="1580"
                          HPOS="2121"
                          CONTENT="per"/>
                  <SP HEIGHT="56" WIDTH="16" VPOS="1580" HPOS="2233"/>
                  <String HEIGHT="56"
                          WIDTH="80"
                          VPOS="1580"
                          HPOS="2169"
                          CONTENT="di"
                          SUBS_TYPE="HypPart1"
                          SUBS_CONTENT="dicta"/>
                  <HYP CONTENT="-"/>
               </TextLine>
               <TextLine ID="r4l68"
                         BASELINE="1675"
                         HEIGHT="48"
                         WIDTH="921"
                         VPOS="1627"
                         HPOS="1323">
                  <String HEIGHT="48"
                          WIDTH="104"
                          VPOS="1627"
                          HPOS="1308"
                          CONTENT="cta"
                          SUBS_TYPE="HypPart2"
                          SUBS_CONTENT="dicta"/>
                  <SP HEIGHT="48" WIDTH="15" VPOS="1627" HPOS="1412"/>
                  <String HEIGHT="48"
                          WIDTH="208"
                          VPOS="1627"
                          HPOS="1368"
                          CONTENT="sanctorum."/>
                  <SP HEIGHT="48" WIDTH="15" VPOS="1627" HPOS="1576"/>
                  <String HEIGHT="48" WIDTH="89" VPOS="1627" HPOS="1531" CONTENT="Si"/>
                  <SP HEIGHT="48" WIDTH="15" VPOS="1627" HPOS="1620"/>
                  <String HEIGHT="48"
                          WIDTH="149"
                          VPOS="1627"
                          HPOS="1576"
                          CONTENT="igitur"/>
                  <SP HEIGHT="48" WIDTH="15" VPOS="1627" HPOS="1724"/>
                  <String HEIGHT="48"
                          WIDTH="104"
                          VPOS="1627"
                          HPOS="1680"
                          CONTENT="deo"/>
                  <SP HEIGHT="48" WIDTH="15" VPOS="1627" HPOS="1784"/>
                  <String HEIGHT="48"
                          WIDTH="163"
                          VPOS="1627"
                          HPOS="1739"
                          CONTENT="vtendum"/>
                  <SP HEIGHT="48" WIDTH="15" VPOS="1627" HPOS="1902"/>
                  <String HEIGHT="48"
                          WIDTH="119"
                          VPOS="1627"
                          HPOS="1858"
                          CONTENT="est:"/>
                  <SP HEIGHT="48" WIDTH="15" VPOS="1627" HPOS="1977"/>
                  <String HEIGHT="48"
                          WIDTH="193"
                          VPOS="1627"
                          HPOS="1932"
                          CONTENT="quodlibet"/>
                  <SP HEIGHT="48" WIDTH="15" VPOS="1627" HPOS="2125"/>
                  <String HEIGHT="48"
                          WIDTH="178"
                          VPOS="1627"
                          HPOS="2066"
                          CONTENT="diligendum"/>
               </TextLine>
               <TextLine ID="r4l70"
                         BASELINE="1711"
                         HEIGHT="44"
                         WIDTH="909"
                         VPOS="1667"
                         HPOS="1329">
                  <String HEIGHT="44"
                          WIDTH="110"
                          VPOS="1667"
                          HPOS="1315"
                          CONTENT="erit"/>
                  <SP HEIGHT="44" WIDTH="14" VPOS="1667" HPOS="1425"/>
                  <String HEIGHT="44"
                          WIDTH="193"
                          VPOS="1667"
                          HPOS="1384"
                          CONTENT="diligendum"/>
                  <SP HEIGHT="44" WIDTH="14" VPOS="1667" HPOS="1577"/>
                  <String HEIGHT="44"
                          WIDTH="152"
                          VPOS="1667"
                          HPOS="1536"
                          CONTENT="propter"/>
                  <SP HEIGHT="44" WIDTH="14" VPOS="1667" HPOS="1687"/>
                  <String HEIGHT="44"
                          WIDTH="138"
                          VPOS="1667"
                          HPOS="1646"
                          CONTENT="aliud:"/>
                  <SP HEIGHT="44" WIDTH="14" VPOS="1667" HPOS="1784"/>
                  <String HEIGHT="44" WIDTH="83" VPOS="1667" HPOS="1742" CONTENT="et"/>
                  <SP HEIGHT="44" WIDTH="14" VPOS="1667" HPOS="1825"/>
                  <String HEIGHT="44"
                          WIDTH="96"
                          VPOS="1667"
                          HPOS="1784"
                          CONTENT="sic"/>
                  <SP HEIGHT="44" WIDTH="14" VPOS="1667" HPOS="1880"/>
                  <String HEIGHT="44"
                          WIDTH="96"
                          VPOS="1667"
                          HPOS="1839"
                          CONTENT="vel"/>
                  <SP HEIGHT="44" WIDTH="14" VPOS="1667" HPOS="1935"/>
                  <String HEIGHT="44"
                          WIDTH="110"
                          VPOS="1667"
                          HPOS="1894"
                          CONTENT="erit"/>
                  <SP HEIGHT="44" WIDTH="14" VPOS="1667" HPOS="2004"/>
                  <String HEIGHT="44"
                          WIDTH="179"
                          VPOS="1667"
                          HPOS="1963"
                          CONTENT="processus"/>
                  <SP HEIGHT="44" WIDTH="14" VPOS="1667" HPOS="2142"/>
                  <String HEIGHT="44"
                          WIDTH="152"
                          VPOS="1667"
                          HPOS="2087"
                          CONTENT="infinitus"/>
               </TextLine>
               <TextLine ID="r4l72"
                         BASELINE="1766"
                         HEIGHT="55"
                         WIDTH="926"
                         VPOS="1711"
                         HPOS="1317">
                  <String HEIGHT="55" WIDTH="94" VPOS="1711" HPOS="1301" CONTENT="in"/>
                  <SP HEIGHT="55" WIDTH="16" VPOS="1711" HPOS="1395"/>
                  <String HEIGHT="55"
                          WIDTH="235"
                          VPOS="1711"
                          HPOS="1348"
                          CONTENT="diligendis:"/>
                  <SP HEIGHT="55" WIDTH="16" VPOS="1711" HPOS="1584"/>
                  <String HEIGHT="55"
                          WIDTH="110"
                          VPOS="1711"
                          HPOS="1537"
                          CONTENT="ita"/>
                  <SP HEIGHT="55" WIDTH="16" VPOS="1711" HPOS="1647"/>
                  <String HEIGHT="55" WIDTH="94" VPOS="1711" HPOS="1600" CONTENT="vt"/>
                  <SP HEIGHT="55" WIDTH="16" VPOS="1711" HPOS="1694"/>
                  <String HEIGHT="55"
                          WIDTH="157"
                          VPOS="1711"
                          HPOS="1647"
                          CONTENT="nullus"/>
                  <SP HEIGHT="55" WIDTH="16" VPOS="1711" HPOS="1804"/>
                  <String HEIGHT="55"
                          WIDTH="141"
                          VPOS="1711"
                          HPOS="1756"
                          CONTENT="finis"/>
                  <SP HEIGHT="55" WIDTH="16" VPOS="1711" HPOS="1898"/>
                  <String HEIGHT="55"
                          WIDTH="173"
                          VPOS="1711"
                          HPOS="1851"
                          CONTENT="vltimus"/>
                  <SP HEIGHT="55" WIDTH="16" VPOS="1711" HPOS="2023"/>
                  <String HEIGHT="55"
                          WIDTH="110"
                          VPOS="1711"
                          HPOS="1976"
                          CONTENT="sit"/>
                  <SP HEIGHT="55" WIDTH="16" VPOS="1711" HPOS="2086"/>
                  <String HEIGHT="55"
                          WIDTH="157"
                          VPOS="1711"
                          HPOS="2039"
                          CONTENT="nostre"/>
                  <SP HEIGHT="55" WIDTH="16" VPOS="1711" HPOS="2196"/>
                  <String HEIGHT="55"
                          WIDTH="110"
                          VPOS="1711"
                          HPOS="2133"
                          CONTENT="ordi"
                          SUBS_TYPE="HypPart1"
                          SUBS_CONTENT="ordinate"/>
                  <HYP CONTENT="-"/>
               </TextLine>
               <TextLine ID="r4l74"
                         BASELINE="1802"
                         HEIGHT="45"
                         WIDTH="918"
                         VPOS="1757"
                         HPOS="1322">
                  <String HEIGHT="45"
                          WIDTH="115"
                          VPOS="1757"
                          HPOS="1308"
                          CONTENT="nate"
                          SUBS_TYPE="HypPart2"
                          SUBS_CONTENT="ordinate"/>
                  <SP HEIGHT="45" WIDTH="14" VPOS="1757" HPOS="1422"/>
                  <String HEIGHT="45"
                          WIDTH="230"
                          VPOS="1757"
                          HPOS="1379"
                          CONTENT="dilectionis:"/>
                  <SP HEIGHT="45" WIDTH="14" VPOS="1757" HPOS="1609"/>
                  <String HEIGHT="45"
                          WIDTH="100"
                          VPOS="1757"
                          HPOS="1566"
                          CONTENT="vel"/>
                  <SP HEIGHT="45" WIDTH="14" VPOS="1757" HPOS="1666"/>
                  <String HEIGHT="45"
                          WIDTH="115"
                          VPOS="1757"
                          HPOS="1623"
                          CONTENT="erit"/>
                  <SP HEIGHT="45" WIDTH="14" VPOS="1757" HPOS="1738"/>
                  <String HEIGHT="45"
                          WIDTH="172"
                          VPOS="1757"
                          HPOS="1695"
                          CONTENT="circulus"/>
                  <SP HEIGHT="45" WIDTH="14" VPOS="1757" HPOS="1867"/>
                  <String HEIGHT="45"
                          WIDTH="129"
                          VPOS="1757"
                          HPOS="1824"
                          CONTENT="inter"/>
                  <SP HEIGHT="45" WIDTH="14" VPOS="1757" HPOS="1953"/>
                  <String HEIGHT="45"
                          WIDTH="201"
                          VPOS="1757"
                          HPOS="1910"
                          CONTENT="diligenda."/>
                  <SP HEIGHT="45" WIDTH="14" VPOS="1757" HPOS="2111"/>
                  <String HEIGHT="45"
                          WIDTH="100"
                          VPOS="1757"
                          HPOS="2068"
                          CONTENT="ita"/>
                  <SP HEIGHT="45" WIDTH="14" VPOS="1757" HPOS="2168"/>
                  <String HEIGHT="45"
                          WIDTH="115"
                          VPOS="1757"
                          HPOS="2125"
                          CONTENT="quod"/>
                  <SP HEIGHT="45" WIDTH="14" VPOS="1757" HPOS="2240"/>
                  <String HEIGHT="45" WIDTH="57" VPOS="1757" HPOS="2183" CONTENT="a."/>
               </TextLine>
               <TextLine ID="r4l76"
                         BASELINE="1848"
                         HEIGHT="49"
                         WIDTH="933"
                         VPOS="1799"
                         HPOS="1316">
                  <String HEIGHT="49"
                          WIDTH="189"
                          VPOS="1799"
                          HPOS="1302"
                          CONTENT="diligendum"/>
                  <SP HEIGHT="49" WIDTH="14" VPOS="1799" HPOS="1492"/>
                  <String HEIGHT="49"
                          WIDTH="108"
                          VPOS="1799"
                          HPOS="1451"
                          CONTENT="erit"/>
                  <SP HEIGHT="49" WIDTH="14" VPOS="1799" HPOS="1559"/>
                  <String HEIGHT="49"
                          WIDTH="149"
                          VPOS="1799"
                          HPOS="1519"
                          CONTENT="propter"/>
                  <SP HEIGHT="49" WIDTH="14" VPOS="1799" HPOS="1668"/>
                  <String HEIGHT="49" WIDTH="81" VPOS="1799" HPOS="1627" CONTENT="b."/>
                  <SP HEIGHT="49" WIDTH="14" VPOS="1799" HPOS="1708"/>
                  <String HEIGHT="49" WIDTH="81" VPOS="1799" HPOS="1668" CONTENT="et"/>
                  <SP HEIGHT="49" WIDTH="14" VPOS="1799" HPOS="1749"/>
                  <String HEIGHT="49" WIDTH="81" VPOS="1799" HPOS="1708" CONTENT="b."/>
                  <SP HEIGHT="49" WIDTH="14" VPOS="1799" HPOS="1789"/>
                  <String HEIGHT="49"
                          WIDTH="149"
                          VPOS="1799"
                          HPOS="1749"
                          CONTENT="propter"/>
                  <SP HEIGHT="49" WIDTH="14" VPOS="1799" HPOS="1897"/>
                  <String HEIGHT="49" WIDTH="81" VPOS="1799" HPOS="1857" CONTENT="a."/>
                  <SP HEIGHT="49" WIDTH="14" VPOS="1799" HPOS="1938"/>
                  <String HEIGHT="49" WIDTH="81" VPOS="1799" HPOS="1897" CONTENT="et"/>
                  <SP HEIGHT="49" WIDTH="14" VPOS="1799" HPOS="1979"/>
                  <String HEIGHT="49"
                          WIDTH="162"
                          VPOS="1799"
                          HPOS="1938"
                          CONTENT="vtrumque"/>
                  <SP HEIGHT="49" WIDTH="14" VPOS="1799" HPOS="2100"/>
                  <String HEIGHT="49"
                          WIDTH="122"
                          VPOS="1799"
                          HPOS="2060"
                          CONTENT="eorum"/>
                  <SP HEIGHT="49" WIDTH="14" VPOS="1799" HPOS="2181"/>
                  <String HEIGHT="49"
                          WIDTH="95"
                          VPOS="1799"
                          HPOS="2141"
                          CONTENT="est"/>
                  <SP HEIGHT="49" WIDTH="14" VPOS="1799" HPOS="2235"/>
                  <String HEIGHT="49"
                          WIDTH="68"
                          VPOS="1799"
                          HPOS="2181"
                          CONTENT="fal"/>
               </TextLine>
               <TextLine ID="line_1596404807845_313"
                         BASELINE="1884"
                         HEIGHT="42"
                         WIDTH="939"
                         VPOS="1842"
                         HPOS="1317">
                  <String HEIGHT="42"
                          WIDTH="101"
                          VPOS="1842"
                          HPOS="1303"
                          CONTENT="sum"/>
                  <SP HEIGHT="42" WIDTH="14" VPOS="1842" HPOS="1404"/>
                  <String HEIGHT="42"
                          WIDTH="202"
                          VPOS="1842"
                          HPOS="1360"
                          CONTENT="manifeste."/>
                  <SP HEIGHT="42" WIDTH="14" VPOS="1842" HPOS="1563"/>
                  <String HEIGHT="42"
                          WIDTH="101"
                          VPOS="1842"
                          HPOS="1519"
                          CONTENT="tum"/>
                  <SP HEIGHT="42" WIDTH="14" VPOS="1842" HPOS="1620"/>
                  <String HEIGHT="42"
                          WIDTH="116"
                          VPOS="1842"
                          HPOS="1577"
                          CONTENT="quia"/>
                  <SP HEIGHT="42" WIDTH="14" VPOS="1842" HPOS="1693"/>
                  <String HEIGHT="42"
                          WIDTH="116"
                          VPOS="1842"
                          HPOS="1649"
                          CONTENT="Aug."/>
                  <SP HEIGHT="42" WIDTH="14" VPOS="1842" HPOS="1765"/>
                  <String HEIGHT="42" WIDTH="87" VPOS="1842" HPOS="1721" CONTENT="in"/>
                  <SP HEIGHT="42" WIDTH="14" VPOS="1842" HPOS="1808"/>
                  <String HEIGHT="42" WIDTH="87" VPOS="1842" HPOS="1765" CONTENT="de"/>
                  <SP HEIGHT="42" WIDTH="14" VPOS="1842" HPOS="1852"/>
                  <String HEIGHT="42"
                          WIDTH="130"
                          VPOS="1842"
                          HPOS="1808"
                          CONTENT="ciui."/>
                  <SP HEIGHT="42" WIDTH="14" VPOS="1842" HPOS="1938"/>
                  <String HEIGHT="42"
                          WIDTH="116"
                          VPOS="1842"
                          HPOS="1895"
                          CONTENT="dei."/>
                  <SP HEIGHT="42" WIDTH="14" VPOS="1842" HPOS="2010"/>
                  <String HEIGHT="42"
                          WIDTH="116"
                          VPOS="1842"
                          HPOS="1967"
                          CONTENT="lib."/>
                  <SP HEIGHT="42" WIDTH="14" VPOS="1842" HPOS="2083"/>
                  <String HEIGHT="42" WIDTH="87" VPOS="1842" HPOS="2039" CONTENT="10"/>
                  <SP HEIGHT="42" WIDTH="14" VPOS="1842" HPOS="2126"/>
                  <String HEIGHT="42"
                          WIDTH="144"
                          VPOS="1842"
                          HPOS="2083"
                          CONTENT="dicit."/>
                  <SP HEIGHT="42" WIDTH="14" VPOS="1842" HPOS="2227"/>
                  <String HEIGHT="42"
                          WIDTH="87"
                          VPOS="1842"
                          HPOS="2169"
                          CONTENT="quod"/>
               </TextLine>
               <TextLine ID="r4l80"
                         BASELINE="1931"
                         HEIGHT="44"
                         WIDTH="912"
                         VPOS="1887"
                         HPOS="1322">
                  <String HEIGHT="44"
                          WIDTH="114"
                          VPOS="1887"
                          HPOS="1308"
                          CONTENT="deus"/>
                  <SP HEIGHT="44" WIDTH="14" VPOS="1887" HPOS="1422"/>
                  <String HEIGHT="44"
                          WIDTH="128"
                          VPOS="1887"
                          HPOS="1379"
                          CONTENT="omnis"/>
                  <SP HEIGHT="44" WIDTH="14" VPOS="1887" HPOS="1507"/>
                  <String HEIGHT="44"
                          WIDTH="228"
                          VPOS="1887"
                          HPOS="1465"
                          CONTENT="appetitionis"/>
                  <SP HEIGHT="44" WIDTH="14" VPOS="1887" HPOS="1693"/>
                  <String HEIGHT="44"
                          WIDTH="100"
                          VPOS="1887"
                          HPOS="1650"
                          CONTENT="est"/>
                  <SP HEIGHT="44" WIDTH="14" VPOS="1887" HPOS="1750"/>
                  <String HEIGHT="44"
                          WIDTH="143"
                          VPOS="1887"
                          HPOS="1707"
                          CONTENT="finis."/>
                  <SP HEIGHT="44" WIDTH="14" VPOS="1887" HPOS="1849"/>
                  <String HEIGHT="44"
                          WIDTH="143"
                          VPOS="1887"
                          HPOS="1807"
                          CONTENT="igitur"/>
                  <SP HEIGHT="44" WIDTH="14" VPOS="1887" HPOS="1949"/>
                  <String HEIGHT="44"
                          WIDTH="100"
                          VPOS="1887"
                          HPOS="1906"
                          CONTENT="non"/>
                  <SP HEIGHT="44" WIDTH="14" VPOS="1887" HPOS="2006"/>
                  <String HEIGHT="44"
                          WIDTH="114"
                          VPOS="1887"
                          HPOS="1963"
                          CONTENT="ipse"/>
                  <SP HEIGHT="44" WIDTH="14" VPOS="1887" HPOS="2077"/>
                  <String HEIGHT="44"
                          WIDTH="157"
                          VPOS="1887"
                          HPOS="2035"
                          CONTENT="propter"/>
                  <SP HEIGHT="44" WIDTH="14" VPOS="1887" HPOS="2191"/>
                  <String HEIGHT="44"
                          WIDTH="100"
                          VPOS="1887"
                          HPOS="2134"
                          CONTENT="aliud"/>
               </TextLine>
               <TextLine ID="line_1596404807846_315"
                         BASELINE="1971"
                         HEIGHT="44"
                         WIDTH="935"
                         VPOS="1927"
                         HPOS="1320">
                  <String HEIGHT="44"
                          WIDTH="208"
                          VPOS="1927"
                          HPOS="1305"
                          CONTENT="diligendus"/>
                  <SP HEIGHT="44" WIDTH="15" VPOS="1927" HPOS="1513"/>
                  <String HEIGHT="44"
                          WIDTH="119"
                          VPOS="1927"
                          HPOS="1468"
                          CONTENT="est:"/>
                  <SP HEIGHT="44" WIDTH="15" VPOS="1927" HPOS="1587"/>
                  <String HEIGHT="44"
                          WIDTH="104"
                          VPOS="1927"
                          HPOS="1543"
                          CONTENT="sed"/>
                  <SP HEIGHT="44" WIDTH="15" VPOS="1927" HPOS="1647"/>
                  <String HEIGHT="44"
                          WIDTH="134"
                          VPOS="1927"
                          HPOS="1602"
                          CONTENT="aliud"/>
                  <SP HEIGHT="44" WIDTH="15" VPOS="1927" HPOS="1736"/>
                  <String HEIGHT="44"
                          WIDTH="163"
                          VPOS="1927"
                          HPOS="1691"
                          CONTENT="propter"/>
                  <SP HEIGHT="44" WIDTH="15" VPOS="1927" HPOS="1854"/>
                  <String HEIGHT="44"
                          WIDTH="148"
                          VPOS="1927"
                          HPOS="1810"
                          CONTENT="ipsum."/>
                  <SP HEIGHT="44" WIDTH="15" VPOS="1927" HPOS="1958"/>
                  <String HEIGHT="44" WIDTH="74" VPOS="1927" HPOS="1914" CONTENT="⁋"/>
                  <SP HEIGHT="44" WIDTH="15" VPOS="1927" HPOS="1988"/>
                  <String HEIGHT="44"
                          WIDTH="163"
                          VPOS="1927"
                          HPOS="1943"
                          CONTENT="Secundo"/>
                  <SP HEIGHT="44" WIDTH="15" VPOS="1927" HPOS="2107"/>
                  <String HEIGHT="44"
                          WIDTH="119"
                          VPOS="1927"
                          HPOS="2062"
                          CONTENT="idem"/>
                  <SP HEIGHT="44" WIDTH="15" VPOS="1927" HPOS="2181"/>
                  <String HEIGHT="44"
                          WIDTH="104"
                          VPOS="1927"
                          HPOS="2136"
                          CONTENT="est"/>
                  <SP HEIGHT="44" WIDTH="15" VPOS="1927" HPOS="2240"/>
                  <String HEIGHT="44"
                          WIDTH="74"
                          VPOS="1927"
                          HPOS="2181"
                          CONTENT="ob"
                          SUBS_TYPE="HypPart1"
                          SUBS_CONTENT="obiectum"/>
                  <HYP CONTENT="-"/>
               </TextLine>
               <TextLine ID="r4l84"
                         BASELINE="2021"
                         HEIGHT="51"
                         WIDTH="908"
                         VPOS="1970"
                         HPOS="1316">
                  <String HEIGHT="51"
                          WIDTH="149"
                          VPOS="1970"
                          HPOS="1301"
                          CONTENT="iectum"
                          SUBS_TYPE="HypPart2"
                          SUBS_CONTENT="obiectum"/>
                  <SP HEIGHT="51" WIDTH="15" VPOS="1970" HPOS="1450"/>
                  <String HEIGHT="51"
                          WIDTH="208"
                          VPOS="1970"
                          HPOS="1405"
                          CONTENT="fruitionis"/>
                  <SP HEIGHT="51" WIDTH="15" VPOS="1970" HPOS="1614"/>
                  <String HEIGHT="51"
                          WIDTH="179"
                          VPOS="1970"
                          HPOS="1569"
                          CONTENT="angelice"/>
                  <SP HEIGHT="51" WIDTH="15" VPOS="1970" HPOS="1748"/>
                  <String HEIGHT="51" WIDTH="89" VPOS="1970" HPOS="1703" CONTENT="et"/>
                  <SP HEIGHT="51" WIDTH="15" VPOS="1970" HPOS="1792"/>
                  <String HEIGHT="51"
                          WIDTH="164"
                          VPOS="1970"
                          HPOS="1748"
                          CONTENT="humane."/>
                  <SP HEIGHT="51" WIDTH="15" VPOS="1970" HPOS="1911"/>
                  <String HEIGHT="51"
                          WIDTH="149"
                          VPOS="1970"
                          HPOS="1867"
                          CONTENT="igitur"/>
                  <SP HEIGHT="51" WIDTH="15" VPOS="1970" HPOS="2016"/>
                  <String HEIGHT="51"
                          WIDTH="134"
                          VPOS="1970"
                          HPOS="1971"
                          CONTENT="visio"/>
                  <SP HEIGHT="51" WIDTH="15" VPOS="1970" HPOS="2105"/>
                  <String HEIGHT="51"
                          WIDTH="104"
                          VPOS="1970"
                          HPOS="2060"
                          CONTENT="qua"/>
                  <SP HEIGHT="51" WIDTH="15" VPOS="1970" HPOS="2164"/>
                  <String HEIGHT="51"
                          WIDTH="119"
                          VPOS="1970"
                          HPOS="2105"
                          CONTENT="beatus"/>
               </TextLine>
               <TextLine ID="r4l86"
                         BASELINE="2061"
                         HEIGHT="48"
                         WIDTH="914"
                         VPOS="2013"
                         HPOS="1317">
                  <String HEIGHT="48"
                          WIDTH="142"
                          VPOS="2013"
                          HPOS="1301"
                          CONTENT="videt"/>
                  <SP HEIGHT="48" WIDTH="16" VPOS="2013" HPOS="1443"/>
                  <String HEIGHT="48"
                          WIDTH="126"
                          VPOS="2013"
                          HPOS="1396"
                          CONTENT="deum"/>
                  <SP HEIGHT="48" WIDTH="16" VPOS="2013" HPOS="1522"/>
                  <String HEIGHT="48"
                          WIDTH="110"
                          VPOS="2013"
                          HPOS="1475"
                          CONTENT="non"/>
                  <SP HEIGHT="48" WIDTH="16" VPOS="2013" HPOS="1585"/>
                  <String HEIGHT="48"
                          WIDTH="110"
                          VPOS="2013"
                          HPOS="1538"
                          CONTENT="est"/>
                  <SP HEIGHT="48" WIDTH="16" VPOS="2013" HPOS="1648"/>
                  <String HEIGHT="48"
                          WIDTH="189"
                          VPOS="2013"
                          HPOS="1601"
                          CONTENT="obiectum"/>
                  <SP HEIGHT="48" WIDTH="16" VPOS="2013" HPOS="1790"/>
                  <String HEIGHT="48"
                          WIDTH="221"
                          VPOS="2013"
                          HPOS="1742"
                          CONTENT="fruitionis"/>
                  <SP HEIGHT="48" WIDTH="16" VPOS="2013" HPOS="1963"/>
                  <String HEIGHT="48"
                          WIDTH="221"
                          VPOS="2013"
                          HPOS="1916"
                          CONTENT="beatifice:"/>
                  <SP HEIGHT="48" WIDTH="16" VPOS="2013" HPOS="2136"/>
                  <String HEIGHT="48"
                          WIDTH="110"
                          VPOS="2013"
                          HPOS="2089"
                          CONTENT="sed"/>
                  <SP HEIGHT="48" WIDTH="16" VPOS="2013" HPOS="2199"/>
                  <String HEIGHT="48"
                          WIDTH="95"
                          VPOS="2013"
                          HPOS="2136"
                          CONTENT="deus"/>
               </TextLine>
               <TextLine ID="line_1596404807848_317"
                         BASELINE="2111"
                         HEIGHT="51"
                         WIDTH="933"
                         VPOS="2060"
                         HPOS="1320">
                  <String HEIGHT="51"
                          WIDTH="108"
                          VPOS="2060"
                          HPOS="1308"
                          CONTENT="ipse."/>
                  <SP HEIGHT="51" WIDTH="12" VPOS="2060" HPOS="1416"/>
                  <String HEIGHT="51"
                          WIDTH="167"
                          VPOS="2060"
                          HPOS="1380"
                          CONTENT="Antecedens"/>
                  <SP HEIGHT="51" WIDTH="12" VPOS="2060" HPOS="1547"/>
                  <String HEIGHT="51"
                          WIDTH="108"
                          VPOS="2060"
                          HPOS="1511"
                          CONTENT="patet"/>
                  <SP HEIGHT="51" WIDTH="12" VPOS="2060" HPOS="1619"/>
                  <String HEIGHT="51"
                          WIDTH="84"
                          VPOS="2060"
                          HPOS="1583"
                          CONTENT="per"/>
                  <SP HEIGHT="51" WIDTH="12" VPOS="2060" HPOS="1667"/>
                  <String HEIGHT="51"
                          WIDTH="96"
                          VPOS="2060"
                          HPOS="1631"
                          CONTENT="Aug."/>
                  <SP HEIGHT="51" WIDTH="12" VPOS="2060" HPOS="1727"/>
                  <String HEIGHT="51"
                          WIDTH="108"
                          VPOS="2060"
                          HPOS="1691"
                          CONTENT="primo"/>
                  <SP HEIGHT="51" WIDTH="12" VPOS="2060" HPOS="1798"/>
                  <String HEIGHT="51" WIDTH="72" VPOS="2060" HPOS="1763" CONTENT="de"/>
                  <SP HEIGHT="51" WIDTH="12" VPOS="2060" HPOS="1834"/>
                  <String HEIGHT="51"
                          WIDTH="96"
                          VPOS="2060"
                          HPOS="1798"
                          CONTENT="doc."/>
                  <SP HEIGHT="51" WIDTH="12" VPOS="2060" HPOS="1894"/>
                  <String HEIGHT="51"
                          WIDTH="179"
                          VPOS="2060"
                          HPOS="1858"
                          CONTENT="christiana."/>
                  <SP HEIGHT="51" WIDTH="12" VPOS="2060" HPOS="2038"/>
                  <String HEIGHT="51"
                          WIDTH="96"
                          VPOS="2060"
                          HPOS="2002"
                          CONTENT="Illo"/>
                  <SP HEIGHT="51" WIDTH="12" VPOS="2060" HPOS="2098"/>
                  <String HEIGHT="51"
                          WIDTH="120"
                          VPOS="2060"
                          HPOS="2062"
                          CONTENT="inquit"/>
                  <SP HEIGHT="51" WIDTH="12" VPOS="2060" HPOS="2181"/>
                  <String HEIGHT="51"
                          WIDTH="120"
                          VPOS="2060"
                          HPOS="2133"
                          CONTENT="fruentes"/>
               </TextLine>
               <TextLine ID="r4l90"
                         BASELINE="2151"
                         HEIGHT="48"
                         WIDTH="904"
                         VPOS="2103"
                         HPOS="1325">
                  <String HEIGHT="48"
                          WIDTH="146"
                          VPOS="2103"
                          HPOS="1310"
                          CONTENT="angeli"/>
                  <SP HEIGHT="48" WIDTH="15" VPOS="2103" HPOS="1456"/>
                  <String HEIGHT="48"
                          WIDTH="131"
                          VPOS="2103"
                          HPOS="1412"
                          CONTENT="beati"/>
                  <SP HEIGHT="48" WIDTH="15" VPOS="2103" HPOS="1544"/>
                  <String HEIGHT="48"
                          WIDTH="117"
                          VPOS="2103"
                          HPOS="1500"
                          CONTENT="sunt"/>
                  <SP HEIGHT="48" WIDTH="15" VPOS="2103" HPOS="1617"/>
                  <String HEIGHT="48"
                          WIDTH="102"
                          VPOS="2103"
                          HPOS="1573"
                          CONTENT="quo"/>
                  <SP HEIGHT="48" WIDTH="15" VPOS="2103" HPOS="1675"/>
                  <String HEIGHT="48" WIDTH="73" VPOS="2103" HPOS="1631" CONTENT="a"/>
                  <SP HEIGHT="48" WIDTH="15" VPOS="2103" HPOS="1704"/>
                  <String HEIGHT="48"
                          WIDTH="102"
                          VPOS="2103"
                          HPOS="1660"
                          CONTENT="nos"/>
                  <SP HEIGHT="48" WIDTH="15" VPOS="2103" HPOS="1762"/>
                  <String HEIGHT="48"
                          WIDTH="117"
                          VPOS="2103"
                          HPOS="1719"
                          CONTENT="frui"/>
                  <SP HEIGHT="48" WIDTH="15" VPOS="2103" HPOS="1835"/>
                  <String HEIGHT="48"
                          WIDTH="233"
                          VPOS="2103"
                          HPOS="1792"
                          CONTENT="desideramus:"/>
                  <SP HEIGHT="48" WIDTH="15" VPOS="2103" HPOS="2025"/>
                  <String HEIGHT="48" WIDTH="87" VPOS="2103" HPOS="1981" CONTENT="et"/>
                  <SP HEIGHT="48" WIDTH="15" VPOS="2103" HPOS="2069"/>
                  <String HEIGHT="48"
                          WIDTH="146"
                          VPOS="2103"
                          HPOS="2025"
                          CONTENT="quanto"/>
                  <SP HEIGHT="48" WIDTH="15" VPOS="2103" HPOS="2171"/>
                  <String HEIGHT="48" WIDTH="87" VPOS="2103" HPOS="2127" CONTENT="in"/>
                  <SP HEIGHT="48" WIDTH="15" VPOS="2103" HPOS="2214"/>
                  <String HEIGHT="48"
                          WIDTH="73"
                          VPOS="2103"
                          HPOS="2156"
                          CONTENT="hac"/>
               </TextLine>
               <TextLine ID="r4l92"
                         BASELINE="2192"
                         HEIGHT="45"
                         WIDTH="918"
                         VPOS="2147"
                         HPOS="1329">
                  <String HEIGHT="45"
                          WIDTH="103"
                          VPOS="2147"
                          HPOS="1316"
                          CONTENT="vita"/>
                  <SP HEIGHT="45" WIDTH="13" VPOS="2147" HPOS="1420"/>
                  <String HEIGHT="45"
                          WIDTH="142"
                          VPOS="2147"
                          HPOS="1381"
                          CONTENT="fruimur"/>
                  <SP HEIGHT="45" WIDTH="13" VPOS="2147" HPOS="1523"/>
                  <String HEIGHT="45"
                          WIDTH="103"
                          VPOS="2147"
                          HPOS="1484"
                          CONTENT="etc."/>
                  <SP HEIGHT="45" WIDTH="13" VPOS="2147" HPOS="1588"/>
                  <String HEIGHT="45"
                          WIDTH="207"
                          VPOS="2147"
                          HPOS="1549"
                          CONTENT="consequentia"/>
                  <SP HEIGHT="45" WIDTH="13" VPOS="2147" HPOS="1756"/>
                  <String HEIGHT="45"
                          WIDTH="168"
                          VPOS="2147"
                          HPOS="1717"
                          CONTENT="probatur:"/>
                  <SP HEIGHT="45" WIDTH="13" VPOS="2147" HPOS="1885"/>
                  <String HEIGHT="45"
                          WIDTH="103"
                          VPOS="2147"
                          HPOS="1846"
                          CONTENT="quia"/>
                  <SP HEIGHT="45" WIDTH="13" VPOS="2147" HPOS="1950"/>
                  <String HEIGHT="45"
                          WIDTH="142"
                          VPOS="2147"
                          HPOS="1911"
                          CONTENT="visione"/>
                  <SP HEIGHT="45" WIDTH="13" VPOS="2147" HPOS="2053"/>
                  <String HEIGHT="45"
                          WIDTH="91"
                          VPOS="2147"
                          HPOS="2014"
                          CONTENT="qua"/>
                  <SP HEIGHT="45" WIDTH="13" VPOS="2147" HPOS="2105"/>
                  <String HEIGHT="45"
                          WIDTH="91"
                          VPOS="2147"
                          HPOS="2066"
                          CONTENT="hic"/>
                  <SP HEIGHT="45" WIDTH="13" VPOS="2147" HPOS="2156"/>
                  <String HEIGHT="45"
                          WIDTH="103"
                          VPOS="2147"
                          HPOS="2118"
                          CONTENT="deum"/>
                  <SP HEIGHT="45" WIDTH="13" VPOS="2147" HPOS="2221"/>
                  <String HEIGHT="45"
                          WIDTH="78"
                          VPOS="2147"
                          HPOS="2169"
                          CONTENT="vide"/>
               </TextLine>
               <TextLine ID="r4l94"
                         BASELINE="2237"
                         HEIGHT="47"
                         WIDTH="918"
                         VPOS="2190"
                         HPOS="1323">
                  <String HEIGHT="47"
                          WIDTH="100"
                          VPOS="2190"
                          HPOS="1309"
                          CONTENT="mus"/>
                  <SP HEIGHT="47" WIDTH="14" VPOS="2190" HPOS="1409"/>
                  <String HEIGHT="47"
                          WIDTH="100"
                          VPOS="2190"
                          HPOS="1366"
                          CONTENT="per"/>
                  <SP HEIGHT="47" WIDTH="14" VPOS="2190" HPOS="1466"/>
                  <String HEIGHT="47"
                          WIDTH="129"
                          VPOS="2190"
                          HPOS="1423"
                          CONTENT="fidem"/>
                  <SP HEIGHT="47" WIDTH="14" VPOS="2190" HPOS="1553"/>
                  <String HEIGHT="47"
                          WIDTH="100"
                          VPOS="2190"
                          HPOS="1509"
                          CONTENT="aut"/>
                  <SP HEIGHT="47" WIDTH="14" VPOS="2190" HPOS="1610"/>
                  <String HEIGHT="47"
                          WIDTH="129"
                          VPOS="2190"
                          HPOS="1567"
                          CONTENT="etiam"/>
                  <SP HEIGHT="47" WIDTH="14" VPOS="2190" HPOS="1696"/>
                  <String HEIGHT="47"
                          WIDTH="100"
                          VPOS="2190"
                          HPOS="1653"
                          CONTENT="qua"/>
                  <SP HEIGHT="47" WIDTH="14" VPOS="2190" HPOS="1753"/>
                  <String HEIGHT="47" WIDTH="86" VPOS="2190" HPOS="1710" CONTENT="in"/>
                  <SP HEIGHT="47" WIDTH="14" VPOS="2190" HPOS="1796"/>
                  <String HEIGHT="47"
                          WIDTH="143"
                          VPOS="2190"
                          HPOS="1753"
                          CONTENT="patria"/>
                  <SP HEIGHT="47" WIDTH="14" VPOS="2190" HPOS="1897"/>
                  <String HEIGHT="47"
                          WIDTH="143"
                          VPOS="2190"
                          HPOS="1854"
                          CONTENT="vident"/>
                  <SP HEIGHT="47" WIDTH="14" VPOS="2190" HPOS="1997"/>
                  <String HEIGHT="47"
                          WIDTH="129"
                          VPOS="2190"
                          HPOS="1954"
                          CONTENT="anime"/>
                  <SP HEIGHT="47" WIDTH="14" VPOS="2190" HPOS="2083"/>
                  <String HEIGHT="47"
                          WIDTH="186"
                          VPOS="2190"
                          HPOS="2040"
                          CONTENT="sanctorum"/>
                  <SP HEIGHT="47" WIDTH="14" VPOS="2190" HPOS="2227"/>
                  <String HEIGHT="47"
                          WIDTH="72"
                          VPOS="2190"
                          HPOS="2169"
                          CONTENT="per"/>
               </TextLine>
               <TextLine ID="r4l96"
                         BASELINE="2291"
                         HEIGHT="54"
                         WIDTH="927"
                         VPOS="2237"
                         HPOS="1317">
                  <String HEIGHT="54"
                          WIDTH="157"
                          VPOS="2237"
                          HPOS="1303"
                          CONTENT="speciem"/>
                  <SP HEIGHT="54" WIDTH="14" VPOS="2237" HPOS="1460"/>
                  <String HEIGHT="54"
                          WIDTH="143"
                          VPOS="2237"
                          HPOS="1417"
                          CONTENT="angeli"/>
                  <SP HEIGHT="54" WIDTH="14" VPOS="2237" HPOS="1559"/>
                  <String HEIGHT="54"
                          WIDTH="100"
                          VPOS="2237"
                          HPOS="1517"
                          CONTENT="non"/>
                  <SP HEIGHT="54" WIDTH="14" VPOS="2237" HPOS="1616"/>
                  <String HEIGHT="54"
                          WIDTH="185"
                          VPOS="2237"
                          HPOS="1574"
                          CONTENT="fruuntur:"/>
                  <SP HEIGHT="54" WIDTH="14" VPOS="2237" HPOS="1759"/>
                  <String HEIGHT="54"
                          WIDTH="100"
                          VPOS="2237"
                          HPOS="1716"
                          CONTENT="nec"/>
                  <SP HEIGHT="54" WIDTH="14" VPOS="2237" HPOS="1816"/>
                  <String HEIGHT="54"
                          WIDTH="157"
                          VPOS="2237"
                          HPOS="1773"
                          CONTENT="homines"/>
                  <SP HEIGHT="54" WIDTH="14" VPOS="2237" HPOS="1930"/>
                  <String HEIGHT="54"
                          WIDTH="171"
                          VPOS="2237"
                          HPOS="1887"
                          CONTENT="fruuntur"/>
                  <SP HEIGHT="54" WIDTH="14" VPOS="2237" HPOS="2059"/>
                  <String HEIGHT="54"
                          WIDTH="157"
                          VPOS="2237"
                          HPOS="2016"
                          CONTENT="visione"/>
                  <SP HEIGHT="54" WIDTH="14" VPOS="2237" HPOS="2173"/>
                  <String HEIGHT="54"
                          WIDTH="100"
                          VPOS="2237"
                          HPOS="2130"
                          CONTENT="qua"/>
                  <SP HEIGHT="54" WIDTH="14" VPOS="2237" HPOS="2230"/>
                  <String HEIGHT="54"
                          WIDTH="71"
                          VPOS="2237"
                          HPOS="2173"
                          CONTENT="bea"/>
               </TextLine>
               <TextLine ID="r4l98"
                         BASELINE="2331"
                         HEIGHT="50"
                         WIDTH="932"
                         VPOS="2281"
                         HPOS="1314">
                  <String HEIGHT="50" WIDTH="77" VPOS="2281" HPOS="1301" CONTENT="ti"/>
                  <SP HEIGHT="50" WIDTH="13" VPOS="2281" HPOS="1378"/>
                  <String HEIGHT="50"
                          WIDTH="128"
                          VPOS="2281"
                          HPOS="1340"
                          CONTENT="angeli"/>
                  <SP HEIGHT="50" WIDTH="13" VPOS="2281" HPOS="1467"/>
                  <String HEIGHT="50"
                          WIDTH="128"
                          VPOS="2281"
                          HPOS="1429"
                          CONTENT="vident"/>
                  <SP HEIGHT="50" WIDTH="13" VPOS="2281" HPOS="1557"/>
                  <String HEIGHT="50"
                          WIDTH="115"
                          VPOS="2281"
                          HPOS="1518"
                          CONTENT="deum."/>
                  <SP HEIGHT="50" WIDTH="13" VPOS="2281" HPOS="1633"/>
                  <String HEIGHT="50" WIDTH="77" VPOS="2281" HPOS="1595" CONTENT="Et"/>
                  <SP HEIGHT="50" WIDTH="13" VPOS="2281" HPOS="1671"/>
                  <String HEIGHT="50"
                          WIDTH="89"
                          VPOS="2281"
                          HPOS="1633"
                          CONTENT="sic"/>
                  <SP HEIGHT="50" WIDTH="13" VPOS="2281" HPOS="1723"/>
                  <String HEIGHT="50"
                          WIDTH="115"
                          VPOS="2281"
                          HPOS="1684"
                          CONTENT="patet"/>
                  <SP HEIGHT="50" WIDTH="13" VPOS="2281" HPOS="1799"/>
                  <String HEIGHT="50"
                          WIDTH="204"
                          VPOS="2281"
                          HPOS="1761"
                          CONTENT="consequentia"/>
                  <SP HEIGHT="50" WIDTH="13" VPOS="2281" HPOS="1965"/>
                  <String HEIGHT="50"
                          WIDTH="140"
                          VPOS="2281"
                          HPOS="1927"
                          CONTENT="quantum"/>
                  <SP HEIGHT="50" WIDTH="13" VPOS="2281" HPOS="2067"/>
                  <String HEIGHT="50" WIDTH="77" VPOS="2281" HPOS="2029" CONTENT="ad"/>
                  <SP HEIGHT="50" WIDTH="13" VPOS="2281" HPOS="2106"/>
                  <String HEIGHT="50"
                          WIDTH="128"
                          VPOS="2281"
                          HPOS="2067"
                          CONTENT="primam"/>
                  <SP HEIGHT="50" WIDTH="13" VPOS="2281" HPOS="2195"/>
                  <String HEIGHT="50"
                          WIDTH="102"
                          VPOS="2281"
                          HPOS="2144"
                          CONTENT="partem"/>
               </TextLine>
               <TextLine ID="r4l100"
                         BASELINE="2367"
                         HEIGHT="43"
                         WIDTH="937"
                         VPOS="2324"
                         HPOS="1310">
                  <String HEIGHT="43"
                          WIDTH="174"
                          VPOS="2324"
                          HPOS="1299"
                          CONTENT="consequentis"/>
                  <SP HEIGHT="43" WIDTH="11" VPOS="2324" HPOS="1473"/>
                  <String HEIGHT="43"
                          WIDTH="131"
                          VPOS="2324"
                          HPOS="1441"
                          CONTENT="scilicet"/>
                  <SP HEIGHT="43" WIDTH="11" VPOS="2324" HPOS="1571"/>
                  <String HEIGHT="43"
                          WIDTH="87"
                          VPOS="2324"
                          HPOS="1539"
                          CONTENT="quod"/>
                  <SP HEIGHT="43" WIDTH="11" VPOS="2324" HPOS="1626"/>
                  <String HEIGHT="43"
                          WIDTH="98"
                          VPOS="2324"
                          HPOS="1593"
                          CONTENT="visio"/>
                  <SP HEIGHT="43" WIDTH="11" VPOS="2324" HPOS="1691"/>
                  <String HEIGHT="43"
                          WIDTH="98"
                          VPOS="2324"
                          HPOS="1659"
                          CONTENT="beati"/>
                  <SP HEIGHT="43" WIDTH="11" VPOS="2324" HPOS="1757"/>
                  <String HEIGHT="43"
                          WIDTH="76"
                          VPOS="2324"
                          HPOS="1724"
                          CONTENT="non"/>
                  <SP HEIGHT="43" WIDTH="11" VPOS="2324" HPOS="1800"/>
                  <String HEIGHT="43"
                          WIDTH="76"
                          VPOS="2324"
                          HPOS="1768"
                          CONTENT="est"/>
                  <SP HEIGHT="43" WIDTH="11" VPOS="2324" HPOS="1844"/>
                  <String HEIGHT="43"
                          WIDTH="131"
                          VPOS="2324"
                          HPOS="1811"
                          CONTENT="obiectum"/>
                  <SP HEIGHT="43" WIDTH="11" VPOS="2324" HPOS="1942"/>
                  <String HEIGHT="43"
                          WIDTH="153"
                          VPOS="2324"
                          HPOS="1909"
                          CONTENT="fruitionis"/>
                  <SP HEIGHT="43" WIDTH="11" VPOS="2324" HPOS="2062"/>
                  <String HEIGHT="43"
                          WIDTH="87"
                          VPOS="2324"
                          HPOS="2029"
                          CONTENT="sue."/>
                  <SP HEIGHT="43" WIDTH="11" VPOS="2324" HPOS="2116"/>
                  <String HEIGHT="43" WIDTH="65" VPOS="2324" HPOS="2084" CONTENT="2a"/>
                  <SP HEIGHT="43" WIDTH="11" VPOS="2324" HPOS="2149"/>
                  <String HEIGHT="43"
                          WIDTH="109"
                          VPOS="2324"
                          HPOS="2116"
                          CONTENT="patet:"/>
                  <SP HEIGHT="43" WIDTH="11" VPOS="2324" HPOS="2225"/>
                  <String HEIGHT="43"
                          WIDTH="65"
                          VPOS="2324"
                          HPOS="2182"
                          CONTENT="quia"/>
               </TextLine>
               <TextLine ID="r4l102"
                         BASELINE="2422"
                         HEIGHT="53"
                         WIDTH="910"
                         VPOS="2369"
                         HPOS="1316">
                  <String HEIGHT="53"
                          WIDTH="98"
                          VPOS="2369"
                          HPOS="1302"
                          CONTENT="non"/>
                  <SP HEIGHT="53" WIDTH="14" VPOS="2369" HPOS="1400"/>
                  <String HEIGHT="53"
                          WIDTH="98"
                          VPOS="2369"
                          HPOS="1358"
                          CONTENT="est"/>
                  <SP HEIGHT="53" WIDTH="14" VPOS="2369" HPOS="1456"/>
                  <String HEIGHT="53"
                          WIDTH="154"
                          VPOS="2369"
                          HPOS="1414"
                          CONTENT="aliquid"/>
                  <SP HEIGHT="53" WIDTH="14" VPOS="2369" HPOS="1568"/>
                  <String HEIGHT="53"
                          WIDTH="126"
                          VPOS="2369"
                          HPOS="1526"
                          CONTENT="aliud"/>
                  <SP HEIGHT="53" WIDTH="14" VPOS="2369" HPOS="1652"/>
                  <String HEIGHT="53"
                          WIDTH="112"
                          VPOS="2369"
                          HPOS="1610"
                          CONTENT="vnum"/>
                  <SP HEIGHT="53" WIDTH="14" VPOS="2369" HPOS="1722"/>
                  <String HEIGHT="53"
                          WIDTH="98"
                          VPOS="2369"
                          HPOS="1680"
                          CONTENT="quo"/>
                  <SP HEIGHT="53" WIDTH="14" VPOS="2369" HPOS="1778"/>
                  <String HEIGHT="53"
                          WIDTH="140"
                          VPOS="2369"
                          HPOS="1736"
                          CONTENT="angeli"/>
                  <SP HEIGHT="53" WIDTH="14" VPOS="2369" HPOS="1876"/>
                  <String HEIGHT="53" WIDTH="84" VPOS="2369" HPOS="1834" CONTENT="et"/>
                  <SP HEIGHT="53" WIDTH="14" VPOS="2369" HPOS="1918"/>
                  <String HEIGHT="53"
                          WIDTH="154"
                          VPOS="2369"
                          HPOS="1876"
                          CONTENT="homines"/>
                  <SP HEIGHT="53" WIDTH="14" VPOS="2369" HPOS="2030"/>
                  <String HEIGHT="53"
                          WIDTH="182"
                          VPOS="2369"
                          HPOS="1988"
                          CONTENT="fruantur."/>
                  <SP HEIGHT="53" WIDTH="14" VPOS="2369" HPOS="2170"/>
                  <String HEIGHT="53"
                          WIDTH="112"
                          VPOS="2369"
                          HPOS="2114"
                          CONTENT="igitur"/>
               </TextLine>
               <TextLine ID="r4l104"
                         BASELINE="2461"
                         HEIGHT="50"
                         WIDTH="917"
                         VPOS="2411"
                         HPOS="1314">
                  <String HEIGHT="50"
                          WIDTH="98"
                          VPOS="2411"
                          HPOS="1302"
                          CONTENT="deus"/>
                  <SP HEIGHT="50" WIDTH="12" VPOS="2411" HPOS="1400"/>
                  <String HEIGHT="50"
                          WIDTH="86"
                          VPOS="2411"
                          HPOS="1363"
                          CONTENT="est"/>
                  <SP HEIGHT="50" WIDTH="12" VPOS="2411" HPOS="1448"/>
                  <String HEIGHT="50"
                          WIDTH="147"
                          VPOS="2411"
                          HPOS="1412"
                          CONTENT="obiectum"/>
                  <SP HEIGHT="50" WIDTH="12" VPOS="2411" HPOS="1559"/>
                  <String HEIGHT="50"
                          WIDTH="159"
                          VPOS="2411"
                          HPOS="1522"
                          CONTENT="vtriusque"/>
                  <SP HEIGHT="50" WIDTH="12" VPOS="2411" HPOS="1681"/>
                  <String HEIGHT="50"
                          WIDTH="183"
                          VPOS="2411"
                          HPOS="1644"
                          CONTENT="fruitionis:"/>
                  <SP HEIGHT="50" WIDTH="12" VPOS="2411" HPOS="1828"/>
                  <String HEIGHT="50" WIDTH="73" VPOS="2411" HPOS="1791" CONTENT="et"/>
                  <SP HEIGHT="50" WIDTH="12" VPOS="2411" HPOS="1864"/>
                  <String HEIGHT="50"
                          WIDTH="86"
                          VPOS="2411"
                          HPOS="1828"
                          CONTENT="per"/>
                  <SP HEIGHT="50" WIDTH="12" VPOS="2411" HPOS="1913"/>
                  <String HEIGHT="50"
                          WIDTH="171"
                          VPOS="2411"
                          HPOS="1876"
                          CONTENT="consequens"/>
                  <SP HEIGHT="50" WIDTH="12" VPOS="2411" HPOS="2048"/>
                  <String HEIGHT="50"
                          WIDTH="86"
                          VPOS="2411"
                          HPOS="2011"
                          CONTENT="deo"/>
                  <SP HEIGHT="50" WIDTH="12" VPOS="2411" HPOS="2097"/>
                  <String HEIGHT="50"
                          WIDTH="86"
                          VPOS="2411"
                          HPOS="2060"
                          CONTENT="est"/>
                  <SP HEIGHT="50" WIDTH="12" VPOS="2411" HPOS="2145"/>
                  <String HEIGHT="50"
                          WIDTH="134"
                          VPOS="2411"
                          HPOS="2097"
                          CONTENT="fruendum."/>
               </TextLine>
               <TextLine ID="line_1596404807851_319"
                         BASELINE="2506"
                         HEIGHT="55"
                         WIDTH="918"
                         VPOS="2451"
                         HPOS="1329">
                  <String HEIGHT="55" WIDTH="81" VPOS="2451" HPOS="1313" CONTENT="⁋"/>
                  <SP HEIGHT="55" WIDTH="16" VPOS="2451" HPOS="1393"/>
                  <String HEIGHT="55"
                          WIDTH="161"
                          VPOS="2451"
                          HPOS="1345"
                          CONTENT="Tertio"/>
                  <SP HEIGHT="55" WIDTH="16" VPOS="2451" HPOS="1506"/>
                  <String HEIGHT="55"
                          WIDTH="177"
                          VPOS="2451"
                          HPOS="1458"
                          CONTENT="visione"/>
                  <SP HEIGHT="55" WIDTH="16" VPOS="2451" HPOS="1635"/>
                  <String HEIGHT="55"
                          WIDTH="209"
                          VPOS="2451"
                          HPOS="1587"
                          CONTENT="beatifica"/>
                  <SP HEIGHT="55" WIDTH="16" VPOS="2451" HPOS="1796"/>
                  <String HEIGHT="55"
                          WIDTH="113"
                          VPOS="2451"
                          HPOS="1748"
                          CONTENT="est"/>
                  <SP HEIGHT="55" WIDTH="16" VPOS="2451" HPOS="1860"/>
                  <String HEIGHT="55"
                          WIDTH="193"
                          VPOS="2451"
                          HPOS="1812"
                          CONTENT="vtendum."/>
                  <SP HEIGHT="55" WIDTH="16" VPOS="2451" HPOS="2005"/>
                  <String HEIGHT="55"
                          WIDTH="161"
                          VPOS="2451"
                          HPOS="1957"
                          CONTENT="igitur"/>
                  <SP HEIGHT="55" WIDTH="16" VPOS="2451" HPOS="2118"/>
                  <String HEIGHT="55" WIDTH="97" VPOS="2451" HPOS="2070" CONTENT="ea"/>
                  <SP HEIGHT="55" WIDTH="16" VPOS="2451" HPOS="2166"/>
                  <String HEIGHT="55"
                          WIDTH="113"
                          VPOS="2451"
                          HPOS="2118"
                          CONTENT="non"/>
                  <SP HEIGHT="55" WIDTH="16" VPOS="2451" HPOS="2231"/>
                  <String HEIGHT="55"
                          WIDTH="81"
                          VPOS="2451"
                          HPOS="2166"
                          CONTENT="est"/>
               </TextLine>
               <TextLine ID="r4l108"
                         BASELINE="2554"
                         HEIGHT="63"
                         WIDTH="922"
                         VPOS="2491"
                         HPOS="1310">
                  <String HEIGHT="63"
                          WIDTH="174"
                          VPOS="2491"
                          HPOS="1297"
                          CONTENT="fruendum."/>
                  <SP HEIGHT="63" WIDTH="13" VPOS="2491" HPOS="1470"/>
                  <String HEIGHT="63"
                          WIDTH="107"
                          VPOS="2491"
                          HPOS="1430"
                          CONTENT="ergo"/>
                  <SP HEIGHT="63" WIDTH="13" VPOS="2491" HPOS="1537"/>
                  <String HEIGHT="63"
                          WIDTH="94"
                          VPOS="2491"
                          HPOS="1497"
                          CONTENT="deo"/>
                  <SP HEIGHT="63" WIDTH="13" VPOS="2491" HPOS="1591"/>
                  <String HEIGHT="63"
                          WIDTH="94"
                          VPOS="2491"
                          HPOS="1551"
                          CONTENT="est"/>
                  <SP HEIGHT="63" WIDTH="13" VPOS="2491" HPOS="1644"/>
                  <String HEIGHT="63"
                          WIDTH="174"
                          VPOS="2491"
                          HPOS="1604"
                          CONTENT="fruendum."/>
                  <SP HEIGHT="63" WIDTH="13" VPOS="2491" HPOS="1778"/>
                  <String HEIGHT="63"
                          WIDTH="187"
                          VPOS="2491"
                          HPOS="1738"
                          CONTENT="Antecedens"/>
                  <SP HEIGHT="63" WIDTH="13" VPOS="2491" HPOS="1925"/>
                  <String HEIGHT="63"
                          WIDTH="120"
                          VPOS="2491"
                          HPOS="1885"
                          CONTENT="patet"/>
                  <SP HEIGHT="63" WIDTH="13" VPOS="2491" HPOS="2005"/>
                  <String HEIGHT="63" WIDTH="80" VPOS="2491" HPOS="1965" CONTENT="ex"/>
                  <SP HEIGHT="63" WIDTH="13" VPOS="2491" HPOS="2045"/>
                  <String HEIGHT="63"
                          WIDTH="200"
                          VPOS="2491"
                          HPOS="2005"
                          CONTENT="auctoritate"/>
                  <SP HEIGHT="63" WIDTH="13" VPOS="2491" HPOS="2205"/>
                  <String HEIGHT="63"
                          WIDTH="80"
                          VPOS="2491"
                          HPOS="2152"
                          CONTENT="Aug."/>
               </TextLine>
               <TextLine ID="line_1596404807852_321"
                         BASELINE="2596"
                         HEIGHT="55"
                         WIDTH="920"
                         VPOS="2541"
                         HPOS="1326">
                  <String HEIGHT="55"
                          WIDTH="206"
                          VPOS="2541"
                          HPOS="1312"
                          CONTENT="preallegata"/>
                  <SP HEIGHT="55" WIDTH="14" VPOS="2541" HPOS="1518"/>
                  <String HEIGHT="55"
                          WIDTH="124"
                          VPOS="2541"
                          HPOS="1477"
                          CONTENT="primo"/>
                  <SP HEIGHT="55" WIDTH="14" VPOS="2541" HPOS="1601"/>
                  <String HEIGHT="55" WIDTH="82" VPOS="2541" HPOS="1559" CONTENT="de"/>
                  <SP HEIGHT="55" WIDTH="14" VPOS="2541" HPOS="1642"/>
                  <String HEIGHT="55"
                          WIDTH="151"
                          VPOS="2541"
                          HPOS="1601"
                          CONTENT="doctri."/>
                  <SP HEIGHT="55" WIDTH="14" VPOS="2541" HPOS="1752"/>
                  <String HEIGHT="55"
                          WIDTH="206"
                          VPOS="2541"
                          HPOS="1710"
                          CONTENT="christiana."/>
                  <SP HEIGHT="55" WIDTH="14" VPOS="2541" HPOS="1916"/>
                  <String HEIGHT="55"
                          WIDTH="96"
                          VPOS="2541"
                          HPOS="1875"
                          CONTENT="qua"/>
                  <SP HEIGHT="55" WIDTH="14" VPOS="2541" HPOS="1971"/>
                  <String HEIGHT="55"
                          WIDTH="151"
                          VPOS="2541"
                          HPOS="1930"
                          CONTENT="dicitur"/>
                  <SP HEIGHT="55" WIDTH="14" VPOS="2541" HPOS="2081"/>
                  <String HEIGHT="55"
                          WIDTH="110"
                          VPOS="2541"
                          HPOS="2040"
                          CONTENT="quod"/>
                  <SP HEIGHT="55" WIDTH="14" VPOS="2541" HPOS="2150"/>
                  <String HEIGHT="55"
                          WIDTH="151"
                          VPOS="2541"
                          HPOS="2109"
                          CONTENT="ceteris"/>
                  <SP HEIGHT="55" WIDTH="14" VPOS="2541" HPOS="2260"/>
                  <String HEIGHT="55" WIDTH="41" VPOS="2541" HPOS="2205" CONTENT="a"/>
               </TextLine>
               <TextLine ID="r4l112"
                         BASELINE="2637"
                         HEIGHT="56"
                         WIDTH="915"
                         VPOS="2581"
                         HPOS="1311">
                  <String HEIGHT="56"
                          WIDTH="109"
                          VPOS="2581"
                          HPOS="1295"
                          CONTENT="deo"/>
                  <SP HEIGHT="56" WIDTH="16" VPOS="2581" HPOS="1404"/>
                  <String HEIGHT="56"
                          WIDTH="109"
                          VPOS="2581"
                          HPOS="1358"
                          CONTENT="est"/>
                  <SP HEIGHT="56" WIDTH="16" VPOS="2581" HPOS="1466"/>
                  <String HEIGHT="56"
                          WIDTH="186"
                          VPOS="2581"
                          HPOS="1420"
                          CONTENT="vtendum."/>
                  <SP HEIGHT="56" WIDTH="16" VPOS="2581" HPOS="1606"/>
                  <String HEIGHT="56" WIDTH="93" VPOS="2581" HPOS="1559" CONTENT="et"/>
                  <SP HEIGHT="56" WIDTH="16" VPOS="2581" HPOS="1652"/>
                  <String HEIGHT="56" WIDTH="93" VPOS="2581" HPOS="1606" CONTENT="in"/>
                  <SP HEIGHT="56" WIDTH="16" VPOS="2581" HPOS="1699"/>
                  <String HEIGHT="56"
                          WIDTH="124"
                          VPOS="2581"
                          HPOS="1652"
                          CONTENT="fine"/>
                  <SP HEIGHT="56" WIDTH="16" VPOS="2581" HPOS="1776"/>
                  <String HEIGHT="56"
                          WIDTH="140"
                          VPOS="2581"
                          HPOS="1730"
                          CONTENT="capi."/>
                  <SP HEIGHT="56" WIDTH="16" VPOS="2581" HPOS="1869"/>
                  <String HEIGHT="56"
                          WIDTH="186"
                          VPOS="2581"
                          HPOS="1823"
                          CONTENT="quicquid"/>
                  <SP HEIGHT="56" WIDTH="16" VPOS="2581" HPOS="2009"/>
                  <String HEIGHT="56"
                          WIDTH="140"
                          VPOS="2581"
                          HPOS="1962"
                          CONTENT="aliud"/>
                  <SP HEIGHT="56" WIDTH="16" VPOS="2581" HPOS="2102"/>
                  <String HEIGHT="56"
                          WIDTH="171"
                          VPOS="2581"
                          HPOS="2055"
                          CONTENT="veniunt"/>
                  <SP HEIGHT="56" WIDTH="16" VPOS="2581" HPOS="2226"/>
                  <String HEIGHT="56" WIDTH="62" VPOS="2581" HPOS="2164" CONTENT="in"/>
               </TextLine>
               <TextLine ID="r4l114"
                         BASELINE="2674"
                         HEIGHT="45"
                         WIDTH="906"
                         VPOS="2629"
                         HPOS="1320">
                  <String HEIGHT="45"
                          WIDTH="178"
                          VPOS="2629"
                          HPOS="1304"
                          CONTENT="animum:"/>
                  <SP HEIGHT="45" WIDTH="16" VPOS="2629" HPOS="1482"/>
                  <String HEIGHT="45"
                          WIDTH="146"
                          VPOS="2629"
                          HPOS="1433"
                          CONTENT="illuc"/>
                  <SP HEIGHT="45" WIDTH="16" VPOS="2629" HPOS="1579"/>
                  <String HEIGHT="45"
                          WIDTH="194"
                          VPOS="2629"
                          HPOS="1530"
                          CONTENT="rapiatur"/>
                  <SP HEIGHT="45" WIDTH="16" VPOS="2629" HPOS="1724"/>
                  <String HEIGHT="45"
                          WIDTH="113"
                          VPOS="2629"
                          HPOS="1676"
                          CONTENT="quo"/>
                  <SP HEIGHT="45" WIDTH="16" VPOS="2629" HPOS="1789"/>
                  <String HEIGHT="45"
                          WIDTH="146"
                          VPOS="2629"
                          HPOS="1741"
                          CONTENT="totus"/>
                  <SP HEIGHT="45" WIDTH="16" VPOS="2629" HPOS="1886"/>
                  <String HEIGHT="45"
                          WIDTH="243"
                          VPOS="2629"
                          HPOS="1838"
                          CONTENT="dilectionis"/>
                  <SP HEIGHT="45" WIDTH="16" VPOS="2629" HPOS="2080"/>
                  <String HEIGHT="45"
                          WIDTH="178"
                          VPOS="2629"
                          HPOS="2032"
                          CONTENT="impetus"/>
                  <SP HEIGHT="45" WIDTH="16" VPOS="2629" HPOS="2210"/>
                  <String HEIGHT="45"
                          WIDTH="81"
                          VPOS="2629"
                          HPOS="2145"
                          CONTENT="cur"/>
               </TextLine>
               <TextLine ID="r4l116"
                         BASELINE="2718"
                         HEIGHT="47"
                         WIDTH="922"
                         VPOS="2671"
                         HPOS="1316">
                  <String HEIGHT="47"
                          WIDTH="119"
                          VPOS="2671"
                          HPOS="1301"
                          CONTENT="rat:"/>
                  <SP HEIGHT="47" WIDTH="15" VPOS="2671" HPOS="1420"/>
                  <String HEIGHT="47"
                          WIDTH="134"
                          VPOS="2671"
                          HPOS="1375"
                          CONTENT="illud"/>
                  <SP HEIGHT="47" WIDTH="15" VPOS="2671" HPOS="1509"/>
                  <String HEIGHT="47"
                          WIDTH="134"
                          VPOS="2671"
                          HPOS="1465"
                          CONTENT="autem"/>
                  <SP HEIGHT="47" WIDTH="15" VPOS="2671" HPOS="1599"/>
                  <String HEIGHT="47"
                          WIDTH="104"
                          VPOS="2671"
                          HPOS="1554"
                          CONTENT="est"/>
                  <SP HEIGHT="47" WIDTH="15" VPOS="2671" HPOS="1658"/>
                  <String HEIGHT="47"
                          WIDTH="119"
                          VPOS="2671"
                          HPOS="1613"
                          CONTENT="deus"/>
                  <SP HEIGHT="47" WIDTH="15" VPOS="2671" HPOS="1732"/>
                  <String HEIGHT="47" WIDTH="89" VPOS="2671" HPOS="1688" CONTENT="vt"/>
                  <SP HEIGHT="47" WIDTH="15" VPOS="2671" HPOS="1777"/>
                  <String HEIGHT="47"
                          WIDTH="193"
                          VPOS="2671"
                          HPOS="1732"
                          CONTENT="immediate"/>
                  <SP HEIGHT="47" WIDTH="15" VPOS="2671" HPOS="1926"/>
                  <String HEIGHT="47"
                          WIDTH="208"
                          VPOS="2671"
                          HPOS="1881"
                          CONTENT="premittit."/>
                  <SP HEIGHT="47" WIDTH="15" VPOS="2671" HPOS="2089"/>
                  <String HEIGHT="47"
                          WIDTH="149"
                          VPOS="2671"
                          HPOS="2045"
                          CONTENT="igitur"/>
                  <SP HEIGHT="47" WIDTH="15" VPOS="2671" HPOS="2193"/>
                  <String HEIGHT="47"
                          WIDTH="104"
                          VPOS="2671"
                          HPOS="2134"
                          CONTENT="etiam"/>
               </TextLine>
               <TextLine ID="r4l118"
                         BASELINE="2771"
                         HEIGHT="61"
                         WIDTH="907"
                         VPOS="2710"
                         HPOS="1319">
                  <String HEIGHT="61"
                          WIDTH="121"
                          VPOS="2710"
                          HPOS="1304"
                          CONTENT="ipsa"/>
                  <SP HEIGHT="61" WIDTH="15" VPOS="2710" HPOS="1425"/>
                  <String HEIGHT="61"
                          WIDTH="166"
                          VPOS="2710"
                          HPOS="1379"
                          CONTENT="visione"/>
                  <SP HEIGHT="61" WIDTH="15" VPOS="2710" HPOS="1546"/>
                  <String HEIGHT="61"
                          WIDTH="166"
                          VPOS="2710"
                          HPOS="1500"
                          CONTENT="vtendum"/>
                  <SP HEIGHT="61" WIDTH="15" VPOS="2710" HPOS="1667"/>
                  <String HEIGHT="61"
                          WIDTH="121"
                          VPOS="2710"
                          HPOS="1621"
                          CONTENT="est:"/>
                  <SP HEIGHT="61" WIDTH="15" VPOS="2710" HPOS="1742"/>
                  <String HEIGHT="61" WIDTH="91" VPOS="2710" HPOS="1697" CONTENT="et"/>
                  <SP HEIGHT="61" WIDTH="15" VPOS="2710" HPOS="1788"/>
                  <String HEIGHT="61"
                          WIDTH="197"
                          VPOS="2710"
                          HPOS="1742"
                          CONTENT="diligenda"/>
                  <SP HEIGHT="61" WIDTH="15" VPOS="2710" HPOS="1939"/>
                  <String HEIGHT="61"
                          WIDTH="121"
                          VPOS="2710"
                          HPOS="1893"
                          CONTENT="ipsa"/>
                  <SP HEIGHT="61" WIDTH="15" VPOS="2710" HPOS="2014"/>
                  <String HEIGHT="61"
                          WIDTH="106"
                          VPOS="2710"
                          HPOS="1969"
                          CONTENT="est"/>
                  <SP HEIGHT="61" WIDTH="15" VPOS="2710" HPOS="2075"/>
                  <String HEIGHT="61"
                          WIDTH="166"
                          VPOS="2710"
                          HPOS="2029"
                          CONTENT="propter"/>
                  <SP HEIGHT="61" WIDTH="15" VPOS="2710" HPOS="2196"/>
                  <String HEIGHT="61"
                          WIDTH="91"
                          VPOS="2710"
                          HPOS="2135"
                          CONTENT="deum"/>
               </TextLine>
               <TextLine ID="r4l120"
                         BASELINE="2814"
                         HEIGHT="54"
                         WIDTH="900"
                         VPOS="2760"
                         HPOS="1332">
                  <String HEIGHT="54"
                          WIDTH="117"
                          VPOS="2760"
                          HPOS="1319"
                          CONTENT="prima"/>
                  <SP HEIGHT="54" WIDTH="13" VPOS="2760" HPOS="1436"/>
                  <String HEIGHT="54"
                          WIDTH="209"
                          VPOS="2760"
                          HPOS="1397"
                          CONTENT="consequentia"/>
                  <SP HEIGHT="54" WIDTH="13" VPOS="2760" HPOS="1606"/>
                  <String HEIGHT="54"
                          WIDTH="130"
                          VPOS="2760"
                          HPOS="1567"
                          CONTENT="patet:"/>
                  <SP HEIGHT="54" WIDTH="13" VPOS="2760" HPOS="1697"/>
                  <String HEIGHT="54"
                          WIDTH="104"
                          VPOS="2760"
                          HPOS="1658"
                          CONTENT="quia"/>
                  <SP HEIGHT="54" WIDTH="13" VPOS="2760" HPOS="1762"/>
                  <String HEIGHT="54"
                          WIDTH="130"
                          VPOS="2760"
                          HPOS="1723"
                          CONTENT="humana"/>
                  <SP HEIGHT="54" WIDTH="13" VPOS="2760" HPOS="1854"/>
                  <String HEIGHT="54"
                          WIDTH="170"
                          VPOS="2760"
                          HPOS="1815"
                          CONTENT="peruersio"/>
                  <SP HEIGHT="54" WIDTH="13" VPOS="2760" HPOS="1984"/>
                  <String HEIGHT="54"
                          WIDTH="91"
                          VPOS="2760"
                          HPOS="1945"
                          CONTENT="est"/>
                  <SP HEIGHT="54" WIDTH="13" VPOS="2760" HPOS="2036"/>
                  <String HEIGHT="54"
                          WIDTH="143"
                          VPOS="2760"
                          HPOS="1997"
                          CONTENT="vtendis"/>
                  <SP HEIGHT="54" WIDTH="13" VPOS="2760" HPOS="2141"/>
                  <String HEIGHT="54"
                          WIDTH="104"
                          VPOS="2760"
                          HPOS="2102"
                          CONTENT="frui"/>
                  <SP HEIGHT="54" WIDTH="13" VPOS="2760" HPOS="2206"/>
                  <String HEIGHT="54"
                          WIDTH="78"
                          VPOS="2760"
                          HPOS="2154"
                          CONTENT="vel"
                          SUBS_TYPE="HypPart1"
                          SUBS_CONTENT="velle"/>
                  <HYP CONTENT="-"/>
               </TextLine>
               <TextLine ID="line_1596404807855_323"
                         BASELINE="2858"
                         HEIGHT="57"
                         WIDTH="923"
                         VPOS="2801"
                         HPOS="1320">
                  <String HEIGHT="57"
                          WIDTH="71"
                          VPOS="2801"
                          HPOS="1308"
                          CONTENT="le"
                          SUBS_TYPE="HypPart2"
                          SUBS_CONTENT="velle"/>
                  <SP HEIGHT="57" WIDTH="12" VPOS="2801" HPOS="1379"/>
                  <String HEIGHT="57"
                          WIDTH="142"
                          VPOS="2801"
                          HPOS="1344"
                          CONTENT="secundum"/>
                  <SP HEIGHT="57" WIDTH="12" VPOS="2801" HPOS="1486"/>
                  <String HEIGHT="57"
                          WIDTH="130"
                          VPOS="2801"
                          HPOS="1450"
                          CONTENT="eundem."/>
                  <SP HEIGHT="57" WIDTH="12" VPOS="2801" HPOS="1580"/>
                  <String HEIGHT="57"
                          WIDTH="83"
                          VPOS="2801"
                          HPOS="1545"
                          CONTENT="83."/>
                  <SP HEIGHT="57" WIDTH="12" VPOS="2801" HPOS="1628"/>
                  <String HEIGHT="57" WIDTH="71" VPOS="2801" HPOS="1592" CONTENT="q."/>
                  <SP HEIGHT="57" WIDTH="12" VPOS="2801" HPOS="1663"/>
                  <String HEIGHT="57"
                          WIDTH="130"
                          VPOS="2801"
                          HPOS="1628"
                          CONTENT="Secunda"/>
                  <SP HEIGHT="57" WIDTH="12" VPOS="2801" HPOS="1758"/>
                  <String HEIGHT="57"
                          WIDTH="189"
                          VPOS="2801"
                          HPOS="1722"
                          CONTENT="consequentia"/>
                  <SP HEIGHT="57" WIDTH="12" VPOS="2801" HPOS="1912"/>
                  <String HEIGHT="57"
                          WIDTH="118"
                          VPOS="2801"
                          HPOS="1876"
                          CONTENT="patet:"/>
                  <SP HEIGHT="57" WIDTH="12" VPOS="2801" HPOS="1995"/>
                  <String HEIGHT="57"
                          WIDTH="83"
                          VPOS="2801"
                          HPOS="1959"
                          CONTENT="tum"/>
                  <SP HEIGHT="57" WIDTH="12" VPOS="2801" HPOS="2042"/>
                  <String HEIGHT="57" WIDTH="71" VPOS="2801" HPOS="2006" CONTENT="ex"/>
                  <SP HEIGHT="57" WIDTH="12" VPOS="2801" HPOS="2077"/>
                  <String HEIGHT="57"
                          WIDTH="178"
                          VPOS="2801"
                          HPOS="2042"
                          CONTENT="auctoritate"/>
                  <SP HEIGHT="57" WIDTH="12" VPOS="2801" HPOS="2219"/>
                  <String HEIGHT="57"
                          WIDTH="71"
                          VPOS="2801"
                          HPOS="2172"
                          CONTENT="nunc"/>
               </TextLine>
               <TextLine ID="line_1596404816096_338"
                         BASELINE="2899"
                         HEIGHT="50"
                         WIDTH="926"
                         VPOS="2849"
                         HPOS="1309">
                  <String HEIGHT="50"
                          WIDTH="208"
                          VPOS="2849"
                          HPOS="1293"
                          CONTENT="allegata:"/>
                  <SP HEIGHT="50" WIDTH="16" VPOS="2849" HPOS="1501"/>
                  <String HEIGHT="50"
                          WIDTH="128"
                          VPOS="2849"
                          HPOS="1453"
                          CONTENT="quia"/>
                  <SP HEIGHT="50" WIDTH="16" VPOS="2849" HPOS="1580"/>
                  <String HEIGHT="50"
                          WIDTH="128"
                          VPOS="2849"
                          HPOS="1533"
                          CONTENT="omne"/>
                  <SP HEIGHT="50" WIDTH="16" VPOS="2849" HPOS="1660"/>
                  <String HEIGHT="50"
                          WIDTH="128"
                          VPOS="2849"
                          HPOS="1612"
                          CONTENT="quod"/>
                  <SP HEIGHT="50" WIDTH="16" VPOS="2849" HPOS="1740"/>
                  <String HEIGHT="50"
                          WIDTH="208"
                          VPOS="2849"
                          HPOS="1692"
                          CONTENT="diligimus"/>
                  <SP HEIGHT="50" WIDTH="16" VPOS="2849" HPOS="1900"/>
                  <String HEIGHT="50"
                          WIDTH="224"
                          VPOS="2849"
                          HPOS="1852"
                          CONTENT="referendum"/>
                  <SP HEIGHT="50" WIDTH="16" VPOS="2849" HPOS="2075"/>
                  <String HEIGHT="50"
                          WIDTH="112"
                          VPOS="2849"
                          HPOS="2027"
                          CONTENT="est"/>
                  <SP HEIGHT="50" WIDTH="16" VPOS="2849" HPOS="2139"/>
                  <String HEIGHT="50" WIDTH="96" VPOS="2849" HPOS="2091" CONTENT="in"/>
                  <SP HEIGHT="50" WIDTH="16" VPOS="2849" HPOS="2187"/>
                  <String HEIGHT="50"
                          WIDTH="112"
                          VPOS="2849"
                          HPOS="2123"
                          CONTENT="deum:"/>
               </TextLine>
               <TextLine ID="r4l126"
                         BASELINE="2940"
                         HEIGHT="50"
                         WIDTH="898"
                         VPOS="2890"
                         HPOS="1324">
                  <String HEIGHT="50" WIDTH="79" VPOS="2890" HPOS="1311" CONTENT="et"/>
                  <SP HEIGHT="50" WIDTH="13" VPOS="2890" HPOS="1390"/>
                  <String HEIGHT="50"
                          WIDTH="92"
                          VPOS="2890"
                          HPOS="1350"
                          CONTENT="per"/>
                  <SP HEIGHT="50" WIDTH="13" VPOS="2890" HPOS="1443"/>
                  <String HEIGHT="50"
                          WIDTH="185"
                          VPOS="2890"
                          HPOS="1403"
                          CONTENT="consequens"/>
                  <SP HEIGHT="50" WIDTH="13" VPOS="2890" HPOS="1588"/>
                  <String HEIGHT="50" WIDTH="79" VPOS="2890" HPOS="1549" CONTENT="eo"/>
                  <SP HEIGHT="50" WIDTH="13" VPOS="2890" HPOS="1628"/>
                  <String HEIGHT="50"
                          WIDTH="172"
                          VPOS="2890"
                          HPOS="1588"
                          CONTENT="fruendum."/>
                  <SP HEIGHT="50" WIDTH="13" VPOS="2890" HPOS="1760"/>
                  <String HEIGHT="50"
                          WIDTH="92"
                          VPOS="2890"
                          HPOS="1720"
                          CONTENT="tum"/>
                  <SP HEIGHT="50" WIDTH="13" VPOS="2890" HPOS="1813"/>
                  <String HEIGHT="50"
                          WIDTH="106"
                          VPOS="2890"
                          HPOS="1773"
                          CONTENT="quia"/>
                  <SP HEIGHT="50" WIDTH="13" VPOS="2890" HPOS="1879"/>
                  <String HEIGHT="50"
                          WIDTH="92"
                          VPOS="2890"
                          HPOS="1839"
                          CONTENT="non"/>
                  <SP HEIGHT="50" WIDTH="13" VPOS="2890" HPOS="1931"/>
                  <String HEIGHT="50"
                          WIDTH="132"
                          VPOS="2890"
                          HPOS="1892"
                          CONTENT="restat"/>
                  <SP HEIGHT="50" WIDTH="13" VPOS="2890" HPOS="2024"/>
                  <String HEIGHT="50"
                          WIDTH="92"
                          VPOS="2890"
                          HPOS="1984"
                          CONTENT="quo"/>
                  <SP HEIGHT="50" WIDTH="13" VPOS="2890" HPOS="2077"/>
                  <String HEIGHT="50"
                          WIDTH="106"
                          VPOS="2890"
                          HPOS="2037"
                          CONTENT="alio"/>
                  <SP HEIGHT="50" WIDTH="13" VPOS="2890" HPOS="2143"/>
                  <String HEIGHT="50"
                          WIDTH="92"
                          VPOS="2890"
                          HPOS="2103"
                          CONTENT="sit"/>
                  <SP HEIGHT="50" WIDTH="13" VPOS="2890" HPOS="2196"/>
                  <String HEIGHT="50"
                          WIDTH="79"
                          VPOS="2890"
                          HPOS="2143"
                          CONTENT="fru"
                          SUBS_TYPE="HypPart1"
                          SUBS_CONTENT="fruendum."/>
                  <HYP CONTENT="-"/>
               </TextLine>
               <TextLine ID="line_1596404807856_325"
                         BASELINE="2990"
                         HEIGHT="60"
                         WIDTH="925"
                         VPOS="2930"
                         HPOS="1315">
                  <String HEIGHT="60"
                          WIDTH="154"
                          VPOS="2930"
                          HPOS="1300"
                          CONTENT="endum."
                          SUBS_TYPE="HypPart2"
                          SUBS_CONTENT="fruendum."/>
                  <SP HEIGHT="60" WIDTH="15" VPOS="2930" HPOS="1454"/>
                  <String HEIGHT="60"
                          WIDTH="185"
                          VPOS="2930"
                          HPOS="1408"
                          CONTENT="Rationes"/>
                  <SP HEIGHT="60" WIDTH="15" VPOS="2930" HPOS="1592"/>
                  <String HEIGHT="60"
                          WIDTH="200"
                          VPOS="2930"
                          HPOS="1546"
                          CONTENT="opinionis"/>
                  <SP HEIGHT="60" WIDTH="15" VPOS="2930" HPOS="1747"/>
                  <String HEIGHT="60"
                          WIDTH="170"
                          VPOS="2930"
                          HPOS="1700"
                          CONTENT="modicum"/>
                  <SP HEIGHT="60" WIDTH="15" VPOS="2930" HPOS="1870"/>
                  <String HEIGHT="60"
                          WIDTH="170"
                          VPOS="2930"
                          HPOS="1824"
                          CONTENT="valent."/>
                  <SP HEIGHT="60" WIDTH="15" VPOS="2930" HPOS="1993"/>
                  <String HEIGHT="60"
                          WIDTH="123"
                          VPOS="2930"
                          HPOS="1947"
                          CONTENT="vnde"/>
                  <SP HEIGHT="60" WIDTH="15" VPOS="2930" HPOS="2070"/>
                  <String HEIGHT="60" WIDTH="93" VPOS="2930" HPOS="2024" CONTENT="ad"/>
                  <SP HEIGHT="60" WIDTH="15" VPOS="2930" HPOS="2117"/>
                  <String HEIGHT="60"
                          WIDTH="154"
                          VPOS="2930"
                          HPOS="2070"
                          CONTENT="primam"/>
                  <SP HEIGHT="60" WIDTH="15" VPOS="2930" HPOS="2225"/>
                  <String HEIGHT="60"
                          WIDTH="77"
                          VPOS="2930"
                          HPOS="2163"
                          CONTENT="di"
                          SUBS_TYPE="HypPart1"
                          SUBS_CONTENT="dico"/>
                  <HYP CONTENT="-"/>
               </TextLine>
               <TextLine ID="line_1596404807857_327"
                         BASELINE="3035"
                         HEIGHT="61"
                         WIDTH="926"
                         VPOS="2974"
                         HPOS="1314">
                  <String HEIGHT="61"
                          WIDTH="78"
                          VPOS="2974"
                          HPOS="1301"
                          CONTENT="co"
                          SUBS_TYPE="HypPart2"
                          SUBS_CONTENT="dico"/>
                  <SP HEIGHT="61" WIDTH="13" VPOS="2974" HPOS="1379"/>
                  <String HEIGHT="61"
                          WIDTH="104"
                          VPOS="2974"
                          HPOS="1340"
                          CONTENT="quod"/>
                  <SP HEIGHT="61" WIDTH="13" VPOS="2974" HPOS="1444"/>
                  <String HEIGHT="61"
                          WIDTH="143"
                          VPOS="2974"
                          HPOS="1405"
                          CONTENT="vtraque"/>
                  <SP HEIGHT="61" WIDTH="13" VPOS="2974" HPOS="1549"/>
                  <String HEIGHT="61"
                          WIDTH="196"
                          VPOS="2974"
                          HPOS="1510"
                          CONTENT="premissarum"/>
                  <SP HEIGHT="61" WIDTH="13" VPOS="2974" HPOS="1705"/>
                  <String HEIGHT="61"
                          WIDTH="91"
                          VPOS="2974"
                          HPOS="1666"
                          CONTENT="est"/>
                  <SP HEIGHT="61" WIDTH="13" VPOS="2974" HPOS="1757"/>
                  <String HEIGHT="61"
                          WIDTH="130"
                          VPOS="2974"
                          HPOS="1718"
                          CONTENT="falsa."/>
                  <SP HEIGHT="61" WIDTH="13" VPOS="2974" HPOS="1849"/>
                  <String HEIGHT="61"
                          WIDTH="117"
                          VPOS="2974"
                          HPOS="1810"
                          CONTENT="maior"/>
                  <SP HEIGHT="61" WIDTH="13" VPOS="2974" HPOS="1927"/>
                  <String HEIGHT="61"
                          WIDTH="143"
                          VPOS="2974"
                          HPOS="1888"
                          CONTENT="quidem:"/>
                  <SP HEIGHT="61" WIDTH="13" VPOS="2974" HPOS="2031"/>
                  <String HEIGHT="61"
                          WIDTH="104"
                          VPOS="2974"
                          HPOS="1992"
                          CONTENT="quia"/>
                  <SP HEIGHT="61" WIDTH="13" VPOS="2974" HPOS="2097"/>
                  <String HEIGHT="61"
                          WIDTH="91"
                          VPOS="2974"
                          HPOS="2057"
                          CONTENT="non"/>
                  <SP HEIGHT="61" WIDTH="13" VPOS="2974" HPOS="2149"/>
                  <String HEIGHT="61"
                          WIDTH="130"
                          VPOS="2974"
                          HPOS="2110"
                          CONTENT="potest"/>
                  <SP HEIGHT="61" WIDTH="13" VPOS="2974" HPOS="2240"/>
                  <String HEIGHT="61" WIDTH="52" VPOS="2974" HPOS="2188" CONTENT="so"/>
               </TextLine>
               <TextLine ID="line_1596404807858_329"
                         BASELINE="3065"
                         HEIGHT="50"
                         WIDTH="925"
                         VPOS="3015"
                         HPOS="1314">
                  <String HEIGHT="50"
                          WIDTH="110"
                          VPOS="3015"
                          HPOS="1298"
                          CONTENT="lum"/>
                  <SP HEIGHT="50" WIDTH="16" VPOS="3015" HPOS="1408"/>
                  <String HEIGHT="50"
                          WIDTH="125"
                          VPOS="3015"
                          HPOS="1361"
                          CONTENT="quis"/>
                  <SP HEIGHT="50" WIDTH="16" VPOS="3015" HPOS="1486"/>
                  <String HEIGHT="50"
                          WIDTH="219"
                          VPOS="3015"
                          HPOS="1439"
                          CONTENT="desiderare"/>
                  <SP HEIGHT="50" WIDTH="16" VPOS="3015" HPOS="1659"/>
                  <String HEIGHT="50"
                          WIDTH="251"
                          VPOS="3015"
                          HPOS="1612"
                          CONTENT="habitationem"/>
                  <SP HEIGHT="50" WIDTH="16" VPOS="3015" HPOS="1863"/>
                  <String HEIGHT="50"
                          WIDTH="110"
                          VPOS="3015"
                          HPOS="1816"
                          CONTENT="rei"/>
                  <SP HEIGHT="50" WIDTH="16" VPOS="3015" HPOS="1925"/>
                  <String HEIGHT="50" WIDTH="94" VPOS="3015" HPOS="1878" CONTENT="ad"/>
                  <SP HEIGHT="50" WIDTH="16" VPOS="3015" HPOS="1972"/>
                  <String HEIGHT="50"
                          WIDTH="235"
                          VPOS="3015"
                          HPOS="1925"
                          CONTENT="intellectum"/>
                  <SP HEIGHT="50" WIDTH="16" VPOS="3015" HPOS="2161"/>
                  <String HEIGHT="50"
                          WIDTH="141"
                          VPOS="3015"
                          HPOS="2098"
                          CONTENT="arguen"
                          SUBS_TYPE="HypPart1"
                          SUBS_CONTENT="arguentis"/>
                  <HYP CONTENT="-"/>
               </TextLine>
               <TextLine ID="line_1596404816097_340"
                         BASELINE="3134"
                         HEIGHT="72"
                         WIDTH="914"
                         VPOS="3062"
                         HPOS="1309">
                  <String HEIGHT="72"
                          WIDTH="98"
                          VPOS="3062"
                          HPOS="1295"
                          CONTENT="tis"
                          SUBS_TYPE="HypPart2"
                          SUBS_CONTENT="arguentis"/>
                  <SP HEIGHT="72" WIDTH="14" VPOS="3062" HPOS="1393"/>
                  <String HEIGHT="72"
                          WIDTH="141"
                          VPOS="3062"
                          HPOS="1351"
                          CONTENT="eundo:"/>
                  <SP HEIGHT="72" WIDTH="14" VPOS="3062" HPOS="1492"/>
                  <String HEIGHT="72"
                          WIDTH="98"
                          VPOS="3062"
                          HPOS="1450"
                          CONTENT="sed"/>
                  <SP HEIGHT="72" WIDTH="14" VPOS="3062" HPOS="1548"/>
                  <String HEIGHT="72" WIDTH="84" VPOS="3062" HPOS="1506" CONTENT="et"/>
                  <SP HEIGHT="72" WIDTH="14" VPOS="3062" HPOS="1590"/>
                  <String HEIGHT="72"
                          WIDTH="98"
                          VPOS="3062"
                          HPOS="1548"
                          CONTENT="rem"/>
                  <SP HEIGHT="72" WIDTH="14" VPOS="3062" HPOS="1646"/>
                  <String HEIGHT="72"
                          WIDTH="141"
                          VPOS="3062"
                          HPOS="1604"
                          CONTENT="ipsam."/>
                  <SP HEIGHT="72" WIDTH="14" VPOS="3062" HPOS="1745"/>
                  <String HEIGHT="72"
                          WIDTH="112"
                          VPOS="3062"
                          HPOS="1703"
                          CONTENT="Unde"/>
                  <SP HEIGHT="72" WIDTH="14" VPOS="3062" HPOS="1815"/>
                  <String HEIGHT="72"
                          WIDTH="98"
                          VPOS="3062"
                          HPOS="1773"
                          CONTENT="non"/>
                  <SP HEIGHT="72" WIDTH="14" VPOS="3062" HPOS="1871"/>
                  <String HEIGHT="72"
                          WIDTH="127"
                          VPOS="3062"
                          HPOS="1829"
                          CONTENT="solum"/>
                  <SP HEIGHT="72" WIDTH="14" VPOS="3062" HPOS="1956"/>
                  <String HEIGHT="72"
                          WIDTH="183"
                          VPOS="3062"
                          HPOS="1914"
                          CONTENT="desiderat"/>
                  <SP HEIGHT="72" WIDTH="14" VPOS="3062" HPOS="2096"/>
                  <String HEIGHT="72"
                          WIDTH="112"
                          VPOS="3062"
                          HPOS="2054"
                          CONTENT="quis"/>
                  <SP HEIGHT="72" WIDTH="14" VPOS="3062" HPOS="2167"/>
                  <String HEIGHT="72"
                          WIDTH="112"
                          VPOS="3062"
                          HPOS="2111"
                          CONTENT="habere"/>
               </TextLine>
            </TextBlock>
         </PrintSpace>
      </Page>
   </Layout>
</alto>
