2443 3520
188 228 167 81 scientiam:
319 228 83 81 sed
367 228 72 81 et
403 228 155 81 scientiam
522 228 107 81 ipsam
593 228 95 81 quam
653 228 83 81 non
701 228 107 81 habet
772 228 72 81 et
808 228 83 81 ita
856 228 72 81 de
891 228 107 81 aliis
963 228 119 81 rebus:
1046 228 72 81 et
1070 228 48 81 in

187 291 176 58 proposito
323 291 163 58 secundum
445 291 122 58 istum
526 291 108 58 quis
594 291 136 58 potest
689 291 190 58 desiderare
838 291 163 58 visionem
960 291 95 58 dei
1014 291 81 58 et
1041 291 68 58 non

189 337 131 64 solum
277 337 232 64 habitationem
465 337 131 64 dicte
552 337 189 64 visionis.
698 337 73 64 ⁋
727 337 218 64 Confirmatur
901 337 131 64 istud
988 337 102 64 per
1031 337 73 64 Com

183 377 203 66 mentatorem.
346 377 95 66 12.
400 377 122 66 meta.
481 377 135 66 dicens
575 377 108 66 quod
643 377 95 66 res
697 377 122 66 extra
778 377 95 66 est
832 377 122 66 finis
913 377 189 66 desiderii.
1048 377 68 66 mi-

188 419 94 59 nor
241 419 121 59 etiam
322 419 94 59 est
376 419 202 59 simpliciter
537 419 134 59 falsa.
631 419 67 59 ⁋
658 419 81 59 Ad
698 419 202 59 probationem
860 419 108 59 dico
927 419 108 59 quod
981 419 134 59 delecta-

187 463 109 67 tio
250 463 202 67 beatifica
405 463 109 67 non
468 463 109 67 est
530 463 93 67 de
577 463 234 67 habitatione
763 463 109 67 vel
826 463 125 67 actu
904 463 109 67 quo
966 463 125 67 deus
1028 463 78 67 ha-

178 504 130 60 betur:
269 504 91 60 sed
321 504 78 60 de
360 504 104 60 ipso
426 504 91 60 deo
478 504 130 60 habito
569 504 143 60 tanquam
673 504 78 60 de
712 504 143 60 obiecto
816 504 195 60 delectante.
973 504 104 60 ipsa
1025 504 78 60 tame

190 553 123 63 visio
272 553 95 63 qua
327 553 109 63 deus
395 553 150 63 habetur
504 553 177 63 partialis
640 553 95 63 est
695 553 123 63 causa
777 553 123 63 talis
859 553 245 63 delectationis:
1049 553 55 63 no

179 590 113 71 nego
250 590 127 71 tamen
334 590 113 71 quin
405 590 141 71 aliqua
504 590 198 71 delectatio
660 590 113 71 bene
730 590 141 71 possit
829 590 113 71 esse
900 590 85 71 de
942 590 113 71 ipsa
999 590 113 71 visio-

177 641 86 66 ne
220 641 200 66 obiectiue:
376 641 100 66 cum
434 641 114 66 ipsa
505 641 100 66 sit
562 641 128 66 summe
648 641 243 66 delectabilis:
847 641 100 66 sed
904 641 128 66 talis
976 641 128 66 delecta

188 680 91 65 tio
240 680 78 65 si
279 680 116 65 detur
356 680 91 65 non
408 680 91 65 est
460 680 155 65 fruitio:
576 680 142 65 quoniam
680 680 91 65 nec
732 680 104 65 illa
796 680 142 65 visione
900 680 181 65 delectatur
1029 680 78 65 bea-

180 727 90 57 tus
231 727 141 57 propter
334 727 77 57 se
373 727 128 57 ipsam:
462 727 90 57 sed
514 727 141 57 propter
616 727 115 57 deum.
693 727 64 57 ⁋
719 727 77 57 Ad
758 727 90 57 2am
809 727 115 57 primo
886 727 128 57 potest
976 727 103 57 dici
1040 727 90 57 ad¬

174 772 153 64 minorem
285 772 111 64 quod
355 772 167 64 respectu
480 772 97 64 dei
535 772 125 64 etiam
619 772 97 64 est
674 772 195 64 desiderium
827 772 97 64 non
883 772 125 64 solum
952 772 153 64 respectum

178 813 174 69 visionis
308 813 130 69 eius.
395 813 87 69 2o
438 813 87 69 ad
482 813 159 69 maiorem
597 813 145 69 potest
699 813 116 69 dici
771 813 116 69 quod
843 813 159 69 fruitio
959 813 145 69 patrie
1046 813 58 69 po

184 855 109 67 tius
253 855 164 67 succedit
376 855 178 67 fruitioni
513 855 96 67 vie
567 855 82 67 id
608 855 96 67 est
663 855 123 67 amori
745 855 82 67 et
786 855 178 67 charitati
923 855 109 67 quao
992 855 109 67 deus
1046 855 55 67 in

181 895 95 71 via
236 895 176 71 diligitur
371 895 149 71 propter
479 895 95 71 se:
533 895 95 71 que
588 895 162 71 dilectio
709 895 122 71 causa
791 895 95 71 est
845 895 176 71 desiderii
980 895 95 71 quo
1021 895 81 71 via-

174 944 103 64 tor
233 944 191 64 desiderat
380 944 118 64 deum
454 944 103 64 seu
513 944 147 64 habere
616 944 147 64 ipsum.
719 944 74 64 ⁋
749 944 88 64 Ad
793 944 88 64 3m
837 944 177 64 dicendum
969 944 118 64 quod
1028 944 74 64 ma-

185 981 93 72 ior
238 981 93 72 est
291 981 133 72 falsa.
385 981 67 72 ⁋
411 981 80 72 Ad
451 981 200 72 probationem
611 981 160 72 dicendum
731 981 107 72 quod
798 981 147 72 quamuis
904 981 187 72 delectatio
1037 981 67 72 cau

171 1029 120 71 setur
251 1029 80 71 ex
290 1029 213 71 coniunctione
463 1029 106 71 etc.
530 1029 106 71 ipsa
596 1029 120 71 tamen
676 1029 186 71 coniunctio
823 1029 93 71 seu
876 1029 120 71 actus
942 1029 160 71 coniungens

173 1078 101 56 non
230 1078 101 56 est
288 1078 172 56 obiectum
417 1078 129 56 talis
503 1078 230 56 dilectionis:
690 1078 86 56 vt
733 1078 144 56 dictum
833 1078 115 56 est.
905 1078 72 56 ⁋
934 1078 86 56 Ad
977 1078 86 56 4m
1006 1078 86 56 nego

165 1120 167 62 maiorem.
291 1120 70 62 ⁋
319 1120 84 62 Ad
360 1120 223 62 probationem:
542 1120 98 62 cum
598 1120 167 62 dicitur:
723 1120 112 62 quod
793 1120 167 62 voluntas
919 1120 167 62 sequitur
1030 1120 70 62 tan

167 1163 141 64 tummodo
270 1163 218 64 compositionem
449 1163 90 64 vel
500 1163 179 64 diuisionem
641 1163 205 64 intellectus.
807 1163 102 64 dico
871 1163 192 64 dupliciter.
1012 1163 77 64 prio

168 1204 104 59 qui
228 1204 104 59 hoc
287 1204 104 59 est
347 1204 149 59 dubium
451 1204 89 59 et
496 1204 75 59 a
526 1204 149 59 multis
630 1204 194 59 reputatum
779 1204 164 59 falsum.
898 1204 104 59 Nam
943 1204 149 59 frequen-

169 1248 99 61 ter
225 1248 184 61 voluntas:
367 1248 85 61 vt
410 1248 142 61 dicunt
509 1248 170 61 sequitur
636 1248 184 61 simplicem
778 1248 255 61 apprehensionem
990 1248 85 61 et
1018 1248 71 61 ma-

176 1292 104 62 xime
241 1292 182 62 intuitiuam
384 1292 78 62 et
424 1292 248 62 experimentalem:
632 1292 91 62 sic
684 1292 117 62 patet
762 1292 91 62 cum
814 1292 104 62 quis
880 1292 91 62 per
932 1292 130 62 tactum
1010 1292 91 62 imme-

166 1341 124 61 diate
249 1341 207 61 apprehendit
415 1341 152 61 aliquod
525 1341 235 61 disconueniens
718 1341 83 61 et
760 1341 207 61 contristans
925 1341 97 61 aut
967 1341 124 61 aliquod

169 1377 230 66 delectabile:
355 1377 172 66 voluntas
484 1377 186 66 immediate
628 1377 86 66 et
671 1377 215 66 naturaliter
843 1377 143 66 absque
943 1377 115 66 alia
1001 1377 100 66 compo

163 1417 153 69 sitione
274 1417 139 69 illius
372 1417 195 69 delectatur
525 1417 97 69 vel
581 1417 195 69 tristatur.
734 1417 84 69 Et
776 1417 125 69 istud
859 1417 139 69 dictum
957 1417 125 69 satis
1026 1417 56 69 al

156 1461 179 67 parenter
290 1461 164 67 iudicio
410 1461 104 67 meo
469 1461 209 67 confirmari
634 1461 164 67 potest.
753 1461 104 67 Nam
813 1461 90 67 si
857 1461 164 67 aliquam
962 1461 134 67 affirma

166 1513 137 58 tionem
262 1513 82 58 in
303 1513 109 58 tali
371 1513 109 58 casu
440 1513 260 58 praesupponeret:
658 1513 123 58 esset
740 1513 82 58 vt
781 1513 150 58 videtur
891 1513 137 58 aliqua
986 1513 96 58 qua
1027 1513 55 58 iu

159 1554 184 61 dicaretur
301 1554 128 61 illud
386 1554 170 61 sensatum
513 1554 113 61 esse
584 1554 128 61 bonum
669 1554 99 61 vel
726 1554 142 61 malum:
825 1554 99 61 seu
882 1554 199 61 conueniens
1024 1554 71 61 vel

160 1598 236 59 disconueniens:
356 1598 92 59 sed
409 1598 118 59 istud
487 1598 92 59 non
539 1598 222 59 praesupponit:
723 1598 131 59 quanio
814 1598 118 59 talem
880 1598 209 59 apprehensionem

161 1642 93 56 vel
214 1642 159 56 iudicium
333 1642 93 56 non
386 1642 119 56 habet
465 1642 93 56 nec
518 1642 132 56 habere
611 1642 132 56 poest:
703 1642 79 56 vt
743 1642 146 56 videtur
849 1642 106 56 nisi
915 1642 79 56 ex
941 1642 159 56 prceptione

159 1683 189 63 tristicie
305 1683 102 63 vel
363 1683 247 63 delectationis
566 1683 174 63 causate.
696 1683 116 63 Unde
769 1683 116 63 enim
841 1683 131 63 nouit
928 1683 131 63 quis:
1001 1683 87 63 quod

153 1722 138 63 ignis
245 1722 108 63 aut
306 1722 169 63 aliquid
430 1722 138 63 aliud
522 1722 215 63 vehementer
691 1722 169 63 calidum
814 1722 108 63 sit
860 1722 231 63 disconueniens

148 1767 113 57 nisi
218 1767 113 57 quia
289 1767 169 57 tangendo
416 1767 198 57 perceperit
572 1767 113 57 quod
642 1767 184 57 tristatur
783 1767 85 57 in
826 1767 127 57 illo:
910 1767 85 57 2o
953 1767 113 57 dico
1009 1767 85 57 quod

167 1809 98 67 esto
228 1809 98 67 quod
289 1809 110 67 illud
363 1809 122 67 dictum
448 1809 159 67 assumptum
571 1809 110 67 esset
644 1809 122 67 verum:
730 1809 86 67 non
779 1809 110 67 tamen
852 1809 122 67 probat
926 1809 159 67 propositum.

165 1854 106 53 Nam
225 1854 106 53 non
286 1854 197 53 sequitur:
437 1854 182 53 voluntas
573 1854 106 53 non
634 1854 136 53 amatr
725 1854 121 53 nisi
800 1854 212 53 praehabito
952 1854 136 53 iudicio

159 1896 123 57 quod
235 1896 138 57 illud
327 1896 107 57 est
389 1896 138 57 bonum
481 1896 107 57 vel
542 1896 169 57 amandum
665 1896 107 57 aut
726 1896 123 57 alio
803 1896 153 57 quouis
910 1896 169 57 iudicio
1017 1896 77 57 vel

156 1948 95 58 actu
215 1948 154 58 complexo.
334 1948 119 58 igitur
417 1948 154 58 complexum
536 1948 83 58 vel
583 1948 107 58 etiam
655 1948 190 58 significatum
809 1948 83 58 per
856 1948 154 58 complexum
975 1948 83 58 est
1011 1948 59 58 ama

161 1983 79 56 tum
206 1983 79 56 vel
251 1983 136 56 obiectum
353 1983 124 56 amoris:
444 1983 136 56 quinimmo
545 1983 91 56 eius
602 1983 136 56 obiectum
704 1983 113 56 potest
783 1983 91 56 esse
839 1983 102 56 illud
907 1983 91 56 quod
953 1983 124 56 iudicatur

162 2033 100 57 esse
225 2033 113 57 bonum
301 2033 88 57 vel
351 2033 100 57 esse
414 2033 151 57 amandum:
527 2033 75 57 et
564 2033 88 57 sic
614 2033 88 57 est
665 2033 75 57 de
702 2033 100 57 odio
765 2033 163 57 respectum
891 2033 88 57 rei
941 2033 100 57 quae
991 2033 88 57 iudi-

154 2072 128 61 catur
239 2072 113 61 esse
310 2072 128 61 mala.
395 2072 71 61 ⁋
423 2072 85 61 Ad
466 2072 85 61 5m
508 2072 113 61 dico
579 2072 113 61 quod
650 2072 99 61 non
706 2072 99 61 est
763 2072 128 61 vanum
848 2072 184 61 delectari
990 2072 85 61 in
1018 2072 71 61 deo

143 2119 82 55 et
184 2119 82 55 in
225 2119 205 55 perfectione
390 2119 82 55 ac
431 2119 178 55 bonitatem
568 2119 123 55 eius:
650 2119 96 55 quo
704 2119 109 55 enim
773 2119 151 55 diceret
882 2119 192 55 scriptura:
1019 2119 55 55 de

147 2153 151 65 lectare
257 2153 82 65 in
298 2153 151 65 domino.
408 2153 82 65 et
450 2153 151 65 iterum.
560 2153 165 65 Letamini
683 2153 82 65 in
725 2153 137 65 domino
821 2153 82 65 ea
862 2153 165 65 exultate
972 2153 110 65 iusti:

151 2200 110 56 immo
220 2200 124 56 certe
303 2200 110 56 vana
372 2200 96 56 est
427 2200 138 56 opinio
523 2200 124 56 huius
606 2200 179 56 oppositum
744 2200 207 56 estimantis.
909 2200 152 56 concedo
1005 2200 83 56 bene

145 2246 130 59 tamen:
236 2246 104 59 quod
301 2246 117 59 vanum
379 2246 78 59 et
419 2246 195 59 inordinatum
575 2246 91 59 est
627 2246 91 59 deo
679 2246 182 59 desiderare
822 2246 143 59 aliquod
927 2246 130 59 bonum:
1005 2246 65 59 sed

147 2288 111 61 tale
217 2288 195 61 desiderium
370 2288 97 61 non
426 2288 111 61 pono
495 2288 84 61 in
537 2288 153 61 beatis:
648 2288 97 61 nec
704 2288 125 61 certe
788 2288 84 61 in
829 2288 139 61 aliqui
927 2288 125 61 iusto
996 2288 84 61 via-

155 2331 110 65 tore.
228 2331 86 65 Nec
277 2331 122 65 obstat
363 2331 73 65 si
400 2331 135 65 dicatur
497 2331 98 65 quod
559 2331 98 65 deus
620 2331 86 65 non
669 2331 147 65 delectat
779 2331 98 65 nisi
840 2331 147 65 habitus:
950 2331 98 65 quia
999 2331 86 65 sicut

144 2381 124 56 nihil
227 2381 138 56 amatur
324 2381 110 56 nisi
393 2381 179 56 cognitum:
531 2381 83 56 et
572 2381 124 56 tamen
655 2381 124 56 talis
738 2381 152 56 cognis:
848 2381 97 56 non
904 2381 138 56 amatur
986 2381 97 56 amore

152 2425 90 53 quo
203 2425 154 53 cognitum
319 2425 115 53 illud
395 2425 141 53 amatur:
498 2425 90 53 sic
549 2425 115 53 licem
626 2425 102 53 deus
690 2425 90 53 non
741 2425 154 53 delectet
856 2425 141 53 btantum
959 2425 102 53 nisi
1010 2425 64 53 ha-

162 2471 110 58 pitus
235 2471 86 58 seu
284 2471 123 58 visus:
370 2471 86 58 non
419 2471 110 58 tamen
493 2471 110 58 visio
567 2471 86 58 est
616 2471 147 58 obiectum
726 2471 209 58 delectationis
898 2471 135 58 illius.
996 2471 61 58 ⁋
1009 2471 61 58 Con

160 2514 74 54 tra
203 2514 137 54 opinionem
308 2514 74 54 2am
350 2514 105 54 arguo.
424 2514 63 54 Et
456 2514 95 54 primo
519 2514 84 54 quia
572 2514 63 54 vt
603 2514 126 54 probatum
698 2514 74 54 est
740 2514 63 54 q.
772 2514 63 54 id
803 2514 74 54 est
846 2514 179 54 distinctionis
983 2514 84 54 husmos

162 2552 116 63 ritulo
244 2552 105 63 primo
313 2552 116 63 Nullus
395 2552 105 63 actus
464 2552 163 63 voluntatis
592 2552 116 63 potest
673 2552 93 63 esse
732 2552 139 63 secundum
836 2552 174 63 intentionem
975 2552 93 63 Aug.
1022 2552 58 63 qui

145 2596 88 51 non
196 2596 88 51 sit
246 2596 139 51 fruitio
347 2596 88 51 vel
398 2596 114 51 vsus:
474 2596 88 51 ita
524 2596 101 51 quod
587 2596 114 51 omnis
663 2596 152 51 dilectio
777 2596 152 51 alicuius
890 2596 88 51 non
941 2596 126 51 relata
1017 2596 51 51 in

155 2638 109 55 aliud
228 2638 85 55 est
276 2638 134 55 fruitio
374 2638 146 55 secundum
483 2638 122 55 ipsum:
568 2638 85 55 nec
617 2638 85 55 est
666 2638 170 55 necessirum
799 2638 73 55 ad
836 2638 146 55 rationem
933 2638 146 55 fruitionis

157 2682 90 62 (vt
209 2682 129 62 ibidem
299 2682 154 62 probatum
415 2682 103 62 est)
479 2682 103 62 quod
543 2682 154 62 dilectum
659 2682 167 62 estimetur
788 2682 103 62 esse
852 2682 142 62 vltimus
955 2682 116 62 finis
1020 2682 51 62 et

160 2729 150 55 tanquam
270 2729 123 55 talis
352 2729 123 55 finis
434 2729 96 55 non
488 2729 205 55 referibilis
652 2729 205 55 acceptetur.
816 2729 109 55 Quia
885 2729 82 55 et
926 2729 123 55 adhuc
994 2729 82 55 con-

158 2764 149 64 firmatur
270 2764 87 64 per
319 2764 137 64 eundem.
419 2764 75 64 83
456 2764 75 64 q.
493 2764 87 64 vbi
543 2764 112 64 dicit
618 2764 100 64 quod
680 2764 100 64 frui
742 2764 100 64 cibo
804 2764 75 64 et
842 2764 149 64 qualibet
941 2764 137 64 corporali

156 2812 177 60 voluptate
293 2812 95 60 non
347 2812 68 60 a
375 2812 95 60 deo
429 2812 150 60 absurde
538 2812 191 60 estimantur
688 2812 82 60 et
729 2812 150 60 bestie.
838 2812 82 60 et
879 2812 123 60 tamen
947 2812 123 60 constas

154 2860 103 49 quod
218 2860 129 49 bestia
308 2860 129 49 nullam
398 2860 90 49 rem
450 2860 141 49 estimat
553 2860 103 49 esse
617 2860 141 49 taliter
720 2860 219 49 irreferibilem
900 2860 77 49 in
938 2860 116 49 alium
1003 2860 64 49 fi-

159 2904 96 47 nem
214 2904 96 47 cum
269 2904 110 47 tali
337 2904 151 47 noticia
447 2904 82 47 et
488 2904 151 47 iudicio
598 2904 151 47 careat.
707 2904 96 47 Sic
762 2904 123 47 etiat
844 2904 110 47 Aug.
913 2904 96 47 vbi
967 2904 82 47 de
995 2904 82 47 frui

147 2937 169 67 loquitur
273 2937 126 67 omnem
358 2937 211 67 dilectionem
526 2937 98 67 non
582 2937 155 67 relatam
695 2937 112 67 actu
765 2937 98 67 vel
821 2937 140 67 habitu
919 2937 126 67 vocat
990 2937 84 67 frui

149 2986 95 62 sed
204 2986 82 62 in
245 2986 136 62 eisdem
340 2986 122 62 locis
422 2986 122 62 dicit
503 2986 109 62 quod
571 2986 122 62 nullo
653 2986 109 62 alio
721 2986 68 62 a
748 2986 95 62 deo
802 2986 95 62 est
857 2986 177 62 fruendum.
993 2986 68 62 ⁋
1007 2986 54 62 2o

130 3024 86 76 si
173 3024 157 76 taliter
287 3024 171 76 loquendo
415 3024 86 76 de
458 3024 114 76 frui
529 3024 143 76 posset
629 3024 114 76 quis
700 3024 143 76 licite
800 3024 114 76 frui
871 3024 143 76 aliquo
971 3024 114 76 alio
1028 3024 43 76 a

1154 246 118 91 deo:
1228 246 177 91 sequitur
1361 246 118 91 quod
1435 246 148 91 aliqua
1538 246 177 91 dilectio
1671 246 177 91 ordinata
1804 246 89 91 et
1848 246 207 91 laudabilis
1996 246 103 91 pote-

1153 313 94 64 rit
1206 313 80 64 in
1246 313 121 64 nobis
1327 313 107 64 esse
1394 313 94 64 non
1447 313 134 64 relata
1541 313 187 64 actualiter
1688 313 94 64 vel
1742 313 214 64 habitualiter
1916 313 80 64 in
1956 313 107 64 deum
2010 313 80 64 tan-

1162 353 81 67 quam
1212 353 60 67 in
1243 353 101 67 finem:
1313 353 101 67 patet.
1384 353 71 67 sed
1424 353 141 67 consequens
1535 353 71 67 est
1575 353 111 67 falsum:
1656 353 91 67 sicut
1716 353 81 67 bene
1767 353 91 67 patet
1827 353 71 67 per
1867 353 81 67 Aug.
1918 353 101 67 contra
1978 353 101 67 Iulianum

1169 403 114 66 libro
1245 403 76 66 4o
1283 403 101 66 ante
1347 403 139 66 medium.
1448 403 89 66 vbi
1499 403 101 66 ait.
1562 403 139 66 Noueris
1663 403 127 66 itaque
1752 403 89 66 non
1802 403 165 66 officiis:
1929 403 89 66 sed
1967 403 114 66 finibus

1159 443 64 63 a
1185 443 128 63 vitiis
1275 443 205 63 discernendas
1441 443 103 63 esse
1506 443 167 63 virtutes.
1634 443 167 63 osesentum
1762 443 90 63 est
1814 443 115 63 autem
1891 443 103 63 quod
1942 443 141 63 faciendum

1158 493 95 63 est:
1217 493 107 63 finis
1288 493 95 63 vero
1348 493 130 63 propter
1442 493 95 63 quod
1502 493 154 63 faciendum
1620 493 95 63 est:
1679 493 83 63 cum
1727 493 118 63 itaque
1810 493 107 63 facit
1881 493 95 63 homo
1940 493 130 63 aliquid
2023 493 59 63 vbi

1167 526 130 71 peccare
1262 526 83 71 non
1309 526 130 71 videtur
1404 526 71 71 si
1439 526 83 71 non
1486 526 130 71 propter
1581 526 83 71 hoc
1628 526 106 71 facit
1699 526 130 71 propter
1793 526 95 71 quod
1853 526 118 71 facere
1935 526 118 71 debet:
2006 526 71 71 pec-

1169 576 97 57 care
1230 576 182 57 conuicitur.
1375 576 73 57 Ex
1412 576 85 57 quo
1460 576 109 57 patet
1533 576 97 57 quod
1594 576 73 57 si
1630 576 97 57 quis
1691 576 133 57 aliquid
1788 576 146 57 diligat:
1897 576 73 57 et
1933 576 85 57 non
1970 576 109 57 diligat

1161 619 130 64 propter
1256 619 107 64 illud
1327 619 130 64 propter
1422 619 95 64 quod
1481 619 107 64 debet
1552 619 154 64 diligere:
1670 619 130 64 peccat.
1765 619 71 64 et
1801 619 83 64 per
1848 619 166 64 consequens
1966 619 107 64 viciose

1159 666 80 57 et
1199 666 94 57 non
1252 666 120 57 recta
1333 666 107 57 est.
1400 666 67 57 ⁋
1426 666 94 57 Sed
1480 666 147 57 constat
1587 666 107 57 quod
1654 666 107 57 omne
1721 666 187 57 diligendum
1868 666 120 57 aliud
1948 666 67 57 a
1975 666 94 57 deo
2015 666 67 57 est

1164 701 161 64 diligendum
1291 701 127 64 propter
1383 701 92 64 deum
1441 701 138 64 secundum
1545 701 115 64 omnium
1626 701 138 64 sanctrum
1729 701 161 64 doctrinam.
1856 701 115 64 igitur
1937 701 92 64 etc.
1994 701 58 64 ⁋
2006 701 69 64 Con-

1152 742 167 68 firmatur
1277 742 97 68 per
1333 742 125 68 illud
1417 742 111 68 quod
1486 742 181 68 paulopost
1626 742 153 68 subdit:
1737 742 125 68 absit
1820 742 139 68 inquit
1918 742 84 68 vt
1946 742 139 68 virtutes

1164 799 99 55 vere
1226 799 137 55 cuiquam
1325 799 161 55 senuiant:
1449 799 99 55 nisi
1511 799 99 55 illi
1573 799 87 55 vel
1623 799 112 55 peper
1698 799 112 55 illum
1772 799 87 55 cui
1822 799 137 55 dicimus
1921 799 99 55 deus
1971 799 99 55 virtu-

1155 832 95 61 tum
1210 832 164 61 conuerte
1333 832 109 61 nos.
1401 832 82 61 Et
1442 832 150 61 subdit:
1551 832 109 61 quae
1619 832 95 61 aut
1673 832 123 61 nulli
1755 832 95 61 rei
1809 832 150 61 senuire
1918 832 150 61 volunt:
2014 832 68 61 nec

1148 871 108 71 ipse
1215 871 108 71 vere
1282 871 121 71 sunt.
1363 871 108 71 vere
1430 871 134 71 quippe
1524 871 161 71 virtutes
1645 871 94 71 deo
1699 871 161 71 seruiunt
1820 871 81 71 in
1860 871 161 71 homnibus
1981 871 81 71 et
2008 871 67 71 deo

1146 919 170 72 seruiunt
1273 919 85 72 in
1316 919 156 72 angelis
1429 919 71 72 a
1458 919 99 72 quo
1514 919 170 72 donantur
1642 919 170 72 homnibus
1769 919 85 72 et
1812 919 170 72 angelis.
1925 919 142 72 quicquid

1147 969 100 54 autem
1214 969 89 54 boni
1269 969 78 54 fit
1314 969 67 54 ab
1347 969 122 54 homine:
1436 969 67 54 et
1470 969 78 54 non
1514 969 122 54 propter
1603 969 78 54 hoc
1648 969 78 54 fit
1692 969 122 54 propter
1782 969 89 54 quod
1837 969 100 54 fieri
1904 969 111 54 debere
1982 969 89 54 vera
2026 969 45 54 sa

1153 1002 146 66 pientia
1259 1002 186 66 praecipit:
1405 1002 80 66 et
1445 1002 80 66 si
1485 1002 146 66 officio
1591 1002 160 66 videatur
1711 1002 133 66 bonum:
1804 1002 106 66 ipso
1871 1002 93 66 non
1924 1002 120 66 recto
1990 1002 80 66 fine

1146 1056 132 58 peccatu
1242 1056 96 58 est.
1302 1056 84 58 sec
1350 1056 96 58 Aug.
1410 1056 72 58 et
1446 1056 108 58 multa
1518 1056 96 58 alia
1578 1056 84 58 pro
1626 1056 108 58 eadem
1698 1056 156 58 sententia
1818 1056 84 58 ibi
1866 1056 108 58 ponit
1938 1056 120 58 contra
2010 1056 60 58 il-

1146 1097 87 59 lum
1195 1097 161 59 hereticum
1319 1097 161 59 Iulianum.
1443 1097 74 59 Ex
1480 1097 124 59 quibus
1567 1097 161 59 euidenter
1691 1097 161 59 coliliter
1815 1097 149 59 secundum
1914 1097 161 59 intentionem

1145 1132 116 69 Aug.
1218 1132 131 69 omnem
1305 1132 131 69 actum
1392 1132 218 69 dilectionis
1567 1132 131 69 circa
1654 1132 160 69 aliquid
1770 1132 131 69 aliud
1857 1132 73 69 a
1886 1132 102 69 deo
1930 1132 145 69 elicitum

1147 1180 74 55 non
1190 1180 127 55 habentem
1285 1180 148 55 actualiter
1401 1180 74 55 vel
1443 1180 169 55 habitualiter
1580 1180 84 55 deum
1633 1180 74 55 pro
1675 1180 84 55 fine
1728 1180 84 55 esse
1781 1180 137 55 peccatum:
1886 1180 63 55 et
1918 1180 74 55 per
1949 1180 127 55 consequens

1138 1222 94 63 non
1191 1222 94 63 est
1245 1222 188 63 laudabilis
1392 1222 121 63 neque
1473 1222 147 63 rectus.
1580 1222 67 63 ⁋
1607 1222 174 63 Praeterea
1740 1222 121 63 omnis
1821 1222 107 63 amor
1888 1222 161 63 creature
1995 1222 67 63 non

1140 1272 141 53 relatus
1242 1272 77 53 in
1281 1272 102 53 deum
1345 1272 89 53 est
1396 1272 179 53 cupiditas:
1536 1272 89 53 non
1587 1272 166 53 charitas:
1715 1272 77 53 et
1753 1272 89 53 per
1805 1272 179 53 consequens
1932 1272 128 53 viciosus

1156 1314 62 56 et
1187 1314 144 56 illicitus.
1299 1314 144 56 Antecedens
1412 1314 62 56 et
1443 1314 164 56 consequentia
1577 1314 103 56 patent
1649 1314 72 56 per
1690 1314 82 56 Aug.
1741 1314 62 56 9.
1772 1314 62 56 de
1803 1314 82 56 tri.
1854 1314 103 56 dicens
1926 1314 72 56 non
1967 1314 72 56 quo
2008 1314 72 56 non
2039 1314 51 56 sit

1147 1357 138 57 amanda
1244 1357 180 57 creatura:
1382 1357 97 57 sed
1438 1357 83 57 si
1479 1357 83 57 ad
1521 1357 180 57 creatorem
1659 1357 194 57 referatur:
1811 1357 111 57 ille
1880 1357 111 57 amor
1949 1357 97 57 non
1991 1357 69 57 iam

1145 1398 184 66 cupiditas:
1290 1398 92 66 sed
1342 1398 158 66 charitas
1461 1398 119 66 erit:
1540 1398 105 66 tunc
1606 1398 105 66 enim
1672 1398 92 66 est
1724 1398 184 66 cupiditas:
1869 1398 92 66 cum
1922 1398 145 66 propter
2014 1398 53 66 se

1141 1441 144 64 amatur
1241 1441 187 64 creatura:
1385 1441 115 64 tunc
1457 1441 101 64 non
1515 1441 158 64 vtentem
1630 1441 173 64 adiuuat:
1759 1441 101 64 sed
1817 1441 187 64 corrumpit
1946 1441 115 64 fruen-

1149 1485 92 56 tem.
1207 1485 58 56 ⁋
1230 1485 150 56 Praeterea
1345 1485 161 56 virtutibus
1472 1485 69 56 et
1507 1485 92 56 omni
1564 1485 92 56 alio
1622 1485 58 56 a
1645 1485 81 56 deo
1691 1485 81 56 est
1737 1485 138 56 vtendum:
1841 1485 81 56 vt.
1887 1485 104 56 supra
1945 1485 115 56 probatum

1139 1533 97 57 est.
1200 1533 122 57 igitur
1285 1533 85 57 nec
1334 1533 171 57 virtutibus
1468 1533 85 57 nec
1517 1533 122 57 aliquo
1602 1533 97 57 alio
1663 1533 61 57 a
1687 1533 85 57 deo
1736 1533 85 57 est
1785 1533 158 57 fruendum.
1894 1533 171 57 consequentia

1147 1575 126 63 patet:
1236 1575 101 63 quia
1299 1575 151 63 secundum
1412 1575 101 63 Aug.
1475 1575 126 63 humana
1563 1575 164 63 peruersio
1689 1575 88 63 est
1739 1575 139 63 vtendis
1840 1575 113 63 frui.
1916 1575 63 63 ⁋
1928 1575 139 63 Praeterea

1145 1617 147 56 secundum
1255 1617 110 56 Augu.
1328 1617 110 56 primo
1402 1617 73 56 de
1438 1617 135 56 doctri.
1536 1617 183 56 christiana.
1683 1617 98 56 Quod
1744 1617 110 56 etiam
1817 1617 135 56 propter
1915 1617 73 56 se
1940 1617 122 56 diligen-

1142 1657 103 55 dum
1201 1657 118 55 est:
1275 1657 88 55 in
1319 1657 88 55 eo
1363 1657 235 55 constituitur
1554 1657 118 55 vita
1628 1657 147 55 beata:
1730 1657 103 55 sed
1789 1657 88 55 in
1833 1657 132 55 nullo
1922 1657 118 55 alio
1980 1657 74 55 con

1133 1699 174 68 stituitur
1267 1699 107 68 vita
1334 1699 134 68 beata.
1427 1699 134 68 igitur
1521 1699 134 68 nullum
1615 1699 121 68 aliud
1695 1699 94 68 est
1749 1699 147 68 propter
1856 1699 80 68 se
1883 1699 174 68 diligendum-

1139 1740 71 69 et
1175 1740 83 69 per
1222 1740 166 69 consequens
1352 1740 107 69 nullo
1423 1740 95 69 alio
1483 1740 83 69 est
1530 1740 154 69 fruendum.
1648 1740 59 69 ⁋
1672 1740 154 69 Praeterea
1791 1740 107 69 seund
1862 1740 95 69 Aug.
1921 1740 83 69 13.
1968 1740 71 69 de
1992 1740 71 69 tri.

1137 1788 92 48 et
1183 1788 168 48 habetur
1305 1788 92 48 in
1351 1788 168 48 littera
1473 1788 138 48 ipsas
1565 1788 183 48 virtutes
1702 1788 107 48 non
1763 1788 168 48 amamus:
1885 1788 122 48 nisi
1946 1788 138 48 propter

1128 1821 237 67 beatitudinem:
1323 1821 111 67 quam
1393 1821 84 67 si
1434 1821 125 67 amare
1518 1821 195 67 desistamus
1671 1821 167 67 scilicet
1796 1821 111 67 actu
1866 1821 84 67 et
1908 1821 139 67 habitu
1991 1821 56 67 il

1122 1870 110 68 las
1185 1870 142 68 etiam
1280 1870 110 68 non
1343 1870 173 68 amamus.
1469 1870 79 68 ⁋
1501 1870 142 68 Item.
1595 1870 95 68 10
1643 1870 95 68 de
1690 1870 142 68 ciui.
1784 1870 126 68 dei.
1863 1870 189 68 virtutes
1989 1870 95 68 quas

1138 1917 114 63 mens
1209 1917 143 63 habere
1309 1917 114 63 sibi
1380 1917 171 63 videtur:
1508 1917 100 63 per
1565 1917 114 63 quas
1637 1917 157 63 imperat
1751 1917 157 63 corpori
1865 1917 86 63 et
1907 1917 143 63 vitiis
2007 1917 86 63 ad

1134 1959 200 59 quodlibet
1287 1959 246 59 adipiscendum
1487 1959 107 59 vel
1548 1959 184 59 tenendum
1686 1959 123 59 nisi
1763 1959 200 59 retulerit
1917 1959 92 59 ad
1948 1959 107 59 deum:

1126 2002 127 58 etiam
1210 2002 112 58 ipse
1281 2002 141 58 potius
1379 2002 112 58 sunt
1449 2002 127 58 vitia
1534 2002 112 58 quam
1604 2002 183 58 virtutes.
1745 2002 98 58 Nam
1801 2002 127 58 licem
1885 2002 70 58 a
1899 2002 155 58 quibusdam

1132 2047 117 58 tunc
1205 2047 117 58 vere
1278 2047 131 58 atque
1366 2047 161 58 honeste
1483 2047 175 58 putentur
1614 2047 117 58 esse
1687 2047 190 58 virtutes:
1833 2047 102 58 cum
1877 2047 175 58 referuntur

1124 2088 87 56 ad
1168 2088 160 56 seipsas
1284 2088 102 56 nec
1343 2088 160 56 propter
1459 2088 131 56 aliud
1546 2088 218 56 expetuntur:
1721 2088 131 56 etiam
1808 2088 116 56 tunc
1881 2088 160 56 inflate
1982 2088 73 56 ac-

1128 2129 167 65 superbe
1249 2129 137 65 sunt:
1341 2129 91 65 et
1386 2129 122 65 ideo
1462 2129 106 65 non
1523 2129 182 65 virtutes
1660 2129 106 65 sed
1721 2129 137 65 vitia
1812 2129 198 65 iudicanda
1949 2129 106 65 sunt.

1127 2179 64 65 ⁋
1153 2179 165 65 Praeterea
1280 2179 102 65 homo
1343 2179 89 65 non
1394 2179 127 65 potest
1483 2179 127 65 licite
1572 2179 102 65 frui
1636 2179 140 65 seipso:
1738 2179 114 65 sicut
1814 2179 127 65 probat
1903 2179 102 65 Aug.
1954 2179 89 65 primo

1125 2219 70 52 de
1160 2219 128 52 doctri.
1253 2219 175 52 christiana.
1393 2219 116 52 igitur
1475 2219 81 52 nec
1521 2219 163 52 virtutibus
1649 2219 105 52 suis.
1719 2219 105 52 patet
1789 2219 198 52 consequentia.
1952 2219 81 52 tum
1999 2219 93 52 quia
2045 2219 35 52 o

1130 2258 109 71 eadem
1203 2258 85 71 est
1251 2258 109 71 ratio
1324 2258 73 71 et
1361 2258 170 71 vtrobique:
1495 2258 97 71 quod
1555 2258 146 71 scilicet
1665 2258 146 71 vtrumque
1774 2258 170 71 diligendum
1908 2258 85 71 est
1945 2258 109 71 propter

1129 2310 115 49 deum
1200 2310 86 49 et
1243 2310 157 49 neutrum
1358 2310 157 49 propter
1472 2310 100 49 sec
1529 2310 100 49 per
1587 2310 100 49 hoc
1644 2310 115 49 enim
1716 2310 100 49 ibi
1773 2310 143 49 probat
1873 2310 115 49 Aug.
1945 2310 115 49 quod
2002 2310 57 49 di

1125 2350 117 65 ctum
1199 2350 117 65 est)
1272 2350 102 65 tum
1330 2350 117 65 quia
1403 2350 117 65 homo
1476 2350 132 65 debet
1564 2350 132 65 magis
1652 2350 176 65 diligere
1784 2350 88 65 se
1828 2350 117 65 quam
1886 2350 161 65 virtutes:

1130 2391 107 57 immo
1197 2391 94 57 nec
1250 2391 121 57 illas
1331 2391 148 57 diligit
1438 2391 107 57 nisi
1505 2391 148 57 propter
1612 2391 94 57 se:
1666 2391 94 57 sed
1720 2391 94 57 non
1773 2391 174 57 vltimate:
1907 2391 107 57 quia
1975 2391 80 57 et
2001 2391 54 57 se

1120 2438 144 58 debet
1216 2438 192 58 diligere
1360 2438 176 58 propter
1487 2438 144 58 deum.
1583 2438 80 58 ⁋
1615 2438 96 58 Ad
1663 2438 255 58 auctoritates
1870 2438 192 58 inductas
1998 2438 80 58 est

1129 2480 96 51 pro
1184 2480 165 51 opinione
1308 2480 192 51 respondeo.
1459 2480 69 51 ⁋
1486 2480 82 51 Ad
1528 2480 137 51 primam
1624 2480 110 51 dico
1692 2480 110 51 quod
1761 2480 151 51 aliquid
1871 2480 110 51 esse
1940 2480 151 51 propter
2036 2480 41 51 a

1113 2529 83 56 se
1155 2529 193 56 diligendum
1306 2529 138 56 potest
1402 2529 193 56 dupliciter
1553 2529 193 56 intelligi.
1705 2529 96 56 Uno
1760 2529 110 56 modo
1828 2529 96 56 per
1883 2529 193 56 negationem
2021 2529 55 56 si

1114 2572 126 59 cause
1198 2572 168 59 finalis:
1324 2572 84 59 et
1366 2572 112 59 tunc
1436 2572 112 59 idem
1506 2572 98 59 est
1562 2572 126 59 dictu
1647 2572 112 59 quod
1717 2572 154 59 aliquid
1829 2572 98 59 est
1871 2572 168 59 diligendum

1118 2611 136 62 propter
1216 2611 74 62 se
1253 2611 74 62 id
1290 2611 86 62 est
1340 2611 86 62 non
1389 2611 136 62 propter
1487 2611 111 62 alium
1561 2611 123 62 finem:
1648 2611 74 62 et
1685 2611 99 62 solo
1746 2611 74 62 eo
1783 2611 99 62 quod
1845 2611 86 62 sic
1894 2611 86 62 est
1931 2611 111 62 diligen

1129 2657 94 54 dum
1182 2657 148 54 propter
1290 2657 81 54 se
1331 2657 94 54 est
1385 2657 175 54 fruendum.
1519 2657 94 54 sic
1573 2657 121 54 autem
1654 2657 94 54 non
1708 2657 108 54 sunt
1775 2657 175 54 diligende
1897 2657 148 54 virtutes:

1118 2695 93 62 nec
1171 2695 93 62 sic
1224 2695 199 62 intelligunt
1383 2695 119 62 Ambr.
1463 2695 80 62 et
1503 2695 159 62 magitur:
1622 2695 106 62 quod
1689 2695 133 62 patet:
1781 2695 106 62 quia
1848 2695 173 62 immediate
1967 2695 80 62 post

1127 2741 131 61 verba
1215 2741 175 61 allegata
1346 2741 102 61 pro
1404 2741 189 61 opinione.
1550 2741 102 61 ait
1608 2741 102 61 ma.
1666 2741 117 61 sic.
1739 2741 117 61 ideo
1812 2741 117 61 Aug.
1885 2741 131 61 dicit
1958 2741 87 61 quod

1124 2783 102 63 eas
1183 2783 190 63 diligimus
1329 2783 161 63 propter
1446 2783 234 63 beatitudinem
1635 2783 146 63 solam:
1737 2783 102 63 non
1796 2783 117 63 quin
1869 2783 102 63 eas
1913 2783 131 63 propter

1112 2826 92 52 se
1158 2826 214 52 diligamus:
1326 2826 107 52 sed
1387 2826 122 52 quia
1464 2826 92 52 id
1510 2826 138 52 ipsum
1601 2826 107 52 quo
1663 2826 107 52 eas
1724 2826 199 52 diligimus
1862 2826 168 52 referimus

1126 2878 86 51 ad
1169 2878 129 51 illud
1255 2878 143 51 summum
1355 2878 143 51 bonum:
1455 2878 100 51 cui
1512 2878 115 51 soli
1584 2878 200 51 inherendum
1741 2878 115 51 est:
1813 2878 86 51 et
1856 2878 86 51 in
1899 2878 86 51 eo
1927 2878 115 51 perma-

1125 2914 167 57 nendum:
1246 2914 182 57 finisque
1383 2914 167 57 leticie
1504 2914 197 57 ponendus:
1656 2914 137 57 quare
1747 2914 213 57 virtutibus
1915 2914 106 57 non
1960 2914 76 57 est

1111 2956 202 59 fruendum.
1267 2956 109 59 hec
1329 2956 140 59 ipse.
1423 2956 93 59 Ex
1470 2956 156 59 quibus
1579 2956 140 59 patet
1672 2956 125 59 quod
1750 2956 125 59 ipsa
1828 2956 202 59 conclusio
1968 2956 78 59 sit

1133 3003 110 56 vera
1202 3003 165 56 scilicet
1326 3003 110 56 quod
1395 3003 193 56 virtutibus
1546 3003 96 56 non
1601 3003 96 56 est
1656 3003 179 56 fruendum.
1793 3003 83 56 et
1835 3003 124 56 etiam
1917 3003 110 56 quod
1972 3003 69 56 di-

1131 3044 141 59 cebatur.
1237 3044 141 59 scilicet
1342 3044 94 59 quod
1401 3044 141 59 virtutes
1506 3044 82 59 non
1553 3044 94 59 sunt
1611 3044 129 59 propter
1705 3044 70 59 se
1740 3044 152 59 diligende
1857 3044 70 59 id
1892 3044 82 59 est
1939 3044 82 59 non
1974 3044 59 59 re
