2441 3543
318 255 107 76 nos
379 255 305 76 experimentaliter
638 255 274 76 comprehendimus
866 255 91 76 in
912 255 107 76 his
973 255 137 76 forte
1064 255 107 76 qui
1110 255 137 76 numquam

330 305 179 66 audiuere
465 305 135 66 neque
554 305 224 66 formauerunt
734 305 194 66 vocaliter
883 305 135 66 tales
973 305 269 66 propositiones.
1182 305 60 66 Ut

341 350 87 63 si
385 350 116 63 vnus
458 350 174 63 rusticus
588 350 102 63 qui
646 350 160 63 numquam
763 350 102 63 ore
821 350 174 63 protulit
952 350 131 63 neque
1039 350 174 63 prolatam
1155 350 87 63 audi

339 394 99 59 uit
395 394 142 59 istam:
495 394 127 59 verbi
580 394 156 59 gratia:
693 394 85 59 si
735 394 142 59 aliqua
834 394 113 59 sunt
905 394 127 59 eidem
990 394 156 59 equalia
1103 394 113 59 sunt
1160 394 85 59 eque

348 440 96 62 lia
403 440 123 62 inter
485 440 96 62 se:
540 440 123 62 velit
622 440 123 62 scire
704 440 123 62 vtrum
786 440 137 62 aliqua
881 440 96 62 duo
936 440 150 62 corpora
1045 440 178 62 distincta
1168 440 82 62 sint

343 481 170 64 equalia
466 481 201 64 accipiens
621 481 155 64 virgam
730 481 186 64 mensurat
869 481 232 64 quantitatem
1055 481 155 64 vnius:
1148 481 108 64 dein-

343 525 82 63 de
384 525 164 63 mensurat
508 525 123 63 aliam
590 525 164 63 secundum
713 525 123 63 illam
796 525 123 63 virge
878 525 219 63 quantitatem:
1056 525 82 63 et
1097 525 82 63 si
1125 525 123 63 inuenia

339 568 130 62 illam
425 568 115 62 esse
497 568 158 62 equalem
612 568 130 62 dicte
699 568 202 62 quantitati
857 568 130 62 virge
943 568 144 62 subito
1044 568 187 62 concludit
1174 568 86 62 illa

343 612 91 59 duo
395 612 143 59 corpora
499 612 104 59 sibi
565 612 143 59 inuicem
669 612 157 59 equalia.
786 612 78 59 et
826 612 91 59 non
878 612 91 59 hoc
930 612 104 59 nisi
995 612 104 59 quia
1060 612 196 59 naturaliter
1204 612 52 59 in

330 654 140 66 mentem
428 654 126 66 venit
511 654 112 66 quod
581 654 84 66 si
623 654 140 66 aliqua
721 654 112 66 sunt
791 654 153 66 equalia
902 654 126 66 eidem
986 654 112 66 sunt
1056 654 126 66 etiam
1125 654 126 66 equalis

347 696 114 65 inter
423 696 89 65 se.
474 696 89 65 ita
525 696 76 65 de
563 696 114 65 aliis
638 696 165 65 faciliter
765 696 127 65 potest
854 696 152 65 aduerti.
968 696 89 65 per
1018 696 89 65 hoc
1069 696 114 65 autem
1145 696 114 65 quod.
1208 696 38 65 P

346 743 138 61 dicit
438 743 169 61 immedia
560 743 107 61 ta:
622 743 184 61 excludit
760 743 230 61 indigentiam
944 743 169 61 noticie
1067 743 184 61 alterius
1190 743 61 61 ex

333 786 201 62 trinseci.
487 786 93 62 Et
533 786 108 62 per
595 786 108 62 hoc
657 786 124 62 quod
734 786 124 62 ipse
811 786 139 62 dicit
904 786 216 62 quemlibet:
1058 786 201 62 excluduntur

350 829 208 67 propositiones
521 829 98 67 ille
582 829 73 67 de
619 829 122 67 quibus
704 829 122 67 dictum
790 829 98 67 est:
851 829 98 67 quod
912 829 86 67 non
961 829 147 67 cuilibet
1071 829 183 67 naturaliter
1205 829 49 67 no

330 871 84 65 te
372 871 126 65 sunt.
456 871 112 65 vnde
526 871 84 65 si
568 871 112 65 bene
639 871 196 65 aduertatur
793 871 196 65 descriptio
947 871 126 65 supra
1032 871 140 65 posita
1130 871 98 65 cum
1172 871 84 65 qual

349 913 78 65 bet
393 913 122 65 istarum
482 913 89 65 Boe.
537 913 78 65 et.
581 913 66 65 P.
615 913 188 65 vniversaliter
770 913 177 65 conuertitur:
914 913 66 65 si
947 913 100 65 tamen
1013 913 89 65 illa
1069 913 89 65 Boe.
1124 913 133 65 capiatur
1213 913 44 65 vt

354 958 155 65 dictum
462 958 124 65 est.
539 958 77 65 ⁋
570 958 93 65 Ex
616 958 139 65 istis
709 958 201 65 sequuntur
864 958 155 65 aliqua
972 958 232 65 correlaria.
1158 958 77 65 ⁋
1173 958 93 65 Pri-

343 1004 89 61 mum
394 1004 101 61 quod
457 1004 114 61 nulla
533 1004 177 61 propositio
672 1004 177 61 contingens
811 1004 89 61 est
862 1004 89 61 per
913 1004 76 61 se
950 1004 114 61 nota.
1026 1004 126 61 patet:
1115 1004 101 61 quia
1165 1004 89 61 nulla

349 1046 92 60 vel
401 1046 105 60 sibi
467 1046 184 60 equiualens
612 1046 158 60 cuilibet
730 1046 131 60 potest
822 1046 197 60 naturaliter
980 1046 105 60 esse
1046 1046 118 60 nota:
1125 1046 92 60 cum
1164 1046 92 60 queli

339 1095 110 62 bet
402 1095 110 62 per
465 1095 251 62 experientiam
668 1095 141 62 primo
762 1095 110 62 sit
825 1095 141 62 nota.
919 1095 235 62 Confirmatur
1107 1095 110 62 hoc
1154 1095 94 62 etia

345 1133 115 69 per.
417 1133 86 69 P.
460 1133 129 69 primo
546 1133 144 69 poste.
647 1133 86 69 c.
690 1133 129 69 illo.
776 1133 129 69 Smnis
862 1133 244 69 demonstratiua
1064 1133 173 69 scientia
1179 1133 86 69 cir-

346 1180 76 57 ca
384 1180 101 57 tria
447 1180 101 57 est.
510 1180 88 57 vbi
561 1180 151 57 expresse
674 1180 113 57 dicit
750 1180 101 57 quod
813 1180 151 57 dignitas
926 1180 88 57 est
977 1180 139 57 necesse
1078 1180 139 57 propter
1178 1180 76 57 se
1204 1180 50 57 ip

342 1220 111 66 sam.
412 1220 70 66 ⁋
439 1220 83 66 2m
481 1220 111 66 quod
551 1220 125 66 nulla
634 1220 195 66 propositio
787 1220 195 66 singularis
940 1220 209 66 cathegorica
1107 1220 83 66 et
1135 1220 125 66 affirma

343 1261 115 64 tiua
414 1261 86 64 de
457 1261 143 64 inesse
557 1261 115 64 alia
629 1261 86 64 ab
672 1261 129 64 ista.
758 1261 115 64 deus
829 1261 115 64 est:
901 1261 100 64 vel
958 1261 115 64 sibi
1030 1261 215 64 equiualente
1187 1261 72 64 est

350 1317 95 59 per
405 1317 82 59 se
446 1317 123 59 nota.
528 1317 123 59 ratio
609 1317 109 59 est:
678 1317 109 59 quia
746 1317 164 59 quelibet
868 1317 123 59 talis
950 1317 82 59 si
991 1317 95 59 sit
1046 1317 109 59 nota
1100 1317 150 59 euidenter

348 1355 97 55 est
403 1355 180 55 immediate
542 1355 97 55 vel
597 1355 152 55 mediate
707 1355 97 55 per
763 1355 221 55 experientiam
942 1355 124 55 nota:
1025 1355 83 55 vt
1067 1355 124 55 patet
1136 1355 124 55 discur-

342 1396 129 62 rendo
428 1396 100 62 per
485 1396 186 62 singulas.
628 1396 129 62 vtrum
714 1396 100 62 aut
771 1396 129 62 illa.
857 1396 115 62 deus
929 1396 115 62 est.
1000 1396 100 62 sit
1058 1396 129 62 perse
1143 1396 115 62 nota
1201 1396 57 62 in

346 1437 163 63 articulo.
472 1437 75 63 2o
509 1437 175 63 videbitur.
647 1437 63 63 ⁋
672 1437 75 63 3m
709 1437 100 63 quod
772 1437 88 63 non
822 1437 113 63 omnis
897 1437 175 63 propositio
1035 1437 163 63 immediata
1160 1437 88 63 est
1197 1437 63 63 per

336 1483 85 60 se
378 1483 127 60 nota.
463 1483 141 60 patet:
562 1483 113 60 quia
633 1483 127 60 multe
717 1483 113 60 sunt
788 1483 184 60 immediate
929 1483 99 60 que
986 1483 141 60 absque
1070 1483 184 60 singularium

343 1526 202 60 experientia
504 1526 162 60 cognosci
626 1526 94 60 non
680 1526 162 60 possunt:
801 1526 81 60 vt
842 1526 81 60 he
882 1526 148 60 aliquid
990 1526 162 60 mouetur.
1112 1526 108 60 onis
1166 1526 94 60 calor

349 1573 71 54 est
389 1573 172 54 calefactiuus.
531 1573 61 54 et
561 1573 172 54 universaliter
703 1573 121 54 principi
794 1573 152 54 scientiarum
915 1573 71 54 qua
956 1573 121 54 sumuntur
1047 1573 71 54 per
1087 1573 81 54 viam
1128 1573 131 54 experientio

346 1614 77 56 et
385 1614 155 56 memorie:
501 1614 116 56 patet
579 1614 116 56 etiam
656 1614 103 56 per.
721 1614 77 56 P.
759 1614 90 56 qui
811 1614 116 56 primo
888 1614 129 56 poste.
979 1614 142 56 diuidit
1069 1614 194 56 propositionem

344 1657 201 59 immediatam
502 1657 86 59 in
545 1657 201 59 dignitatem
703 1657 86 59 et
746 1657 215 59 positionem.
918 1657 72 59 ⁋
947 1657 86 59 4m
990 1657 144 59 contra
1091 1657 158 59 aliquos
1191 1657 72 59 sol

358 1701 91 56 lenes
419 1701 71 56 doc
459 1701 122 56 scilicet
551 1701 81 56 quod
602 1701 71 56 non
642 1701 91 56 omnis
703 1701 142 56 propositio
815 1701 91 56 cuius
876 1701 152 56 praedicatum
998 1701 142 56 includitur
1109 1701 61 56 in
1130 1701 142 56 diffinitione

353 1749 157 49 subiecti:
473 1749 84 49 est
522 1749 84 49 per
570 1749 72 49 se
606 1749 108 49 nota.
678 1749 72 49 et
715 1749 121 49 contra
799 1749 108 49 alios
871 1749 96 49 quod
932 1749 84 49 non
980 1749 108 49 omnis
1052 1749 205 49 propositionis
1209 1749 60 49 per

355 1788 81 54 se
396 1788 108 54 note
464 1788 203 54 praedicatum
626 1788 189 54 includitur
775 1788 81 54 in
815 1788 149 54 ratione
923 1788 176 54 subiecti.
1059 1788 68 54 ⁋
1086 1788 135 54 Primum
1167 1788 108 54 proba-

349 1835 104 52 tur:
414 1835 104 52 quia
479 1835 91 52 vel
531 1835 234 52 intelligeretur
726 1835 91 52 hoc
778 1835 78 52 de
817 1835 221 52 diffinitione.
999 1835 130 52 dicens
1090 1835 104 52 quid
1155 1835 104 52 rei:
1207 1835 52 52 vt

345 1879 170 51 dicente
468 1879 124 51 quid
545 1879 185 51 nominis.
684 1879 93 51 De
731 1879 139 51 prima
823 1879 139 51 patet
916 1879 232 51 propositum.
1101 1879 108 51 Nam
1147 1879 124 51 neutra

352 1917 124 62 harum
435 1917 96 62 est
490 1917 96 62 per
545 1917 83 62 se
586 1917 124 62 nota.
669 1917 207 62 intellectus
834 1917 96 62 est
889 1917 207 62 substantia.
1055 1917 207 62 intellectus
1206 1917 69 62 est

350 1960 191 61 qualitas.
497 1960 103 61 cum
556 1960 88 61 de
600 1960 161 61 vtraque
717 1960 103 61 sit
776 1960 132 61 magna
863 1960 176 61 quaestio
995 1960 117 61 apud
1069 1960 205 61 sapientes:
1215 1960 59 61 et

344 2014 120 46 tamen
423 2014 159 46 alterius
543 2014 199 46 praedicatum
702 2014 186 46 includitur
848 2014 80 46 in
888 2014 146 46 ratione
994 2014 146 46 dicente
1101 2014 106 46 quid
1167 2014 93 46 rei
1207 2014 53 46 su

349 2053 148 57 biecti.
456 2053 175 57 Similiter
590 2053 121 57 ista.
671 2053 107 57 rosa
738 2053 94 57 est
792 2053 121 57 flos.
872 2053 94 57 non
926 2053 94 57 est
980 2053 94 57 per
1033 2053 81 57 se
1074 2053 121 57 nota:
1154 2053 107 57 immo
1208 2053 67 57 nec

341 2100 219 50 necessaria:
517 2100 102 50 nec
575 2100 132 50 ista.
663 2100 146 50 albedo
766 2100 102 50 est
824 2100 146 50 color.
927 2100 102 50 est
985 2100 102 50 per
1044 2100 88 50 se
1087 2100 132 50 nota.
1161 2100 102 50 alias

344 2135 118 60 esset
423 2135 105 60 nota
488 2135 105 60 ceco
554 2135 66 60 a
580 2135 197 60 natiuitate.
738 2135 79 60 et
777 2135 118 60 tamen
856 2135 171 60 vtriusque
987 2135 197 60 praedicatum
1132 2135 131 60 includi-

357 2179 82 57 tur
404 2179 70 57 in
439 2179 129 57 ratione
533 2179 152 57 subiecti:
650 2179 70 57 et
686 2179 82 57 ita
732 2179 70 57 de
768 2179 117 57 multis
850 2179 106 57 aliis
920 2179 117 57 posset
1002 2179 117 57 argui.
1084 2179 59 57 ⁋
1108 2179 152 57 Praeterea
1213 2179 47 57 ho

355 2225 119 55 esset
434 2225 132 55 verum:
526 2225 106 55 tunc
593 2225 158 55 quelibet
711 2225 185 55 propositio
857 2225 79 55 in
896 2225 92 55 qua
949 2225 225 55 praedicaretur
1134 2225 92 55 vel
1174 2225 92 55 genus

352 2269 77 53 vel
396 2269 166 53 differentia
529 2269 66 53 de
562 2269 77 53 sua
606 2269 77 53 per
650 2269 66 53 se
683 2269 110 53 speie:
761 2269 99 53 esset
827 2269 77 53 per
871 2269 66 53 se
904 2269 99 53 nota.
971 2269 66 53 et
1004 2269 99 53 eadem
1070 2269 122 53 ratione
1147 2269 122 53 quaelibet

358 2311 67 56 in
391 2311 78 56 qua
436 2311 156 56 diffinitio
559 2311 190 56 praedicaretur
715 2311 67 56 de
749 2311 156 56 diffinito:
872 2311 67 56 et
905 2311 78 56 sic
950 2311 123 56 proprie
1039 2311 168 56 differentie
1173 2311 67 56 et
1196 2311 78 56 diffi

354 2359 183 54 nitiones
491 2359 137 54 rerum
583 2359 153 54 absque
689 2359 275 54 argumentatione
918 2359 153 54 essent
1025 2359 122 54 note
1101 2359 92 54 de
1132 2359 137 54 ipsorum

347 2396 217 55 diffinitis:
520 2396 87 55 et
563 2396 130 55 illud
650 2396 101 55 est
708 2396 188 55 manifeste
853 2396 159 55 falsum:
968 2396 101 55 cum
1026 2396 145 55 multum
1113 2396 159 55 difficile

355 2445 97 54 sit
411 2445 166 54 proprias
535 2445 235 54 diffinitiones
729 2445 222 54 inuestigare.
909 2445 69 54 ⁋
937 2445 83 54 De
978 2445 222 54 diffinitione
1144 2445 125 54 dominte

346 2483 102 66 quid
410 2483 140 66 nominis
512 2483 102 66 idem
575 2483 166 66 probatur:
703 2483 102 66 quia
766 2483 115 66 omnis
843 2483 178 66 propositio
983 2483 89 66 per
1034 2483 76 66 se
1072 2483 102 66 nota
1136 2483 89 66 est
1174 2483 89 66 vera.

344 2523 88 59 non
395 2523 113 59 autem
470 2523 113 59 omnis
545 2523 113 59 cuius
620 2523 175 59 praedicatu
758 2523 175 59 includitur
896 2523 75 59 in
933 2523 200 59 diffinitione
1096 2523 100 59 tali
1146 2523 113 59 subiect

353 2572 97 55 est
409 2572 125 55 vera:
492 2572 83 55 vt
534 2572 125 55 patet
617 2572 83 55 de
658 2572 125 55 ista.
742 2572 139 55 vacuum
839 2572 97 55 est
894 2572 139 55 locus:
991 2572 97 55 hec
1047 2572 111 55 enim
1116 2572 97 55 est
1158 2572 111 55 falsa:

354 2611 101 58 cum
411 2611 145 58 nullus
513 2611 130 58 locus
600 2611 101 58 sit
658 2611 145 58 vacuum
759 2611 101 58 vel
817 2611 159 58 vacuus.
933 2611 87 58 et
976 2611 130 58 tamen
1063 2611 130 58 locus
1136 2611 130 58 ponitur

344 2662 96 55 in
392 2662 256 55 diffinitione
600 2662 176 55 dicente
728 2662 128 55 quid
808 2662 160 55 nomins
921 2662 144 55 huius
1017 2662 176 55 termini
1129 2662 128 55 vacuum

357 2702 194 59 Diffinitur
510 2702 111 59 enim
579 2702 111 59 quod
649 2702 97 59 est
704 2702 125 59 locus
788 2702 167 59 priuatus
913 2702 167 59 corpore.
1038 2702 97 59 ita
1093 2702 83 59 de
1121 2702 139 59 pluribus

345 2741 128 62 aliis
430 2741 143 62 posset
530 2741 143 62 argui:
630 2741 143 62 quarum
730 2741 171 62 subiecta
858 2741 185 62 supponere
1000 2741 157 62 possunt
1114 2741 100 62 pro
1157 2741 100 62 veris

355 2785 134 60 rebus:
448 2785 80 60 et
489 2785 121 60 tamen
569 2785 241 60 praedicationes
770 2785 121 60 tales
851 2785 94 60 non
904 2785 107 60 sunt
971 2785 201 60 necessarie:
1132 2785 94 60 sed
1172 2785 94 60 conti

346 2827 131 65 gentes
438 2827 118 65 sicut
516 2827 79 65 et
555 2827 105 65 ipse
621 2827 92 65 res
673 2827 209 65 contingenter
843 2827 118 65 sunt:
922 2827 79 65 et
961 2827 92 65 per
1013 2827 183 65 consequens
1157 2827 92 65 non
1197 2827 65 65 sun

348 2885 103 48 per
407 2885 89 48 se
452 2885 133 48 note.
540 2885 74 48 ⁋
570 2885 89 48 2m
614 2885 148 48 patet.
717 2885 103 48 Nam
776 2885 177 48 quelibet
909 2885 162 48 istarum
1027 2885 103 48 est
1086 2885 103 48 per
1145 2885 89 48 se
1175 2885 103 48 nota:

347 2918 118 54 homo
421 2918 104 54 est
480 2918 148 54 asinus
584 2918 104 54 vel
643 2918 104 54 non
702 2918 104 54 est
762 2918 163 54 asinus.
880 2918 89 54 si
925 2918 148 54 aliqua
1028 2918 118 54 sunt
1102 2918 133 54 eidem
1176 2918 89 54 equa

350 2970 114 52 lia
415 2970 130 52 sunt
496 2970 179 52 equalia
626 2970 146 52 inter
724 2970 114 52 se.
789 2970 98 52 Si
837 2970 211 52 equalibus
1000 2970 211 52 inequalia
1146 2970 114 52 addan

364 3014 99 45 tur
421 3014 113 45 tota
491 3014 128 45 fient
576 3014 198 45 inequalia.
732 3014 85 45 et
775 3014 128 45 multe
860 3014 113 45 alie
931 3014 85 45 de
973 3014 142 45 quibus
1073 3014 156 45 constat
1172 3014 85 45 quod

353 3056 203 69 praedicata
513 3056 102 69 non
571 3056 218 69 includuntur
746 3056 87 69 in
789 3056 160 69 ratione
906 3056 189 69 subiecti.
1051 3056 73 69 ⁋
1080 3056 102 69 Sed
1138 3056 116 69 vnum
1196 3056 73 69 oc

1307 239 105 68 curit
1378 239 117 68 dubium
1459 239 129 68 quantum
1553 239 70 68 ad
1588 239 164 68 praesentem
1717 239 152 68 articulum
1834 239 140 68 scilicet
1939 239 105 68 vtrum
2009 239 117 68 aliqua
2080 239 140 68 propositio

1303 296 88 61 per
1354 296 76 61 se
1392 296 101 61 nota
1455 296 88 61 sit
1505 296 240 61 demonstrabilis.
1707 296 76 61 et
1745 296 88 61 est
1795 296 126 61 opinio
1884 296 151 61 doctores
1997 296 126 61 vnius.
2086 296 126 61 dicens
2161 296 76 61 quod

1295 333 147 63 quedam
1398 333 177 63 communes
1531 333 133 63 animi
1620 333 236 63 conceptiones
1811 333 88 63 et
1856 333 103 63 per
1915 333 88 63 se
1959 333 118 63 note
2018 333 221 63 propositiones

1306 379 180 57 veniunt
1437 379 98 57 in
1486 379 164 57 mentem
1600 379 197 57 mediante
1748 379 164 57 quodam
1862 379 229 57 sillogismo
2026 379 213 57 impercepti-

1297 424 100 63 bili
1360 424 75 63 et
1398 424 138 63 neminem
1498 424 151 63 latente.
1611 424 75 63 vt
1649 424 100 63 quod
1712 424 100 63 omne
1775 424 113 63 totum
1850 424 88 63 est
1900 424 88 63 sua
1950 424 113 63 parte
2026 424 126 63 maius.
2114 424 75 63 et
2139 424 75 63 quod

1309 465 113 56 natura
1388 465 90 56 est:
1444 465 135 56 probatur
1545 465 90 56 enim
1601 465 68 56 ex
1635 465 90 56 motu
1691 465 90 56 quod
1748 465 113 56 natuam
1826 465 79 56 que
1871 465 79 56 est
1916 465 158 56 principium
2040 465 101 56 motus
2108 465 90 56 sit.
2153 465 68 56 pro-

1304 506 121 63 batur
1384 506 134 63 inquit
1478 506 94 63 est
1532 506 107 63 omne
1599 506 121 63 totum
1680 506 107 63 esse
1747 506 121 63 maius
1827 506 94 63 sua
1881 506 121 63 parte
1962 506 81 63 ex
2002 506 94 63 hoc
2056 506 107 63 quod
2110 506 107 63 conti-

1300 552 101 58 net
1357 552 144 58 partem
1458 552 86 58 et
1501 552 129 58 addit
1587 552 129 58 super
1673 552 115 58 eam.
1745 552 101 58 Sed
1802 552 115 58 quia
1874 552 129 58 tales
1960 552 215 58 deductiones
2118 552 101 58 subi-

1301 594 78 63 to
1340 594 78 63 et
1379 594 272 63 imperceptibiliter
1612 594 78 63 in
1651 594 116 63 mente
1728 594 155 63 veniunt:
1845 594 116 63 tales
1922 594 220 63 propositiones
2091 594 129 63 concluse

1309 644 115 56 sunt
1380 644 100 56 per
1438 644 86 56 se
1481 644 129 56 note.
1567 644 129 56 Istud
1653 644 215 56 confirmatur
1825 644 100 56 per
1882 644 158 56 alacen.
1997 644 86 56 2o
2026 644 186 56 perspectiue

1307 684 135 58 dicens.
1405 684 98 58 quod
1466 684 123 58 plures
1552 684 98 58 sunt
1613 684 208 58 propositiones
1785 684 86 58 que
1834 684 172 58 reputantur
1969 684 123 58 prime.
2055 684 74 58 et
2091 684 110 58 tamen
2153 684 61 58 non

1306 726 243 62 comprehenduntur
1511 726 103 62 nisi
1575 726 90 62 per
1627 726 167 62 rationem:
1755 726 115 62 verbi
1832 726 141 62 gratia:
1934 726 103 62 quod
1998 726 115 62 totum
2075 726 90 62 sit
2113 726 103 62 maius-

1307 767 85 62 sua
1355 767 121 62 parte:
1440 767 73 62 et
1477 767 97 62 omne
1537 767 97 62 quod
1598 767 85 62 est
1647 767 109 62 huius
1719 767 158 62 graesenis
1841 767 73 62 ab
1877 767 158 62 hominibus
1998 767 133 62 vocatur
2083 767 146 62 propositio

1314 810 102 68 prima.
1385 810 81 68 tunc
1436 810 81 68 enim
1487 810 132 68 efficitur
1588 810 132 68 conclusio
1690 810 61 68 in
1721 810 81 68 aia.
1771 810 92 68 quasi
1832 810 142 68 propositio
1944 810 142 68 manifesta.
2056 810 61 68 et
2087 810 122 68 secundum
2168 810 61 68 hunc

1302 859 125 58 modum
1386 859 97 58 fit
1441 859 209 58 apprehensio
1608 859 153 58 partium
1719 859 97 58 per
1775 859 167 58 rationem
1900 859 83 58 in
1942 859 153 58 tempore
2039 859 181 58 insensibili

1306 898 160 59 absque
1418 898 225 59 indigentia
1595 898 305 59 argumentationis
1851 898 208 59 iterande.
2012 898 80 59 ⁋
2044 898 96 59 2o
2076 898 144 59 probant

1313 950 122 59 idem
1389 950 107 59 per
1450 950 259 59 diffinitionem
1664 950 153 59 Boetii
1770 950 137 59 supra
1862 950 168 59 positam
1984 950 92 59 de
2014 950 214 59 propositione

1303 988 93 65 per
1356 988 80 65 se
1396 988 120 65 nota:
1476 988 107 65 quod
1543 988 93 65 est
1596 988 187 65 enunciatio
1742 988 107 65 quam
1809 988 160 65 quilibet
1929 988 133 65 probat
2022 988 160 65 auditam:
2129 988 93 65 tales

1311 1036 106 54 autem
1382 1036 153 54 probantur
1499 1036 118 54 subito
1582 1036 71 54 et
1617 1036 259 54 imperceptibiliter.
1840 1036 71 54 Ex
1875 1036 82 54 his
1922 1036 118 54 patet:
2005 1036 94 54 quod
2063 1036 82 54 cum
2110 1036 94 54 iste
2157 1036 71 54 doc.

1306 1079 125 52 velit
1390 1079 111 52 quod
1459 1079 125 52 tales
1543 1079 237 52 propositiones
1738 1079 97 52 non
1793 1079 111 52 sunt
1863 1079 111 52 note
1933 1079 111 52 nisi
2002 1079 97 52 per
2044 1079 181 52 deductionem

1308 1127 255 51 sillogisticam:
1520 1127 85 51 et
1563 1127 99 51 cum
1620 1127 128 51 nihil
1705 1127 213 51 notificetur
1875 1127 99 51 per
1932 1127 128 51 minus
2017 1127 113 51 nota
2087 1127 128 51 talis
2158 1127 57 51 de

1308 1163 122 58 ductio
1393 1163 110 58 etiam
1466 1163 97 58 erit
1527 1163 73 58 ex
1564 1163 85 58 per
1612 1163 73 58 se
1649 1163 122 58 notis.
1734 1163 73 58 et
1770 1163 85 58 per
1819 1163 170 58 consequens
1953 1163 219 58 demonstratiua:
2136 1163 73 58 et
2160 1163 61 58 sic

1303 1203 139 63 aliqua
1401 1203 97 63 per
1456 1203 84 63 se
1498 1203 111 63 nota
1568 1203 97 63 non
1623 1203 111 63 sunt
1693 1203 111 63 nota
1763 1203 111 63 nisi
1832 1203 97 63 per
1888 1203 278 63 demonstrationem.
2125 1203 70 63 ⁋
2138 1203 84 63 Alii

1310 1256 169 56 tenentes
1437 1256 113 56 quod
1507 1256 141 56 aliqua
1606 1256 197 56 propositio
1761 1256 99 56 per
1817 1256 85 56 se
1859 1256 113 56 nota
1930 1256 99 56 est
1986 1256 254 56 demonstrabilis
2184 1256 70 56 ar-

1307 1292 117 65 guunt.
1389 1292 105 65 primo
1459 1292 94 65 sic.
1518 1292 152 65 possibile
1635 1292 82 65 est
1682 1292 94 65 quod
1740 1292 117 65 aliqua
1822 1292 164 65 propositio
1951 1292 82 65 sit
1998 1292 82 65 per
2044 1292 70 65 se
2080 1292 94 65 nota
2126 1292 94 65 persei

1301 1338 110 57 tate
1370 1338 192 57 excludente
1521 1338 137 57 notius
1617 1338 82 57 ab
1658 1338 151 57 effectu
1768 1338 82 57 et
1809 1338 96 57 quo
1863 1338 82 57 ad
1905 1338 110 57 nos:
1973 1338 82 57 et
2014 1338 123 57 tamen
2097 1338 110 57 quod
2151 1338 69 57 non

1298 1388 104 51 sit
1358 1388 104 51 per
1417 1388 89 51 se
1462 1388 119 51 nota
1536 1388 208 51 perseitate
1700 1388 208 51 excludente
1864 1388 149 51 notius
1968 1388 104 51 quo
2027 1388 89 51 ad
2072 1388 119 51 nam.
2146 1388 89 51 et

1310 1423 168 64 consequens
1442 1423 96 64 quod
1502 1423 120 64 posset
1586 1423 132 64 probari
1682 1423 84 64 per
1730 1423 120 64 notius
1814 1423 84 64 quo
1862 1423 72 64 ad
1898 1423 144 64 naturam.
2006 1423 60 64 ⁋
2030 1423 72 64 2o
2066 1423 108 64 licet
2126 1423 96 64 aliqua

1320 1474 161 61 propositio
1446 1474 80 61 sit
1492 1474 80 61 per
1538 1474 69 61 se
1572 1474 103 61 nota.
1641 1474 69 61 id
1675 1474 80 61 est
1721 1474 92 61 omni
1779 1474 92 61 alio
1836 1474 207 61 circunscripto:
2008 1474 92 61 ipsa
2066 1474 103 61 tamen
2135 1474 80 61 est
2169 1474 46 61 du

1316 1516 176 59 bitabilis:
1455 1516 126 59 igitur
1543 1516 113 59 licet
1619 1516 88 59 sit
1669 1516 88 59 per
1719 1516 76 59 se
1757 1516 113 59 nota:
1833 1516 88 59 est
1883 1516 113 59 tamen
1959 1516 239 59 demonstrabilis:
2147 1516 76 59 quia

1310 1554 117 60 quot
1383 1554 204 60 queribilia
1544 1554 102 60 tot
1602 1554 190 60 scibilia.
1748 1554 73 60 ⁋
1777 1554 88 60 3o
1821 1554 117 60 quod
1894 1554 102 60 non
1953 1554 146 60 tollit
2055 1554 117 60 quin
2128 1554 161 60 praimis

1314 1604 71 55 se
1350 1604 154 55 exprimant
1468 1604 118 55 causam
1551 1604 71 55 et
1586 1604 95 55 sint
1645 1604 95 55 pate
1704 1604 71 55 et
1740 1604 95 55 vere
1799 1604 106 55 cause
1870 1604 201 55 conclusionis:
2035 1604 83 55 non
2082 1604 118 55 tollit
2153 1604 71 55 quin

1313 1653 72 52 de
1349 1653 180 52 conclusione
1493 1653 144 52 causetur
1601 1653 108 52 actus
1673 1653 144 52 sciendi.
1782 1653 72 52 et
1818 1653 84 52 per
1866 1653 168 52 consequens
1998 1653 96 52 quin
2058 1653 96 52 ipsa
2118 1653 96 52 vere
2166 1653 60 52 de-

1318 1684 204 58 monstretur.
1481 1684 136 58 patet:
1576 1684 109 58 quia
1644 1684 122 58 scire
1725 1684 95 58 est
1780 1684 95 58 rem
1834 1684 95 58 per
1888 1684 136 58 causam
1983 1684 204 58 cognoscere.
2146 1684 68 58 ⁋
2160 1684 81 58 Item

1307 1731 215 60 demonstratio
1481 1731 94 60 est
1535 1731 81 60 ex
1576 1731 135 60 primis
1670 1731 121 60 veris
1751 1731 108 60 etc.
1818 1731 94 60 Sed
1872 1731 108 60 quod
1939 1731 188 60 propositio
2087 1731 94 60 per
2141 1731 81 60 se
2168 1731 67 60 non

1308 1777 116 60 nobis
1386 1777 90 60 non
1437 1777 142 60 tollat.
1540 1777 90 60 hoc
1592 1777 129 60 patet:
1682 1777 103 60 quia
1747 1777 90 60 cum
1798 1777 90 60 hoc
1850 1777 103 60 stat
1914 1777 103 60 quod
1979 1777 129 60 habeat
2069 1777 129 60 causam
2147 1777 90 60 imme-

1309 1835 165 38 diatam
1424 1835 132 38 etc.
1506 1835 82 38 ⁋
1539 1835 99 38 4o
1588 1835 99 38 in
1638 1835 313 38 propositionibus
1901 1835 115 38 per
1967 1835 99 38 se
2016 1835 148 38 notis
2115 1835 132 38 sunt
2181 1835 82 38 gra

1313 1868 97 52 dus.
1374 1868 122 52 igitur
1459 1868 85 52 vna
1507 1868 122 52 potest
1593 1868 97 52 esse
1653 1868 170 52 euidentior
1787 1868 109 52 alia.
1860 1868 73 52 et
1897 1868 85 52 per
1945 1868 170 52 consequens
2079 1868 134 52 probare
2164 1868 61 52 eam

1316 1904 60 60 ⁋
1340 1904 72 60 5o
1376 1904 120 60 aliqua
1460 1904 168 60 proporitio
1592 1904 120 60 potest
1676 1904 96 60 esse
1736 1904 84 60 per
1784 1904 72 60 se
1820 1904 96 60 nota
1880 1904 96 60 quia
1940 1904 96 60 est:
2000 1904 72 60 et
2036 1904 108 60 tamen
2108 1904 180 60 dubitabilis

1314 1948 149 65 propter
1423 1948 108 65 quid
1490 1948 108 65 est.
1558 1948 135 65 igitur
1653 1948 149 65 poterit
1761 1948 203 65 demonstrari
1923 1948 243 65 demonstratione
2126 1948 68 65 a
2139 1948 95 65 prio-

1317 1990 84 63 ri
1359 1990 84 63 et
1401 1990 154 63 propter
1512 1990 126 63 quid:
1596 1990 112 63 esto
1666 1990 112 63 quod
1736 1990 98 63 sit
1792 1990 98 63 per
1847 1990 84 63 se
1889 1990 126 63 nota.
1973 1990 70 63 ⁋
2001 1990 112 63 Mihi
2071 1990 126 63 autem
2154 1990 126 63 sicut
2224 1990 42 63 o

1325 2037 74 57 et
1362 2037 124 57 multis
1448 2037 111 57 aliis
1523 2037 136 57 videtur
1622 2037 99 57 quod
1683 2037 136 57 proprie
1782 2037 148 57 loquendo
1894 2037 74 57 de
1931 2037 223 57 demonstratione
2117 2037 74 57 et
2154 2037 87 57 pro
2191 2037 74 57 prm-

1328 2089 157 44 positione
1448 2089 84 44 per
1497 2089 72 44 se
1533 2089 108 44 nota:
1605 2089 84 44 non
1653 2089 108 44 solum
1725 2089 96 44 quod
1785 2089 120 44 aliqua
1870 2089 169 44 propositio
2002 2089 84 44 per
2050 2089 72 44 se
2086 2089 96 44 nota
2147 2089 84 44 non
2195 2089 84 44 est
2231 2089 36 44 a

1317 2119 184 64 tantummo
1455 2119 123 64 nota
1531 2119 107 64 per
1593 2119 307 64 demonstrationem:
1854 2119 92 64 vt
1900 2119 138 64 dicit
1992 2119 123 64 doc.
2069 2119 169 64 primus.
2191 2119 107 64 Sed

1319 2167 98 62 quod
1380 2167 110 62 nulla
1453 2167 85 62 per
1502 2167 73 62 se
1538 2167 98 62 nota
1599 2167 85 62 est
1648 2167 232 62 demonstrabilis:
1844 2167 110 62 cuius
1917 2167 159 62 oppositum
2039 2167 110 62 dicit
2112 2167 98 62 2us:
2161 2167 73 62 quod

1310 2210 106 66 probo
1381 2210 106 66 primo
1451 2210 94 66 sic.
1510 2210 82 66 Dis
1557 2210 164 66 propositio
1686 2210 211 66 demonstrabilis
1862 2210 117 66 potest
1944 2210 106 66 fieri
2014 2210 94 66 nota
2073 2210 70 66 ex
2096 2210 141 66 propositio

1315 2255 121 57 nibus
1395 2255 148 57 poribus
1503 2255 81 57 et
1543 2255 201 57 notioribus:
1704 2255 94 57 sed
1758 2255 121 57 nulla
1838 2255 188 57 propositio
1986 2255 94 57 per
2040 2255 81 57 se
2080 2255 107 57 nota
2134 2255 107 57 potest

1311 2302 134 56 fieri
1400 2302 119 56 nota
1475 2302 89 56 ex
1519 2302 208 56 notioribus
1682 2302 89 56 et
1727 2302 208 56 prioribus:
1890 2302 149 56 igitur
1994 2302 119 56 etc.
2054 2302 178 56 Intelligo-

1306 2343 113 57 autem
1382 2343 214 57 propositionem
1558 2343 113 57 fieri
1634 2343 113 57 notam
1709 2343 113 57 iuxta
1785 2343 126 57 sensum
1873 2343 176 57 frequenter
2011 2343 113 57 datum
2087 2343 76 57 id
2125 2343 88 57 est
2162 2343 76 57 quia

1321 2387 80 57 sit
1366 2387 103 57 totum
1435 2387 80 57 sic
1481 2387 92 57 esse
1538 2387 92 57 etc.
1595 2387 103 57 maior
1664 2387 115 57 patet:
1744 2387 92 57 quia
1802 2387 69 57 vt
1836 2387 115 57 dicit.
1916 2387 69 57 P.
1951 2387 103 57 primo
2019 2387 115 57 poste.
2100 2387 126 57 necesse
2180 2387 57 57 est

1318 2429 260 58 demonstratiuam
1534 2429 188 58 scientiam
1679 2429 116 58 esse
1751 2429 87 58 ex
1795 2429 130 58 veris
1881 2429 116 58 etc.
1954 2429 174 58 Sequitur
2069 2429 174 58 notioribus

1322 2475 69 51 et
1357 2475 161 51 prioribus:
1484 2475 115 51 igitur
1564 2475 92 51 etc.
1622 2475 69 51 et
1656 2475 115 51 causis
1737 2475 196 51 conclusionis.
1898 2475 69 51 et
1932 2475 115 51 statim
2013 2475 150 51 sequitur.
2116 2475 127 51 sillogis-

1322 2510 86 64 mus
1371 2510 98 64 quod
1432 2510 98 64 erit
1494 2510 98 64 sine
1555 2510 86 64 his
1604 2510 197 64 demonstratio
1764 2510 86 64 non
1813 2510 111 64 erit.
1887 2510 86 64 non
1936 2510 98 64 enim
1997 2510 123 64 faciet
2083 2510 160 64 scientiam
2194 2510 49 64 Mi

1317 2560 96 60 nor
1372 2560 124 60 patet
1455 2560 96 60 per
1509 2560 137 60 eundem
1606 2560 151 60 ibidem.
1715 2560 82 60 c.
1757 2560 124 60 illo.
1839 2560 124 60 Qmnis
1921 2560 233 60 demonstratiua
2100 2560 137 60 scientia

1318 2606 128 51 circa
1403 2606 113 51 tria
1474 2606 113 51 est.
1545 2606 99 51 vbi
1601 2606 113 51 vult
1672 2606 113 51 quod
1743 2606 170 51 dignitas
1871 2606 85 51 et
1913 2606 156 51 propter
2026 2606 85 51 se
2069 2606 128 51 ipsam
2140 2606 99 51 neces

1316 2650 78 56 se
1355 2650 92 56 est
1407 2650 105 56 esse
1473 2650 118 56 suple
1551 2650 131 56 veram:
1643 2650 78 56 et
1682 2650 144 56 propter
1787 2650 78 56 se
1826 2650 118 56 ipsam
1904 2650 131 56 videri
1996 2650 78 56 id
2035 2650 92 56 est
2074 2650 157 56 manifestam

1305 2687 115 56 esse
1376 2687 115 56 apud
1448 2687 129 56 omnem
1534 2687 229 56 intellectum:
1720 2687 86 56 vt
1763 2687 143 56 suplet
1863 2687 143 56 linco.
1963 2687 72 56 ⁋
1992 2687 86 56 Et
2035 2687 129 56 addit
2121 2687 115 56 quod
2178 2687 57 56 ip

1318 2736 80 51 sa
1358 2736 93 51 non
1411 2736 107 51 est:
1478 2736 93 51 nec
1531 2736 160 51 pertinet
1651 2736 80 51 ad
1691 2736 160 51 exterius
1811 2736 173 51 rationem:
1944 2736 93 51 sed
1997 2736 80 51 ad
2037 2736 93 51 eam
2090 2736 93 51 que
2144 2736 93 51 est
2184 2736 53 51 in

1313 2788 121 49 anima:
1398 2788 133 49 quoniam
1495 2788 109 49 neque
1567 2788 194 49 sillogismus:
1725 2788 109 49 vocat
1798 2788 109 49 autem
1870 2788 145 49 rationem
1979 2788 97 49 quae
2040 2788 85 49 est
2088 2788 73 49 in
2125 2788 109 49 anima
2185 2788 61 49 lu-

1315 2825 74 60 men
1358 2825 126 60 naturale
1452 2825 137 60 rationis.
1558 2825 84 60 vnde
1611 2825 95 60 anima
1674 2825 137 60 aliquando
1779 2825 116 60 dicitur
1864 2825 105 60 ratio:
1937 2825 126 60 rationem
2032 2825 84 60 vero
2085 2825 126 60 exterius
2169 2825 74 60 vocat

1315 2864 236 57 argumtationem:
1512 2864 105 57 quam
1577 2864 118 57 anima
1656 2864 118 57 facit
1735 2864 79 57 ad
1774 2864 144 57 vitatem
1879 2864 144 57 aliquam
1985 2864 223 57 cognoscendam.
2155 2864 79 57 quae

1315 2909 89 53 ideo
1371 2909 100 53 forte
1437 2909 123 53 vocatur
1527 2909 145 53 exterius:
1638 2909 78 53 vel
1683 2909 89 53 quia
1738 2909 100 53 extra
1805 2909 111 53 primam
1883 2909 67 53 id
1917 2909 78 53 est
1961 2909 145 53 distincta
2073 2909 56 53 a
2095 2909 123 53 ratione
2173 2909 67 53 quae

1320 2950 160 56 interius:
1443 2950 86 56 vel
1492 2950 123 56 potest
1579 2950 148 56 proferri
1690 2950 74 56 et
1727 2950 185 56 manifestari
1874 2950 160 56 exterius:
1998 2950 74 56 vt
2035 2950 148 56 exponunt
2133 2950 99 56 aliqui

1323 3003 73 54 ⁋
1353 3003 102 54 Est
1411 3003 146 54 igitur
1513 3003 160 54 sensus.
1629 3003 87 54 P.
1673 3003 117 54 quod
1746 3003 175 54 dignitas
1877 3003 102 54 non
1936 3003 160 54 spectat
2052 3003 87 54 ad
2081 3003 146 54 exterius

1310 3036 151 77 rationem
1423 3036 75 77 id
1461 3036 88 77 est
1511 3036 239 77 argumentationem
1712 3036 88 77 per
1763 3036 100 77 quam
1825 3036 100 77 fiat
1888 3036 88 77 no:
1939 3036 138 77 quoniam
2039 3036 113 77 neque
2102 3036 138 77 fillogis
