2465 3537
392 222 199 77 praedicatum
551 222 93 77 est
604 222 79 77 2o
643 222 172 77 adiagens.
776 222 66 77 ⁋
802 222 79 77 2o
842 222 119 77 nulla
921 222 185 77 propositio
1067 222 106 77 nota
1133 222 93 77 per
1186 222 79 77 se
1213 222 79 77 indi

387 290 82 55 get
434 290 129 55 notitia
528 290 141 55 alicuius
633 290 141 55 alterius
739 290 199 55 propositionis
903 290 70 55 ad
938 290 82 55 hoc
985 290 70 55 vt
1020 290 82 55 sit
1067 290 105 55 nota:
1137 290 82 55 sed
1172 290 129 55 quaelibet

386 334 170 51 propositio
519 334 73 51 in
556 334 85 51 qua
604 334 182 51 praedicatur
750 334 85 51 est
798 334 73 51 de
835 334 194 51 diffinitione
993 334 109 51 huius
1065 334 133 51 nominis
1163 334 97 51 deus
1211 334 85 51 indi-

385 376 90 50 get
436 376 141 50 notitia
539 376 154 50 alterius
654 376 218 50 propositionis
833 376 77 50 ad
872 376 90 50 hoc
923 376 77 50 vt
961 376 90 50 sit
1012 376 115 50 nota:
1089 376 128 50 igitur
1179 376 115 50 nulla
1243 376 51 50 te

380 418 91 56 lis
432 418 91 56 est
484 418 91 56 per
536 418 78 56 se
575 418 117 56 nota.
653 418 117 56 maior
731 418 130 56 patet:
822 418 78 56 ex
860 418 156 56 articulo
977 418 117 56 primo
1055 418 78 56 et
1094 418 117 56 minor
1159 418 143 56 probatur:

388 465 77 44 ad
427 465 90 44 hoc
478 465 103 44 enim
543 465 77 44 vt
582 465 142 44 sciatur
685 465 103 44 esse
750 465 103 44 vera
814 465 103 44 hec.
879 465 90 44 ens
930 465 129 44 primum
1021 465 103 44 est:
1085 465 142 44 necesse
1189 465 90 44 est
1228 465 77 44 hanc

386 500 102 59 esse
450 500 128 59 notam.
539 500 89 59 ens
590 500 89 59 est
641 500 115 59 primo
718 500 115 59 modo:
795 500 102 59 siue
858 500 102 59 hec.
922 500 140 59 aliquod
1024 500 89 59 ens
1075 500 89 59 est
1126 500 140 59 primum.
1228 500 64 59 ⁋
1254 500 77 59 Ad

383 547 95 52 hoc
438 547 123 52 etiam
520 547 82 52 vt
561 547 95 52 hec
615 547 95 52 sit
670 547 123 52 nota:
752 547 123 52 causa
833 547 205 52 incausbilis
997 547 109 52 est.
1065 547 150 52 necesse
1174 547 95 52 est
1215 547 82 52 hanc

386 593 93 54 esse
444 593 116 54 notam.
526 593 116 54 aliqua
607 593 105 54 causa
677 593 81 54 est
723 593 198 54 incausabilis.
886 593 70 54 Et
921 593 81 54 sic
968 593 174 54 generaliter
1107 593 128 54 numquam
1188 593 105 54 aliquod

381 634 211 52 praedicatum
550 634 99 52 est
606 634 127 52 notum
691 634 84 52 de
733 634 141 52 aliquo
831 634 169 52 subiecto
958 634 183 52 complexo:
1099 634 113 52 nisi
1169 634 99 52 vna
1212 634 84 52 pars

385 680 135 46 illius
479 680 162 46 complexi
600 680 94 46 sit
654 680 108 46 nota
721 680 81 46 de
762 680 121 46 alia:
843 680 81 46 vt
883 680 94 46 non
937 680 135 46 potest
1031 680 108 46 vere
1099 680 175 46 affirmari
1220 680 81 46 ali-

385 722 115 47 quod
457 722 216 47 praedicatum
630 722 87 47 de
673 722 173 47 subiecto
803 722 187 47 complexo:
947 722 115 47 nisi
1019 722 101 47 vna
1077 722 115 47 pars
1149 722 144 47 illius
1235 722 58 47 su

386 765 118 48 biecti
469 765 83 48 sit
516 765 94 48 nota
575 765 71 48 de
610 765 106 48 alia:
681 765 106 48 verbi
752 765 130 48 gratia:
847 765 177 48 impossibile
988 765 83 48 est
1035 765 94 48 hanc
1094 765 94 48 esse
1153 765 118 48 veram.
1224 765 71 48 homo

374 811 135 47 asinus
468 811 94 47 est
522 811 148 47 animal:
630 811 108 47 nisi
697 811 94 47 hec
751 811 94 47 sit
805 811 121 47 vera.
886 811 108 47 homo
953 811 94 47 est
1007 811 148 47 asinus.
1115 811 67 47 ⁋
1142 811 81 47 Ad
1169 811 121 47 ratione

381 851 122 55 primam
466 851 158 55 opinionis
588 851 158 55 dicendum:
710 851 98 55 quod
771 851 146 55 cogitare
881 851 122 55 potest
966 851 122 55 accipi
1051 851 183 55 dupliciter.
1197 851 85 55 Uno
1234 851 61 55 mod

373 897 102 57 Irca
437 897 90 57 pro
488 897 141 57 actuali
591 897 141 57 noticia
693 897 77 57 et
732 897 243 57 consideratione:
937 897 115 57 sicut
1013 897 90 57 cum
1065 897 115 57 dicit
1141 897 128 57 praes.
1218 897 77 57 Cogi

392 941 101 45 vias
455 941 101 45 meas
518 941 76 45 et
556 941 138 45 conuer.
657 941 126 45 petrus
745 941 76 45 m.
783 941 88 45 in.
833 941 76 45 t.
871 941 101 45 tua.
934 941 101 45 Alio
997 941 101 45 modo
1059 941 88 45 pro
1110 941 126 45 quadam
1185 941 101 45 estima

376 987 138 45 tione:
473 987 124 45 sicut
555 987 179 45 consuetum
693 987 96 45 est
748 987 124 45 dici.
831 987 179 45 cogitaban
968 987 83 45 te
1010 987 96 45 hoc
1065 987 96 45 aut
1120 987 124 45 illud
1189 987 96 45 fecit

370 1025 82 48 se
411 1025 82 48 id
453 1025 96 48 est
508 1025 178 48 estimabam
645 1025 96 48 vel
700 1025 165 48 putabam.
823 1025 69 48 ⁋
851 1025 82 48 Si
892 1025 137 48 igitur
988 1025 124 48 maior
1070 1025 137 48 illius
1153 1025 137 48 rationis

380 1072 152 52 accipiat
494 1072 152 52 cogitare
608 1072 114 52 primo
685 1072 101 52 modo
748 1072 76 52 vt
786 1072 89 52 sit
837 1072 127 52 sensus
925 1072 101 52 quod
989 1072 89 52 non
1039 1072 127 52 potest
1128 1072 152 52 cogitari
1230 1072 63 52 non

388 1115 93 47 esse
447 1115 81 47 etc
493 1115 70 47 id
528 1115 81 47 est
575 1115 93 47 quod
633 1115 81 47 non
679 1115 116 47 potest
761 1115 140 47 cognosci
865 1115 81 47 non
912 1115 105 47 esse:
982 1115 81 47 est
1028 1115 128 47 notitum
1121 1115 105 47 esse:
1191 1115 93 47 ipsa
1238 1115 58 47 est

372 1159 152 44 falsa.
478 1159 106 44 non
539 1159 122 44 enim
615 1159 152 44 potest
721 1159 137 44 sciri
813 1159 106 44 aut
873 1159 182 44 cognosci
1010 1159 152 44 corpus
1117 1159 167 44 christi
1223 1159 76 44 non

375 1201 109 52 esse
443 1201 95 52 sub
498 1201 136 52 sacteo
593 1201 95 52 dum
647 1201 109 52 est:
715 1201 95 52 nec
770 1201 136 52 mundum
865 1201 95 52 non
919 1201 190 52 incepisse:
1069 1201 95 52 cum
1123 1201 163 52 vtrumque
1232 1201 68 52 sit

369 1243 139 55 falsum:
470 1243 76 55 et
508 1243 114 55 tamen
584 1243 88 55 non
634 1243 88 55 est
685 1243 88 55 per
735 1243 76 55 se
773 1243 114 55 notum
849 1243 126 55 corpus
937 1243 139 55 christi
1038 1243 101 55 esse
1101 1243 76 55 in
1139 1243 139 55 sacato:
1227 1243 63 55 nec

372 1290 147 44 mundum
475 1290 205 44 incepisse.
636 1290 88 44 Et
680 1290 176 44 vlterius
812 1290 88 44 si
856 1290 117 44 illa
929 1290 132 44 maior
1017 1290 132 44 esset
1105 1290 117 44 vera
1164 1290 132 44 sequere

375 1331 85 52 tur
423 1331 97 52 quod
484 1331 97 52 omne
545 1331 109 52 verum
618 1331 182 52 necessarium
764 1331 109 52 esset
837 1331 85 52 per
885 1331 73 52 se
922 1331 121 52 notum:
1007 1331 85 52 cum
1055 1331 97 52 suum
1116 1331 158 52 oppositum
1225 1331 61 52 non

369 1375 142 50 possit
468 1375 170 50 cognosci
596 1375 99 50 aut
653 1375 142 50 sciri.
752 1375 85 50 si
795 1375 114 50 vero
865 1375 128 50 maior
951 1375 114 50 illa
1022 1375 156 50 sumatur
1135 1375 85 50 in
1163 1375 114 50 aliqui

375 1419 110 50 sensu
448 1419 73 50 id
485 1419 85 50 est
533 1419 98 50 omne
594 1419 98 50 quod
655 1419 85 50 non
704 1419 122 50 potest
789 1419 146 50 estimari
899 1419 85 50 aut
948 1419 122 50 putari
1033 1419 85 50 non
1082 1419 110 50 esse:
1155 1419 85 50 est
1204 1419 85 50 per
1240 1419 49 50 se

367 1466 128 44 notum
452 1466 128 44 esse.
538 1466 171 44 quidquid
666 1466 100 44 sit
723 1466 86 44 de
766 1466 128 44 ista:
852 1466 114 44 nego
923 1466 171 44 minorem.
1052 1466 100 44 Nec
1109 1466 128 44 valet
1180 1466 100 44 proba

358 1510 106 42 tio
418 1510 106 42 qua
479 1510 166 42 dicitur
600 1510 121 42 quod
675 1510 121 42 esse
751 1510 106 42 est
811 1510 91 42 de
857 1510 197 42 quiditate
1008 1510 121 42 dei.
1083 1510 121 42 sNam
1159 1510 106 42 hoc
1204 1510 76 42 non

359 1547 176 50 obstante
491 1547 146 50 potest
593 1547 146 50 clibet
696 1547 146 50 false)
798 1547 88 50 ab
842 1547 146 50 aliquo
945 1547 176 50 cogitari
1076 1547 117 50 deum
1149 1547 102 50 non
1193 1547 88 50 esse

365 1593 76 48 Et
403 1593 76 48 ad
442 1593 191 48 probationem
594 1593 89 48 qua
645 1593 140 48 dicitur
746 1593 102 48 quod
810 1593 102 48 esse
873 1593 89 48 est
924 1593 76 48 de
962 1593 165 48 quiditate
1089 1593 89 48 dei
1140 1593 89 48 non
1191 1593 89 48 est
1229 1593 51 48 ad

360 1640 212 51 propositum.
530 1640 71 51 ⁋
558 1640 85 51 Ad
601 1640 99 51 2am
657 1640 142 51 patet:
756 1640 113 51 quod
827 1640 127 51 minor
912 1640 99 51 est
969 1640 127 51 falsa
1054 1640 85 51 ex
1096 1640 142 51 dictis
1181 1640 99 51 antea

411 1679 95 50 Ad
459 1679 111 50 3am
522 1679 127 50 nisi
601 1679 127 50 illa
681 1679 143 50 maior
776 1679 111 50 sit
839 1679 238 50 copulatiua:
1029 1679 111 50 sed
1093 1679 95 50 de
1124 1679 159 50 copulato

368 1723 165 59 subiecto.
495 1723 190 59 concedatur.
647 1723 76 59 et
685 1723 101 59 tunc
749 1723 101 59 nego
812 1723 152 59 minorem.
926 1723 101 59 Dico
989 1723 101 59 enim
1053 1723 101 59 quod
1116 1723 89 59 non
1154 1723 127 59 quilibet

362 1764 147 52 sciens
465 1764 117 52 quid
538 1764 161 52 dicitur
656 1764 103 52 per
715 1764 103 52 hoc
773 1764 132 52 nomen
861 1764 117 52 deus
935 1764 88 52 eo
979 1764 117 52 modo
1052 1764 103 52 quo
1111 1764 147 52 scimus
1199 1764 88 52 siue

367 1807 107 51 alia
433 1807 147 51 noticia
540 1807 160 51 assentit
660 1807 107 51 huic
726 1807 227 51 propositioni:
913 1807 107 51 immo
980 1807 107 51 dico
1046 1807 107 51 quod
1113 1807 133 51 nullus
1193 1807 93 51 assen

360 1854 104 49 tit
420 1854 89 49 ei
464 1854 163 49 propter
583 1854 134 49 solam
672 1854 208 49 terminorum
835 1854 193 49 noticiam.
984 1854 89 49 Si
1029 1854 134 49 autem
1118 1854 104 49 sit
1162 1854 119 49 copula

358 1900 109 48 tiua
427 1900 96 48 tam
481 1900 123 48 maior
563 1900 109 48 quam
632 1900 123 48 minor
714 1900 96 48 est
768 1900 137 48 falsa.
864 1900 96 48 cum
919 1900 178 48 vtriusque
1055 1900 137 48 aliqua
1151 1900 109 48 pars
1206 1900 68 48 sit

369 1936 107 65 falsa
441 1936 143 65 scilicet
548 1936 119 65 prima:
631 1936 72 65 vt
667 1936 107 65 patet
739 1936 72 65 ex
774 1936 107 65 primo
846 1936 155 65 articulo.
965 1936 60 65 ⁋
989 1936 95 65 Alii
1049 1936 95 65 vero
1108 1936 143 65 dixerunt
1203 1936 72 65 quod

363 1982 195 59 propositio
517 1982 181 59 enuncians
656 1982 112 59 esse
726 1982 84 59 de
768 1982 98 59 deo
824 1982 98 59 est
879 1982 153 59 duplex.
991 1982 98 59 Una
1047 1982 98 59 que
1089 1982 195 59 communiungit

359 2032 102 45 ista
423 2032 141 45 extrema
525 2032 102 45 esse
589 2032 77 45 et
628 2032 166 45 essentiam
756 2032 141 45 diuinam
858 2032 77 45 vt
896 2032 90 45 est
947 2032 90 45 hoc
999 2032 102 45 siue
1063 2032 102 45 deum
1127 2032 77 45 et
1165 2032 102 45 esse
1216 2032 64 45 si-

360 2070 81 55 bi
401 2070 177 55 proprium:
537 2070 95 55 hec
591 2070 122 55 autem
673 2070 95 55 est
727 2070 81 55 in
768 2070 95 55 qua
822 2070 177 55 conceptus
958 2070 95 55 quo
1012 2070 190 55 concipitur
1162 2070 109 55 esse
1216 2070 68 55 dei

353 2114 86 62 sub
402 2114 184 62 proprussima
549 2114 135 62 ratione
648 2114 86 62 qua
697 2114 98 62 sibi
758 2114 147 62 competit
869 2114 98 62 esse
930 2114 172 62 enunciatur
1065 2114 74 62 de
1102 2114 147 62 conceptu
1200 2114 74 62 pro-

355 2165 101 46 prio
419 2165 89 46 dei
469 2165 89 46 qui
520 2165 101 46 ipse
583 2165 190 46 concipitur:
735 2165 76 46 vt
773 2165 89 46 hec
824 2165 152 46 essentia
938 2165 89 46 quo
989 2165 89 46 nec
1039 2165 101 46 deus
1103 2165 89 46 nec
1153 2165 101 46 eius
1204 2165 76 46 esse

356 2198 58 52 a
380 2198 105 52 nobis
449 2198 174 52 concipitur.
589 2198 81 52 sed
635 2198 116 52 tantum
717 2198 58 52 a
740 2198 128 52 beatis.
833 2198 93 52 Alia
891 2198 81 52 est
938 2198 70 52 in
973 2198 81 52 qua
1019 2198 151 52 conceptus
1135 2198 116 52 ipsius
1205 2198 70 52 esse

359 2240 78 59 di
398 2240 104 59 quem
463 2240 91 59 nos
515 2240 143 59 habemus
619 2240 78 59 in
658 2240 91 59 via
710 2240 182 59 enunciatur
854 2240 78 59 de
893 2240 130 59 aliquo
984 2240 156 59 conceptu
1101 2240 104 59 quem
1153 2240 117 59 possumu

359 2288 130 52 habere
450 2288 78 52 de
489 2288 91 52 deo
541 2288 91 52 non
593 2288 143 52 communi
696 2288 104 52 sibi
761 2288 78 52 et
800 2288 169 52 creature:
930 2288 104 52 puta
995 2288 169 52 necesario
1124 2288 91 52 ens
1176 2288 91 52 vel
1215 2288 65 52 ens

359 2330 131 62 infinitum
460 2330 70 62 aut
500 2330 101 62 summum
570 2330 101 62 bonum.
641 2330 60 62 si
671 2330 101 62 igitur
741 2330 141 62 accipiatur
852 2330 70 62 hec
893 2330 141 62 propositio
1003 2330 81 62 deus
1054 2330 70 62 est
1094 2330 81 62 prim
1134 2330 131 62 scilicetusr

362 2374 125 51 conceptus
458 2374 77 51 quas
506 2374 58 51 de
535 2374 77 51 ipsa
583 2374 86 51 habet
641 2374 106 51 beatus.
718 2374 67 51 est
756 2374 134 51 propositio
862 2374 67 51 per
900 2374 58 51 se
929 2374 77 51 non.
977 2374 58 51 si
1006 2374 77 51 vero
1054 2374 58 51 2o
1083 2374 67 51 non
1121 2374 67 51 est
1159 2374 67 51 per
1198 2374 58 51 se
1217 2374 48 51 non

363 2419 52 57 ⁋
383 2419 94 57 Prima
446 2419 136 57 conclusio
551 2419 136 57 probatur:
656 2419 84 57 quia
709 2419 94 57 omnis
772 2419 136 57 proportio
877 2419 94 57 cuius
940 2419 94 57 extra
1003 2419 84 57 sunt
1055 2419 84 57 nata
1108 2419 105 57 facere
1171 2419 94 57 euiden-

361 2467 86 56 tiam
415 2467 140 56 veritatis
523 2467 108 56 ipsius
598 2467 129 56 cuilibet
695 2467 75 56 eam
738 2467 183 56 apprehendenti
889 2467 75 56 est
932 2467 75 56 per
975 2467 65 56 se
1008 2467 86 56 non:
1062 2467 75 56 sed
1105 2467 86 56 illa
1148 2467 129 56 propositio

360 2510 86 46 quam
414 2510 108 46 format
490 2510 108 46 beatus
566 2510 76 46 est
609 2510 140 46 huiusmodi
717 2510 119 46 dicendo
803 2510 86 46 deus
857 2510 86 46 est:
911 2510 119 46 igitur.
998 2510 97 46 minor
1063 2510 140 46 probatur:
1171 2510 86 46 quia
1214 2510 54 46 il-

355 2545 61 51 la
385 2545 143 51 propositio
498 2545 72 51 non
539 2545 72 51 est
580 2545 72 51 per
621 2545 61 51 se
652 2545 61 51 2o
682 2545 51 51 o
703 2545 61 51 q.
734 2545 154 51 praedicatum
856 2545 72 51 sit
897 2545 92 51 extra
959 2545 123 51 rationem
1051 2545 133 51 subiecti:
1153 2545 72 51 sed
1194 2545 72 51 per
1225 2545 41 51 se

357 2589 107 54 primo
428 2589 95 54 modo
487 2589 71 54 et
523 2589 166 54 immediata.
653 2589 59 54 ⁋
677 2589 95 54 hanc
736 2589 189 54 conclusionem
890 2589 107 54 alius
961 2589 95 54 doc.
1020 2589 83 54 sic
1068 2589 166 54 confirmat.
1186 2589 83 54 omnis

349 2640 188 46 propositio
496 2640 94 46 cui
550 2640 161 46 terminos
670 2640 107 46 eius
738 2640 188 46 apphendens
885 2640 188 46 necessario
1033 2640 107 46 sibi
1100 2640 161 46 assentit
1207 2640 67 46 est

349 2683 74 48 per
392 2683 64 48 se
424 2683 96 48 nota:
488 2683 74 48 hec
530 2683 74 48 est
573 2683 149 48 huiusmodi:
689 2683 117 48 igitur.
774 2683 128 48 assumpta
870 2683 138 48 probatur:
976 2683 85 48 quia
1030 2683 74 48 ibi
1072 2683 117 48 ponitur
1157 2683 85 48 idem
1210 2683 64 48 de
1231 2683 43 48 se

351 2724 141 46 scilicet
457 2724 82 46 ese
504 2724 71 46 de
539 2724 141 46 esentia:
645 2724 82 46 sed
692 2724 71 46 de
728 2724 71 46 re
763 2724 141 46 simplici
869 2724 82 46 non
916 2724 118 46 potest
998 2724 176 46 intellectus
1128 2724 141 46 apphendens

347 2767 84 48 eam
395 2767 144 48 dubitare
503 2767 96 48 quin
563 2767 180 48 praedicatio
706 2767 132 48 eiusdem
802 2767 72 48 de
838 2767 108 48 eodem
910 2767 84 48 sit
958 2767 84 48 va.
1006 2767 108 48 Aliam
1077 2767 84 48 est
1113 2767 156 48 conclusione

352 2810 142 51 probat:
456 2810 91 51 sed
507 2810 91 51 non
559 2810 104 51 curo
624 2810 155 51 recitare
740 2810 207 51 probationes:
909 2810 104 51 quia
973 2810 116 51 ipsam
1051 2810 116 51 credo
1129 2810 104 51 esse
1180 2810 91 51 veram

356 2856 71 45 et
392 2856 107 45 supra
463 2856 131 45 probaui
558 2856 95 45 eam.
617 2856 59 45 ⁋
641 2856 107 45 Prima
713 2856 107 45 autem
784 2856 154 45 conclusio
903 2856 107 45 huius
974 2856 154 45 opinionis
1093 2856 83 45 non
1140 2856 131 45 videtur
1223 2856 36 45 m

351 2892 68 54 hi
385 2892 102 54 vera.
453 2892 91 54 Quod
510 2892 102 54 probo
578 2892 91 54 sic.
635 2892 79 54 non
680 2892 136 54 cuilibet
782 2892 125 54 potenti
873 2892 79 54 vti
918 2892 114 54 ratioe
998 2892 114 54 potest
1077 2892 114 54 absque
1145 2892 114 54 alterius

350 2940 144 53 extrinseci
463 2940 113 53 notitia
545 2940 82 53 esse
597 2940 154 53 naturaliter
720 2940 93 53 notum
782 2940 82 53 deum
834 2940 93 53 esse:
896 2940 103 53 igitur
968 2940 82 53 deum
1019 2940 82 53 esse
1071 2940 72 53 non
1112 2940 72 53 est
1153 2940 72 53 per
1194 2940 62 53 se
1215 2940 41 53 no

350 2983 82 47 tum.
401 2983 144 47 Antecedens
514 2983 103 47 patet:
586 2983 72 47 non
627 2983 82 47 enim
678 2983 103 47 homini
750 2983 103 47 potest
822 2983 154 47 naturaliter
945 2983 82 47 esse
996 2983 92 47 notum
1058 2983 82 47 deum
1109 2983 92 47 esse:
1171 2983 82 47 nisi
1212 2983 41 47 ex

343 3028 122 77 notitia
432 3028 178 77 creaturarum:
577 3028 67 77 si
610 3028 100 77 tamen
677 3028 78 77 hoc
721 3028 100 77 etiam
788 3028 78 77 sit
833 3028 167 77 naturaliter
966 3028 145 77 possibile
1078 3028 89 77 tali
1134 3028 89 77 modo
1178 3028 78 77 nosse

1356 234 156 61 consequentia
1483 234 97 61 patet:
1551 234 78 61 quia
1600 234 136 61 cuiuslibet
1707 234 166 61 propositionis
1843 234 68 61 per
1882 234 58 61 se
1911 234 88 61 notem
1970 234 146 61 enunciabile
2087 234 68 61 est
2126 234 68 61 per
2165 234 58 61 se
2184 234 78 61 notum.

1344 289 74 50 2o
1381 289 86 50 non
1430 289 147 50 cuilibet
1540 289 135 50 potenti
1639 289 86 50 vti
1688 289 135 50 ratione
1786 289 98 50 illa
1847 289 172 50 propositio
1982 289 98 50 quam
2044 289 123 50 format
2130 289 123 50 beatus
2204 289 61 50 vel

1353 330 100 46 alia
1415 330 100 46 sibi
1477 330 187 46 equivualens
1627 330 200 46 significando
1790 330 125 46 potest
1877 330 125 46 absque
1965 330 150 46 alterius
2077 330 175 46 extrinseci
2202 330 50 46 no

1356 374 83 59 ticia
1411 374 74 59 esse
1457 374 138 59 naturaliter
1568 374 74 59 non.
1614 374 92 59 igitur
1678 374 74 59 illa
1724 374 65 59 non
1761 374 65 59 est
1798 374 65 59 per
1835 374 55 59 se
1863 374 74 59 non.
1909 374 147 59 consequentia
2029 374 83 59 patet
2084 374 55 59 ex
2112 374 92 59 dictis
2176 374 55 59 in
2194 374 65 59 prim-

1353 417 151 49 articulo.
1469 417 162 49 Antecedens
1597 417 151 49 probatur:
1712 417 93 49 quia
1770 417 81 49 nec
1817 417 93 49 illa
1874 417 81 49 nec
1921 417 116 49 aliqua
2002 417 93 49 sibi
2060 417 162 49 equivalens
2175 417 93 49 potest

1352 461 190 48 naturaliter
1504 461 127 48 homini
1593 461 139 48 viatori
1695 461 101 48 esse
1758 461 101 48 non:
1821 461 101 48 sine
1885 461 139 48 notitia
1986 461 190 48 extrinseci.
2138 461 63 48 ⁋
2151 461 114 48 Confir-

1345 505 107 45 matur:
1420 505 86 45 quia
1474 505 182 45 propositiones
1624 505 75 45 per
1666 505 64 45 se
1698 505 86 45 note
1752 505 161 45 naturaliter
1880 505 118 45 veniunt
1966 505 107 45 homini
2041 505 64 45 in
2073 505 107 45 metem:
2148 505 75 45 vt.
2180 505 75 45 supra

1349 548 101 53 dictum
1420 548 81 53 est.
1471 548 81 53 Illa
1521 548 71 53 aut
1562 548 81 53 quam
1613 548 101 53 beatus
1684 548 91 53 habet
1745 548 71 53 non
1785 548 162 53 naturaliter:
1917 548 71 53 sed
1958 548 203 53 supernaturaliter
2130 548 61 53 et
2151 548 101 53 gratuite

1348 594 122 50 causautr
1440 594 61 50 in
1470 594 92 50 mente
1531 594 92 50 eius.
1593 594 71 50 sic
1634 594 102 50 igitur
1705 594 112 50 videtur
1787 594 122 50 dicendum
1878 594 112 50 quantum
1960 594 61 50 ad
1991 594 92 50 istum
2052 594 143 50 articulum:
2164 594 82 50 quod
2205 594 51 50 hec

1336 641 182 50 propositio
1479 641 104 50 quam
1544 641 91 50 nos
1597 641 156 50 formamus
1714 641 78 50 in
1753 641 117 50 voce:
1831 641 91 50 vel
1883 641 182 50 concipimus
2027 641 78 50 in
2066 641 117 50 mente
2131 641 117 50 dicendo

1345 681 91 48 deus
1401 681 91 48 est:
1458 681 79 48 non
1503 681 79 48 est
1549 681 79 48 per
1594 681 68 48 se
1628 681 91 48 non:
1684 681 79 48 nec
1730 681 79 48 est
1775 681 91 48 illa
1832 681 91 48 quam
1888 681 113 48 format
1968 681 125 48 beatus:
2058 681 102 48 licet
2126 681 91 48 illa
2183 681 79 48 sit
2217 681 45 48 si

1342 722 79 50 bi
1381 722 145 50 euidens
1486 722 79 50 et
1526 722 131 50 certa:
1618 722 92 50 tam
1671 722 171 50 immediate
1802 722 92 50 per
1855 722 158 50 noticiam
1973 722 197 50 intuitiuam:
2131 722 118 50 sicut
2196 722 53 50 no

1334 767 81 48 bis
1381 767 128 48 euidens
1474 767 81 48 est
1520 767 70 48 id
1555 767 93 48 esse
1613 767 93 48 quod
1671 767 151 48 intuitiue
1787 767 93 48 siue
1845 767 81 48 per
1892 767 116 48 sensum
1973 767 93 48 siue
2031 767 81 48 per
2078 767 174 48 intellectus
2206 767 46 48 vt

1345 811 128 45 demus.
1435 811 77 45 et
1473 811 102 45 illa
1537 811 115 45 tanto
1613 811 115 45 magis
1690 811 128 45 quanto
1779 811 102 45 illa
1843 811 115 45 visio
1920 811 89 45 est
1971 811 140 45 certior
2073 811 77 45 et
2112 811 140 45 clarior
2201 811 51 45 vt

1347 855 107 46 sione
1418 855 166 46 intuitiua:
1549 855 95 46 quam
1608 855 130 46 habemus
1703 855 71 46 in
1738 855 95 46 via.
1798 855 59 46 ⁋
1821 855 71 46 Ad
1857 855 107 46 prima
1928 855 142 46 rationem
2035 855 95 46 opi.
2094 855 154 46 respondeo
2201 855 71 46 quod

1350 892 117 60 portet
1432 892 128 60 maiorem
1525 892 70 60 ad
1560 892 82 60 hoc
1607 892 70 60 vt
1642 892 82 60 sit
1689 892 93 60 vera
1747 892 163 60 intelligi:
1875 892 93 60 quod
1934 892 140 60 cuilibet
2039 892 82 60 non
2085 892 105 60 solum
2144 892 128 60 apprehen-

1343 944 118 54 denti:
1426 944 82 54 sed
1473 944 106 54 etiam
1543 944 130 54 potenti
1638 944 82 54 vti
1685 944 141 54 ratione:
1791 944 94 54 ipsa
1850 944 82 54 vel
1897 944 94 54 sibi
1956 944 165 54 equivalens
2085 944 118 54 facere
2156 944 94 54 possit

1338 986 192 52 nauturaliter
1494 986 108 52 talem
1566 986 180 52 euidentiam:
1710 986 72 52 et
1746 986 96 52 tunc
1806 986 96 52 nego
1866 986 144 52 minorem.
1974 986 60 52 ⁋
1998 986 72 52 Ad
2034 986 180 52 probationem
2166 986 96 52 illius

1347 1035 108 46 minoris
1426 1035 98 46 quando
1494 1035 108 46 dicitur
1572 1035 78 46 quod
1621 1035 78 46 illa
1670 1035 69 46 est
1709 1035 59 46 in
1739 1035 88 46 primo
1798 1035 108 46 dicendi
1876 1035 69 46 per
1915 1035 69 46 se:
1954 1035 59 46 et
1984 1035 147 46 praedicatum
2101 1035 69 46 est
2140 1035 59 46 de
2160 1035 88 46 ratione

1355 1071 122 48 subiecti:
1449 1071 113 48 dicendum
1533 1071 75 48 quod
1581 1071 66 48 non
1618 1071 56 48 ex
1646 1071 66 48 hoc
1684 1071 113 48 sequitur
1769 1071 75 48 quod
1816 1071 66 48 sit
1854 1071 66 48 per
1891 1071 56 48 se
1919 1071 85 48 nota:
1976 1071 66 48 non
2014 1071 75 48 enim
2061 1071 85 48 omnis
2117 1071 132 48 propositio
2211 1071 38 48 in

1334 1117 106 55 primo
1405 1117 82 55 est
1452 1117 82 55 per
1499 1117 71 55 se
1534 1117 94 55 non.
1593 1117 71 55 vt
1629 1117 106 55 supra
1699 1117 130 55 patuit.
1794 1117 71 55 et
1829 1117 71 55 vt
1864 1117 94 55 vult
1923 1117 94 55 iste
1982 1117 94 55 doc.
2041 1117 71 55 in
2076 1117 106 55 eadem
2135 1117 118 55 quaestio

1338 1169 74 37 non
1381 1169 85 37 omne
1434 1169 159 37 praedicatum
1561 1169 85 37 quod
1614 1169 74 37 est
1657 1169 64 37 de
1689 1169 117 37 ratione
1773 1169 138 37 subiecti:
1880 1169 74 37 est
1922 1169 74 37 per
1964 1169 64 37 se
1996 1169 96 37 notum
2060 1169 64 37 de
2092 1169 138 37 subiecto:
2187 1169 64 37 immo

1342 1204 118 45 secundum
1430 1204 98 45 eundem
1499 1204 98 45 ibidem
1567 1204 108 45 aliquod
1646 1204 147 45 praedicatum
1763 1204 98 45 potest
1832 1204 69 45 est
1871 1204 88 45 notum
1930 1204 59 45 de
1959 1204 78 45 ipsa
2008 1204 108 45 ratione
2087 1204 108 45 subiect
2155 1204 98 45 scilicet

1333 1247 124 47 dominte
1423 1247 91 47 quid
1480 1247 91 47 rei:
1536 1247 91 47 quod
1593 1247 79 47 non
1638 1247 79 47 est
1684 1247 102 47 notum
1751 1247 68 47 de
1785 1247 147 47 subiecto:
1899 1247 79 47 sed
1944 1247 192 47 demonstrabile
2102 1247 68 47 de
2136 1247 102 47 ipso.
2204 1247 57 47 ⁋
2227 1247 68 47 Ad

1338 1292 87 48 2am
1387 1292 112 48 dico:
1462 1292 100 48 quod
1524 1292 112 48 maior
1599 1292 87 48 non
1649 1292 87 48 est
1699 1292 100 48 vera
1761 1292 100 48 nisi
1823 1292 199 48 intelligatur
1985 1292 87 48 seu
2035 1292 187 48 suppleatur:
2185 1292 75 48 vt
2210 1292 62 48 di-

1341 1334 89 48 ctum
1396 1334 78 48 est
1441 1334 67 48 de
1474 1334 111 48 maiore
1552 1334 178 48 praecedentis
1696 1334 144 48 rationis:
1807 1334 111 48 aliter
1885 1334 89 48 enim
1940 1334 122 48 neganda
2029 1334 78 48 est
2073 1334 67 48 et
2107 1334 67 48 in
2140 1334 89 48 illo
2184 1334 78 48 sensu

1335 1379 101 46 minor
1402 1379 78 46 est
1447 1379 112 46 falsa.
1525 1379 67 46 Et
1559 1379 78 46 cum
1604 1379 146 46 probatur:
1716 1379 90 46 quia
1772 1379 90 46 idem
1827 1379 146 46 praedicat
1939 1379 67 46 de
1973 1379 78 46 se.
2018 1379 134 46 Dicendum
2119 1379 90 46 quod
2163 1379 90 46 probo-

1334 1423 69 50 non
1374 1423 99 50 valet.
1443 1423 69 50 sic
1483 1423 79 50 enim
1532 1423 69 50 hoc
1572 1423 89 50 esset
1631 1423 69 50 per
1671 1423 59 50 se
1700 1423 79 50 non.
1750 1423 99 50 albedo
1819 1423 79 50 est:
1869 1423 59 50 et
1899 1423 69 50 hoc
1938 1423 119 50 angelius
2027 1423 79 50 est:
2077 1423 69 50 cum
2116 1423 119 50 secundum
2196 1423 59 50 hunc

1327 1468 132 47 doctores
1426 1468 132 47 essentia
1525 1468 77 47 non
1569 1468 77 47 sit
1613 1468 132 47 disticta
1712 1468 66 47 ab
1745 1468 88 47 esse
1799 1468 77 47 est
1843 1468 66 47 in
1876 1468 110 47 istis.
1953 1468 121 47 quamuis
2041 1468 110 47 igitur
2107 1468 143 47 praedicatio

1329 1509 116 53 eiusdem
1414 1509 63 53 de
1446 1509 95 53 eodem
1509 1509 74 53 sit
1552 1509 95 53 vera:
1615 1509 74 53 non
1657 1509 95 53 tamen
1721 1509 95 53 omnis
1784 1509 95 53 talis
1848 1509 74 53 est
1890 1509 74 53 per
1933 1509 63 53 se
1964 1509 85 53 non.
2017 1509 85 53 quod
2070 1509 74 53 est
2112 1509 138 53 roboratur
2208 1509 42 53 ex

1330 1555 105 42 dictis
1403 1555 84 42 eius
1455 1555 73 42 qui
1497 1555 157 42 vniversalte
1623 1555 84 42 quod
1675 1555 73 42 non
1717 1555 94 42 omnis
1780 1555 157 42 praedicatio
1906 1555 115 42 eiusdem
1990 1555 63 42 de
2021 1555 94 42 eodem
2084 1555 73 42 sit
2116 1555 136 42 necessaria.

1345 1596 52 53 ⁋
1365 1596 83 53 Unde
1418 1596 73 53 hoc
1459 1596 104 53 potest
1532 1596 83 53 esse
1584 1596 104 53 falsa.
1657 1596 104 53 albedo
1730 1596 73 53 est
1772 1596 115 53 albedo:
1856 1596 63 53 et
1887 1596 73 53 per
1929 1596 146 53 consequens
2043 1596 73 53 non
2085 1596 73 53 est
2127 1596 73 53 per
2169 1596 63 53 se
2189 1596 63 53 non.

1329 1642 67 51 ac
1362 1642 79 51 per
1407 1642 79 51 hoc
1452 1642 79 51 est
1497 1642 169 51 dubitabilis
1632 1642 124 51 quantum
1722 1642 79 51 est
1767 1642 67 51 de
1801 1642 79 51 se.
1846 1642 79 51 sic
1890 1642 90 51 dico
1947 1642 67 51 in
1980 1642 157 51 proposito:
2104 1642 90 51 quod
2149 1642 101 51 quamuis

1337 1687 139 47 essentia
1442 1687 81 47 dei
1488 1687 81 47 non
1534 1687 81 47 sit
1580 1687 139 47 disticta
1685 1687 58 47 a
1708 1687 81 47 suo
1754 1687 104 47 esse:
1823 1687 69 47 et
1858 1687 81 47 hec
1904 1687 81 47 sit
1951 1687 93 47 vera
2009 1687 69 47 et
2043 1687 174 47 necessaria.
2171 1687 69 47 deus

1332 1727 84 48 est:
1385 1727 74 48 non
1427 1727 74 48 est
1469 1727 95 48 tamen
1532 1727 74 48 bto
1574 1727 74 48 per
1616 1727 63 48 se
1648 1727 84 48 non.
1701 1727 74 48 sed
1743 1727 74 48 per
1785 1727 126 48 notitiam
1879 1727 147 48 intuitiuam
1995 1727 74 48 qua
2037 1727 126 48 intuetur
2132 1727 95 48 ipsam
2184 1727 53 48 dit

1332 1773 91 46 tem:
1389 1773 80 46 qua
1434 1773 114 46 stante
1514 1773 171 46 intellectus
1650 1773 68 46 de
1684 1773 137 46 veritate
1787 1773 102 46 dicte
1855 1773 193 46 propositionis
2014 1773 137 46 dubitare
2117 1773 80 46 non
2151 1773 102 46 potest.

1338 1815 46 54 ⁋
1356 1815 56 54 Ad
1384 1815 93 54 primam
1449 1815 111 54 rationem
1532 1815 93 54 factam
1597 1815 56 54 in
1625 1815 120 54 principio
1717 1815 83 54 dico:
1773 1815 74 54 quod
1819 1815 130 54 antecedens
1921 1815 65 54 est
1958 1815 93 54 falsum
2022 1815 74 54 quae
2069 1815 102 54 dicitur
2143 1815 74 54 quod
2189 1815 65 54 hac
2226 1815 65 54 est

1330 1861 80 50 per
1375 1861 69 50 se
1410 1861 92 50 non.
1467 1861 126 50 necesse
1559 1861 92 50 esse
1616 1861 80 50 est
1662 1861 69 50 et
1696 1861 80 50 cum
1742 1861 149 50 probatur.
1856 1861 149 50 oppositum
1971 1861 160 50 praedicati
2097 1861 114 50 infert
2165 1861 69 50 oppo

1340 1904 128 46 subiecti.
1439 1904 79 46 Dico
1488 1904 79 46 quod
1537 1904 89 46 licet
1596 1904 59 46 ex
1625 1904 69 46 hoc
1665 1904 138 46 probaretur
1773 1904 79 46 quod
1822 1904 157 46 consequentia
1950 1904 89 46 inter
2009 1904 148 46 praedicatum
2127 1904 59 46 et
2147 1904 108 46 subiectum

1337 1948 68 43 est
1376 1948 146 43 necessaria:
1493 1948 88 43 verbi
1552 1948 107 43 gratia:
1629 1948 117 43 dicendo.
1717 1948 58 43 si
1746 1948 107 43 aliquid
1824 1948 107 43 necesse
1902 1948 78 43 esse
1951 1948 68 43 et:
1990 1948 88 43 ipsum
2048 1948 78 43 est:
2097 1948 78 43 quia
2136 1948 107 43 oppositum

1339 1989 178 53 praedicati
1479 1989 153 53 repugnat
1594 1989 165 53 subiecto:
1721 1989 89 53 non
1772 1989 114 53 tamen
1848 1989 127 53 probat
1937 1989 102 53 quod
2000 1989 191 53 cathegorica
2153 1989 76 53 in
2178 1989 64 53 qua

1329 2031 111 47 illud
1402 2031 184 47 praedicatum
1550 2031 172 47 affirmatur
1685 2031 74 47 de
1722 2031 147 47 subiecto
1832 2031 86 47 sit
1881 2031 86 47 per
1931 2031 74 47 se
1967 2031 98 47 non.
2029 2031 98 47 immo
2090 2031 86 47 nec
2139 2031 98 47 quod
2189 2031 61 47 sit

1329 2076 105 55 vera.
1399 2076 140 55 alioquin
1505 2076 82 55 hec
1551 2076 105 55 esset
1622 2076 105 55 vera.
1692 2076 117 55 corpus
1774 2076 94 55 actu
1832 2076 105 55 totum
1902 2076 164 55 occuperins
2031 2076 94 55 est:
2089 2076 94 55 quia
2136 2076 117 55 sequitur

1321 2122 109 50 non
1384 2122 125 50 est:
1462 2122 156 50 igitur
1572 2122 109 50 non
1634 2122 109 50 est
1697 2122 141 50 totum
1791 2122 125 50 actu
1869 2122 203 50 occupans.
2025 2122 203 50 similiter
2166 2122 78 50 hec

1331 2165 137 52 esset
1422 2165 106 52 per
1483 2165 91 52 se
1528 2165 122 52 vera
1604 2165 91 52 et
1650 2165 106 52 per
1711 2165 91 52 se
1756 2165 137 52 nota.
1848 2165 122 52 homo
1924 2165 243 52 irrationalis
2121 2165 106 52 est
2167 2165 76 52 ho-

1328 2212 107 46 mo:
1389 2212 122 46 quia
1465 2212 198 46 oppositum
1618 2212 198 46 predicati
1770 2212 168 46 fpugnat
1892 2212 198 46 subiecto.
2045 2212 92 46 et
2090 2212 137 46 tamen
2167 2212 76 46 con

1333 2251 103 55 stat
1398 2251 103 55 quod
1462 2251 142 55 vtraque
1565 2251 90 55 est
1617 2251 129 55 falsa.
1707 2251 64 55 ⁋
1733 2251 77 55 Ad
1771 2251 90 55 2am
1823 2251 129 55 potest
1913 2251 129 55 negari
2003 2251 116 55 primo
2068 2251 180 55 consequentia

1322 2297 96 57 tum
1377 2297 109 57 quia
1445 2297 96 57 non
1500 2297 96 57 est
1555 2297 96 57 per
1609 2297 82 57 se
1650 2297 123 57 notum
1732 2297 109 57 quod
1801 2297 109 57 deus
1869 2297 96 57 sit
1924 2297 164 57 veritas:
2047 2297 96 57 tum
2102 2297 109 57 quia
2156 2297 96 57 adhuc

1322 2341 94 45 non
1375 2341 161 45 sequitur
1496 2341 148 45 aliquam
1603 2341 174 45 veritatem
1737 2341 107 45 esse
1804 2341 94 45 est
1858 2341 94 45 per
1912 2341 80 45 se
1952 2341 134 45 notum:
2046 2341 107 45 ergo
2113 2341 121 45 illam
2180 2341 67 45 que

1322 2377 100 51 deus
1385 2377 88 51 est
1435 2377 113 51 esse:
1511 2377 88 51 est
1561 2377 88 51 per
1611 2377 75 51 se
1649 2377 125 51 notum.
1736 2377 63 51 ⁋
1761 2377 75 51 2o
1799 2377 100 51 dico
1862 2377 100 51 quod
1924 2377 176 51 antecedens
2062 2377 88 51 est
2113 2377 125 51 falsum
2188 2377 50 51 si

1322 2427 112 53 per
1386 2427 209 53 veritatem
1547 2427 112 53 res
1611 2427 112 53 seu
1675 2427 193 53 essentia
1820 2427 161 53 aliqua
1932 2427 241 53 determinate
2125 2427 96 53 et
2157 2427 80 53 non

1332 2478 200 45 vniversaliter
1497 2478 118 45 alibet
1579 2478 188 45 intelligatur
1732 2478 106 45 sicut
1802 2478 129 45 oportet
1896 2478 71 45 si
1932 2478 165 45 argumentum
2061 2478 118 45 debeat
2131 2478 106 45 conclu-

1322 2513 97 47 dere
1382 2513 73 47 ad
1419 2513 170 47 propositum
1552 2513 133 47 illius.
1649 2513 61 47 ⁋
1673 2513 73 47 Et
1710 2513 85 47 cum
1758 2513 145 47 probatur
1867 2513 97 47 quod
1928 2513 121 47 negans
2013 2513 158 47 veritatem
2134 2513 97 47 esse
2182 2513 61 47 po-

1321 2561 100 45 nit
1378 2561 142 45 eandem
1477 2561 128 45 esse.
1563 2561 114 45 Dico
1634 2561 213 45 dupliciter.
1804 2561 71 45 ⁋
1833 2561 128 45 Primo
1918 2561 114 45 quod
1989 2561 100 45 hac
2046 2561 171 45 concessa
2160 2561 71 45 non

1323 2598 129 58 habetur
1417 2598 94 58 quod
1476 2598 152 58 veritatem
1593 2598 94 58 esse
1651 2598 82 58 sit
1698 2598 82 58 per
1745 2598 70 58 se
1780 2598 117 58 notum.
1862 2598 105 58 sicut
1932 2598 82 58 non
1979 2598 141 58 sequitur
2085 2598 94 58 quod
2132 2598 105 58 aliquem

1321 2644 101 51 loqui
1388 2644 79 51 sit
1433 2644 79 51 per
1478 2644 67 51 se
1512 2644 112 51 notum:
1590 2644 67 51 et
1624 2644 101 51 tamen
1691 2644 112 51 negans
1770 2644 67 51 se
1803 2644 101 51 loqui
1871 2644 146 51 loquitur.
1983 2644 56 51 ⁋
2005 2644 67 51 2o
2039 2644 112 51 potest
2118 2644 101 51 dici:
2174 2644 67 51 quod

1323 2688 189 50 assumpta
1465 2688 110 50 est
1528 2688 158 50 falsa.
1639 2688 95 50 Ad
1686 2688 237 50 probationem
1875 2688 95 50 si
1923 2688 142 50 nulla
2017 2688 173 50 veritas
2128 2688 110 50 esset

1316 2733 148 55 verum
1414 2733 148 55 esset
1513 2733 165 55 nullam
1629 2733 214 55 veritatem
1794 2733 148 55 esse:
1893 2733 264 55 intelligendo
2107 2733 115 55 per
2157 2733 82 55 ve-

1316 2778 186 44 ritatem
1451 2778 186 44 aliquam
1586 2778 219 44 entitatem
1755 2778 101 44 vt
1805 2778 169 44 prius:
1923 2778 186 44 neganda
2058 2778 118 44 est
2109 2778 135 44 conse-

1310 2822 198 48 quentia.
1458 2822 115 48 Nam
1524 2822 214 48 oppositum
1689 2822 264 48 consequentis
1903 2822 132 48 stat
1986 2822 115 48 cum
2035 2822 198 48 antecedem-

1318 2862 101 50 te:
1375 2862 116 50 quin
1448 2862 101 50 imo
1506 2862 87 50 et
1549 2862 174 50 sequitur
1679 2862 87 50 ad
1722 2862 145 50 ipsum:
1824 2862 174 50 sequitur
1954 2862 130 50 enim:
2041 2862 130 50 nulla
2113 2862 130 50 veritas

1321 2909 112 44 est:
1391 2909 140 44 igitur
1488 2909 98 44 non
1544 2909 98 44 est
1600 2909 126 44 verum
1684 2909 140 44 nullam
1782 2909 181 44 veritatem
1921 2909 126 44 esse.
2005 2909 98 44 nec
2061 2909 84 44 ex
2102 2909 98 44 hoc
2144 2909 84 44 vlte

1313 2953 126 47 rius
1392 2953 205 47 sequitur:
1549 2953 157 47 igitur
1659 2953 142 47 nulla
1754 2953 173 47 veritas
1880 2953 126 47 est.
1958 2953 110 47 nec
2021 2953 142 47 etiam
2100 2953 126 47 sequiu

1320 2990 123 51 tur:
1397 2990 154 51 igitur
1504 2990 139 51 verum
1597 2990 108 51 est
1658 2990 169 51 aliquam
1782 2990 200 51 veritatem
1935 2990 139 51 esse:
2028 2990 108 51 ita
2089 2990 123 51 quod
2151 2990 77 51 da-

1300 3036 115 62 to
1357 3036 288 62 consequente
1588 3036 211 62 neutrum
1741 3036 403 62 contradictoriorum
2067 3036 173 62 enucia.
