2441 3542
328 246 192 77 infertur
472 246 224 77 conclusio:
648 246 112 77 cum
712 246 112 77 per
776 246 160 77 eandem
887 246 112 77 vim
951 246 224 77 cognitiuam
1111 246 160 77 oporteat

337 298 156 63 cognosci
454 298 208 63 conclusionem
623 298 78 63 et
662 298 169 63 premissas
792 298 78 63 vt
830 298 130 63 dictum
921 298 104 63 est.
986 298 104 63 Idem
1051 298 130 63 posset
1142 298 117 63 argui
1207 298 52 63 de

336 345 122 58 arte.
418 345 68 58 ⁋
445 345 81 58 5o
485 345 108 58 quia
553 345 203 58 intellectus
715 345 149 58 actiuus
823 345 95 58 seu
877 345 176 58 practicus
1013 345 95 58 vel
1053 345 203 58 consiliatiuus

348 385 99 62 est
405 385 128 62 circa
490 385 199 62 singularia
646 385 156 62 signata
759 385 85 62 et
802 385 227 62 demonstrata:
986 385 142 62 certum
1086 385 114 62 est:
1157 385 99 62 cum
1199 385 57 62 ne

351 428 103 64 actio
419 428 80 64 nec
465 428 148 64 consilium
579 428 80 64 sit
624 428 103 64 circa
693 428 171 64 vniversalia
830 428 68 64 et
864 428 80 64 non
910 428 80 64 est
955 428 126 64 aliquis
1047 428 114 64 sensus
1115 428 137 64 intellectu

345 471 158 70 practicus:
469 471 79 70 sed
514 471 135 70 pertinet
615 471 135 70 praecise
716 471 68 70 ad
750 471 113 70 partem
829 471 158 70 rationalem
952 471 101 70 anime
1020 471 135 70 secundum
1121 471 90 70 Aug.
1177 471 79 70 12.
1211 471 45 70 de

342 513 100 69 tri.
404 513 100 69 immo
466 513 87 69 non
516 513 187 69 distiguitur
665 513 75 69 ab
703 513 174 69 intellectu
840 513 212 69 contemplatiuo
1014 513 100 69 nisi
1077 513 150 69 secundum
1176 513 75 69 offi

341 561 91 58 cia:
397 561 68 58 vt
431 561 125 58 ibidem.
522 561 113 58 dicens
601 561 68 58 c.
635 561 147 58 sequenti.
749 561 113 58 igitur
828 561 113 58 virtus
907 561 113 58 nostra
986 561 181 58 intellectiua
1134 561 79 58 est
1168 561 79 58 appre

340 609 143 58 hensiua
444 609 208 58 singularium:
613 609 78 58 vt
652 609 91 58 hec
704 609 182 58 singularia
847 609 117 58 sunt.
925 609 65 58 ⁋
951 609 169 58 Praeterea
1081 609 104 58 stat
1146 609 104 58 quod
1198 609 52 58 it

349 644 133 64 aliqua
442 644 173 64 singulari
575 644 200 64 determinate
735 644 160 64 possumus
855 644 133 64 loqui:
948 644 80 64 et
988 644 120 64 alius
1068 644 147 64 audiens
1161 644 107 64 potest

331 690 198 58 determinate
489 690 198 58 intelligere
648 690 79 58 de
688 690 93 58 quo
741 690 172 58 loquimur:
873 690 132 58 igitur
965 690 198 58 intellectus
1124 690 132 58 potest
1203 690 53 58 ap

339 733 181 70 prehendere
482 733 194 70 determinate
637 733 143 70 aliquod
741 733 168 70 singulare
870 733 181 70 sensibile.
1013 733 181 70 Antecedens
1155 733 91 70 est
1194 733 65 70 no-

342 776 87 69 tum.
396 776 174 69 consequentia
538 776 109 69 patet.
614 776 76 69 Nam
657 776 141 69 quicumque
766 776 119 69 aliquid
852 776 98 69 dicit
918 776 98 69 verbo
983 776 119 69 vocali:
1070 776 109 69 sciens
1146 776 87 69 quid
1189 776 76 69 dicit

339 820 118 71 prius
418 820 118 71 verbo
496 820 223 71 intellectuali
680 820 79 71 id
719 820 118 71 ipsum
797 820 118 71 intra
876 820 79 71 se
915 820 131 71 dicit:
1007 820 92 71 quo
1059 820 118 71 verbo
1125 820 131 71 intelle-

338 864 141 65 ctuali
437 864 212 65 apprehendit
606 864 127 65 ipsam
691 864 141 65 eandem
789 864 99 65 rem
846 864 113 65 quam
916 864 113 65 voce
987 864 212 65 significat:
1156 864 85 65 et
1184 864 71 65 non

342 913 129 55 solum
427 913 129 55 ipsam
513 913 172 55 imaginem
642 913 129 55 vocis
728 913 186 55 formando:
871 913 129 55 sicut
956 913 129 55 docet
1042 913 229 55 experientia:
1214 913 57 55 et

350 958 109 55 etiam
422 958 109 55 ponit
495 958 97 55 Aug.
556 958 73 55 9.
592 958 73 55 de
628 958 97 55 tri.
689 958 85 55 vbi
737 958 109 55 dicit
810 958 97 55 quod
870 958 73 55 in
906 958 133 55 omnibus
1003 958 121 55 dictis
1088 958 73 55 et
1124 958 121 55 factis
1197 958 60 55 no-

349 995 115 63 stris
426 995 102 63 tale
490 995 128 63 mentis
579 995 128 63 verbum
669 995 179 63 praecedit:
810 995 77 63 et
848 995 102 63 quod
912 995 128 63 mentem
1001 995 153 63 accipiat
1116 995 90 63 pro
1155 995 102 63 intel-

340 1045 114 62 lectu:
420 1045 103 62 patet
488 1045 91 62 quod
545 1045 114 62 ibidem
625 1045 137 62 loquitur
728 1045 69 62 de
762 1045 103 62 mente
831 1045 137 62 secundum
933 1045 91 62 quod
990 1045 80 62 per
1036 1045 80 62 eam
1082 1045 148 62 aspicimus
1184 1045 69 62 eter

337 1085 81 59 nam
384 1085 161 59 veritatem.
510 1085 92 59 idem
568 1085 104 59 libro
637 1085 69 59 5.
672 1085 127 59 dicens.
764 1085 58 59 ⁋
787 1085 92 59 Item
845 1085 69 59 in
879 1085 92 59 lib.
937 1085 69 59 de
972 1085 127 59 quanti.
1064 1085 104 59 anime
1122 1085 138 59 interrogat

338 1132 113 57 ratio
414 1132 188 57 Augustinum.
564 1132 125 57 dicens
652 1132 113 57 vtrum
727 1132 138 57 ignarus
828 1132 125 57 latine
915 1132 125 57 lingue
1003 1132 151 57 nominare
1116 1132 113 57 solem
1179 1132 75 57 pos-

340 1167 91 63 set
392 1167 78 63 in
431 1167 170 63 loquendo:
562 1167 78 63 si
601 1167 91 63 non
653 1167 196 63 intellectus
810 1167 117 63 solis
888 1167 196 63 praecederet
1044 1167 130 63 sonum.
1123 1167 143 63 respondet

333 1213 113 62 Aug.
404 1213 127 62 nullo
488 1213 113 62 modo
559 1213 141 62 posse.
658 1213 85 62 Et
700 1213 141 62 statim
799 1213 127 62 post.
884 1213 141 62 dicens
983 1213 113 62 quod
1054 1213 127 62 sonus
1139 1213 85 62 ad
1167 1213 99 62 aures

330 1257 223 64 significatio
511 1257 84 64 ad
553 1257 140 64 mentem
651 1257 181 64 pertinet.
791 1257 70 64 ⁋
818 1257 84 64 6o
860 1257 84 64 vt
902 1257 112 64 alii
972 1257 154 64 arguunt
1084 1257 126 64 anima
1153 1257 112 64 sepera

336 1302 84 63 ta
378 1302 182 63 cognoscit
518 1302 210 63 singularia:
686 1302 84 63 vt
728 1302 98 63 hec
784 1302 98 63 nec
841 1302 112 63 hanc
911 1302 154 63 aliquis
1023 1302 182 63 theologus
1149 1302 112 63 potest

340 1344 148 59 negare:
447 1344 135 59 igitur
542 1344 81 59 et
582 1344 175 59 coniuncta
717 1344 94 59 est
771 1344 108 59 illa
838 1344 189 59 cognoscit.
986 1344 67 59 ⁋
1013 1344 94 59 75o
1067 1344 202 59 cuiuscumque
1215 1344 54 59 et

347 1387 89 58 sub
398 1387 166 58 quacumque
526 1387 140 58 ratione
627 1387 127 58 virtus
717 1387 166 58 cognitiua
844 1387 153 58 inferior
958 1387 89 58 est
1009 1387 216 58 apprehensiua:
1175 1387 89 58 eius-

334 1431 75 55 dem
377 1431 64 55 et
409 1431 139 55 subiectum
516 1431 96 55 eadem
580 1431 117 55 ratione
665 1431 75 55 est
708 1431 171 55 apprehensiua
846 1431 139 55 superior.
953 1431 96 55 patet
1017 1431 64 55 in
1049 1431 128 55 sensibus
1134 1431 128 55 interiori-

348 1473 75 66 bus
391 1473 64 66 et
423 1473 182 66 exterioribus:
573 1473 75 66 sed
616 1473 139 66 singulare
722 1473 171 66 appreheditur
861 1473 107 66 sensu:
936 1473 64 66 et
968 1473 160 66 intellectus
1097 1473 75 66 est
1139 1473 107 66 virtus
1204 1473 53 66 su-

341 1511 126 75 perior.
432 1511 114 75 igitur
512 1511 92 75 etc.
569 1511 126 75 priores
661 1511 103 75 tamen
730 1511 137 75 rationes
833 1511 183 75 efficaciores
981 1511 126 75 reputo.
1073 1511 57 75 ⁋
1096 1511 69 75 4a
1130 1511 149 75 conclusio

331 1562 111 64 quod
400 1562 83 64 de
442 1562 222 64 sensibilibus
622 1562 166 64 possumus
747 1562 139 64 habere
844 1562 166 64 noticiam
969 1562 236 64 intellectuale
1149 1562 111 64 simpli

339 1609 102 60 cem
397 1609 189 60 immediate
542 1609 87 60 ad
585 1609 116 60 illa
658 1609 203 60 sensibilia
817 1609 218 60 terminatam:
991 1609 87 60 et
1035 1609 174 60 mediante
1151 1609 102 60 etiam

326 1649 188 62 terminatam.
477 1649 75 62 vt
514 1649 75 62 de
552 1649 150 62 sensuali
665 1649 125 62 dictum
753 1649 88 62 est
803 1649 75 62 in
840 1649 138 62 secunda
941 1649 201 62 conclusione.
1104 1649 63 62 ⁋
1129 1649 113 62 Prima
1191 1649 63 62 per

338 1698 102 53 huius
405 1698 181 53 conclusionis
552 1698 158 53 declaratur
677 1698 113 53 statim
756 1698 68 53 ex
790 1698 124 53 dictis.
880 1698 102 53 patet
948 1698 90 53 enim
1004 1698 90 53 quod
1061 1698 68 53 de
1095 1698 147 53 singulari
1196 1698 68 53 sen-

341 1742 123 50 sibili:
430 1742 67 50 vt
464 1742 78 50 hoc
509 1742 90 50 est:
565 1742 168 50 intellectus
699 1742 101 50 habet
766 1742 134 50 noticiam
867 1742 123 50 certam:
957 1742 67 50 ex
990 1742 78 50 qua
1035 1742 123 50 sumitur
1113 1742 146 50 vniversalis

343 1780 86 63 que
392 1780 86 63 est
441 1780 172 63 principium
577 1780 111 63 artis
650 1780 74 63 et
687 1780 160 63 scientie.
811 1780 135 63 Constat
909 1780 86 63 aut
958 1780 98 63 quod
1020 1780 98 63 tale
1081 1780 86 63 non
1131 1780 111 63 habet
1192 1780 74 63 nisi

335 1823 101 54 dum
392 1823 115 54 actu
464 1823 129 54 simul
550 1823 144 54 sensus
651 1823 215 54 apprehendit
823 1823 115 54 idem
895 1823 201 54 sensibile.
1053 1823 115 54 Unde
1110 1823 144 54 abeunti:

337 1868 96 58 bus
392 1868 219 58 sensibilibus
570 1868 82 58 et
612 1868 96 58 non
666 1868 192 58 mouentibus
817 1868 151 58 sensum:
927 1868 206 58 intellectus
1091 1868 123 58 talem
1160 1868 96 58 noti-

340 1913 83 56 ciam
391 1913 104 56 habere
464 1913 73 56 non
505 1913 114 56 potest:
588 1913 62 56 et
619 1913 104 56 loquor
692 1913 62 56 de
723 1913 124 56 potentia
816 1913 135 56 naturali:
920 1913 62 56 et
951 1913 155 56 intellectum
1075 1913 135 56 coniuncto
1179 1913 62 56 et
1200 1913 62 56 reli

333 1955 95 59 cto
388 1955 81 59 in
428 1955 149 59 communi
536 1955 122 59 statu
617 1955 149 59 naturae
726 1955 149 59 humane.
834 1955 95 59 Sed
888 1955 108 59 tunc
956 1955 95 59 dum
1010 1955 122 59 talem
1091 1955 122 59 habet
1158 1955 95 59 noti-

333 2007 123 46 ciam
409 2007 200 46 experimur
563 2007 108 46 nos
625 2007 200 46 immediate
778 2007 108 46 rem
840 2007 138 46 illam
932 2007 215 46 singularem
1086 2007 169 46 cognosce:

330 2052 96 48 re:
385 2052 124 48 neque
468 2052 152 48 aliquid
578 2052 124 48 aliud
661 2052 138 48 medium
757 2052 96 48 per
812 2052 152 48 aliquam
922 2052 179 48 potentiam
1060 2052 152 48 nostram
1157 2052 96 48 cogn-

339 2085 127 55 tiuam
424 2085 212 55 apphendere.
593 2085 71 55 ⁋
621 2085 99 55 2am
678 2085 113 55 vero
748 2085 141 55 partem
847 2085 141 55 probo:
946 2085 141 55 quando
1044 2085 99 55 cum
1087 2085 169 55 sensibilia

339 2133 150 51 absentia
451 2133 62 51 a
476 2133 150 51 sensibus
588 2133 150 51 nostris:
701 2133 87 51 per
751 2133 187 51 intellectum
900 2133 200 51 apphendimus:
1063 2133 100 51 illa
1113 2133 137 51 appreher-

333 2172 100 55 sio
390 2172 100 55 non
447 2172 86 55 ad
490 2172 114 55 ipsa
561 2172 200 55 sensibilia
718 2172 200 55 immediate:
874 2172 100 55 sed
931 2172 86 55 ad
974 2172 128 55 eorum
1060 2172 157 55 species
1159 2172 100 55 termi

346 2214 109 55 natur:
422 2214 76 55 sic
466 2214 109 55 dictum
542 2214 76 55 est
586 2214 65 55 de
618 2214 131 55 sensuali
716 2214 120 55 noticia
804 2214 65 55 in
836 2214 120 55 secunda
923 2214 174 55 conclusione:
1065 2214 76 55 hoc
1108 2214 76 55 aut
1152 2214 76 55 sic
1185 2214 65 55 esse

340 2259 114 61 patet
417 2259 102 61 per.
480 2259 76 61 b.
518 2259 102 61 Aug.
582 2259 76 61 10
620 2259 76 61 de
658 2259 102 61 tri.
722 2259 89 61 vbi
772 2259 165 61 reprobans
899 2259 165 61 opinionem
1027 2259 114 61 eorum
1103 2259 89 61 qui
1141 2259 127 61 dixerunt

338 2305 124 55 mentem
424 2305 136 55 nostram
523 2305 111 55 esse:
598 2305 124 55 corpus
684 2305 87 55 aut
734 2305 173 55 compaginem
870 2305 87 55 vel
920 2305 198 55 temperatione
1081 2305 161 55 corporis:
1192 2305 62 55 in-

346 2347 96 53 ter
401 2347 138 53 cetera
498 2347 110 53 ait:
567 2347 124 53 nullo
649 2347 110 53 modo
718 2347 124 53 fieri
801 2347 152 53 posset:
911 2347 83 53 vt
953 2347 96 53 ita
1008 2347 179 53 cogitaret
1146 2347 83 53 id
1173 2347 83 53 quod

344 2390 111 53 ipsa
413 2390 111 53 est:
482 2390 207 53 quemadmodum
648 2390 152 53 cogitat
759 2390 83 53 id
800 2390 111 53 quod
869 2390 111 53 ipsa
938 2390 97 53 non
994 2390 111 53 est:
1063 2390 97 53 per
1104 2390 152 53 fantasiam

343 2435 211 53 imaginariam
512 2435 155 53 cogitat
624 2435 98 53 hec
680 2435 140 53 omnia:
778 2435 112 53 siue
849 2435 140 53 ignem:
947 2435 112 53 siue
1017 2435 126 53 aerem
1101 2435 112 53 siue
1158 2435 98 53 illud

342 2480 98 54 vel
398 2480 125 54 illud
481 2480 139 54 corpus
579 2480 139 54 partem
677 2480 84 54 ve
718 2480 125 54 vllam
802 2480 98 54 seu
858 2480 195 54 compaginem
1011 2480 98 54 vel
1053 2480 209 54 temperationem

340 2523 143 53 corporis:
450 2523 77 53 nec
494 2523 110 53 vtique
571 2523 88 53 ista
626 2523 110 53 omnia:
703 2523 77 53 sed
747 2523 121 53 aliquid
836 2523 99 53 horum
902 2523 88 53 esse
957 2523 88 53 ditu
1012 2523 132 53 scilicet
1111 2523 99 53 mens:
1166 2523 88 53 siquid

344 2566 104 52 horum
414 2566 104 52 autem
483 2566 116 52 esset:
564 2566 116 52 aliter
645 2566 69 52 id
680 2566 93 52 quam
738 2566 116 52 cetera
819 2566 162 52 cogitaret:
946 2566 81 52 non
992 2566 139 52 scilicet
1096 2566 81 52 per
1131 2566 127 52 imaginale

338 2610 174 50 figmentum:
474 2610 112 50 sicut
549 2610 174 50 cogitantur
685 2610 162 50 absentia:
810 2610 99 50 quae
872 2610 112 50 sensu
946 2610 149 50 corporis
1058 2610 112 50 tacta
1133 2610 112 50 sunt:
1195 2610 62 50 si-

344 2655 75 52 ue
382 2655 138 52 eiusdem
483 2655 138 52 generis
583 2655 138 52 aliqua:
684 2655 88 52 sed
734 2655 138 52 quaedam
835 2655 163 52 interiore
960 2655 88 52 non
1011 2655 163 52 simulata:
1136 2655 88 52 sed
1174 2655 88 52 vera:

343 2697 181 56 praesentia.
488 2697 96 56 Ecce
548 2697 96 56 quod
608 2697 96 56 mens
668 2697 181 56 rationalis:
813 2697 96 56 quam
873 2697 121 56 probat
958 2697 84 56 non
1006 2697 96 56 esse
1066 2697 121 56 corpus
1138 2697 121 56 corpora-

340 2745 91 48 lia
392 2745 156 48 absentia
509 2745 91 48 per
561 2745 156 48 imagines
678 2745 78 48 et
717 2745 234 48 similitudines:
912 2745 104 48 quas
977 2745 78 48 in
1016 2745 78 48 se
1055 2745 104 48 ipsa
1120 2745 130 48 intuet
1198 2745 52 48 ap

352 2783 175 60 prehendit:
490 2783 113 60 sicut
565 2783 75 60 et
603 2783 75 60 de
640 2783 175 60 cogitatiua
778 2783 88 60 est
828 2783 75 60 ex
865 2783 100 60 eius
928 2783 125 60 dictis
1015 2783 150 60 superius
1115 2783 138 60 allegatu-

354 2827 71 59 ⁋
382 2827 100 59 hoc
439 2827 114 59 idem
511 2827 171 59 Auerroys
639 2827 86 59 3o
682 2827 86 59 de
725 2827 143 59 anima.
825 2827 128 59 Anima
910 2827 143 59 inquit
1010 2827 200 59 rationalis
1153 2827 100 59 indi-

353 2874 86 66 get
402 2874 184 66 considerare
549 2874 197 66 intentiones:
709 2874 98 66 quae
771 2874 98 66 sunt
832 2874 74 66 in
869 2874 135 66 virtute
967 2874 197 66 imaginatiua:
1127 2874 111 66 sicut
1189 2874 61 66 sen

352 2917 98 50 sus
408 2917 153 50 indiget
519 2917 181 50 inspicere
659 2917 209 50 sensibilia:
826 2917 98 50 vbi
882 2917 181 50 manifeste
1022 2917 112 50 vult
1092 2917 112 50 quod
1147 2917 112 50 cogni-

347 2957 89 58 tio
398 2957 191 58 intellectus
551 2957 178 58 terminetur
690 2957 76 58 ad
728 2957 191 58 intentiones
881 2957 178 58 existentes
1021 2957 76 58 in
1059 2957 140 58 virtute
1148 2957 114 58 imagina

344 3001 98 54 tiua
405 3001 74 54 et
442 3001 98 54 ille
504 3001 98 54 sint
565 3001 135 54 cognite
664 3001 86 54 per
713 3001 123 54 illam:
799 3001 74 54 et
836 3001 185 54 considerate
983 3001 111 54 sicut
1057 3001 123 54 sensus
1131 3001 123 54 inspicit

339 3047 225 74 sensibillia:
521 3047 84 74 et
563 3047 112 74 illa
634 3047 154 74 noscunt
746 3047 98 74 per
802 3047 140 74 illum.
900 3047 70 74 ⁋
928 3047 112 74 Item
998 3047 126 74 paulo
1083 3047 126 74 post.
1153 3047 98 74 compr

1304 234 88 63 rat
1355 234 151 63 secundum
1468 234 213 63 similitudinem
1643 234 188 63 intellectum
1794 234 75 63 in
1831 234 201 63 intelligendo
1994 234 75 63 ad
2032 234 125 63 sensum
2107 234 113 63 exterio

1306 286 88 58 rem
1357 286 75 58 in
1394 286 175 58 sentiendo:
1532 286 75 58 et
1569 286 88 58 est
1619 286 175 58 similitudo
1757 286 100 58 quod
1820 286 113 58 sicut
1895 286 150 58 sensatio
2007 286 150 58 requirit
2120 286 88 58 duo
2157 286 63 58 sul

1311 333 114 55 iecta:
1391 333 91 55 vnum
1448 333 80 55 per
1493 333 91 55 quod
1550 333 80 55 est
1596 333 80 55 vna
1642 333 80 55 (et
1687 333 80 55 per
1733 333 80 55 hoc
1779 333 160 55 intelligit
1904 333 137 55 obiectum
2007 333 148 55 sensatum:
2121 333 91 55 quod
2167 333 57 55 est

1305 381 137 47 obiectum
1408 381 103 47 circa
1476 381 103 47 quod)
1545 381 69 47 et
1579 381 103 47 aliud
1648 381 80 47 per
1693 381 92 47 quod
1751 381 80 47 est
1796 381 92 47 vnum
1854 381 126 47 entium:
1945 381 69 47 in
1979 381 103 47 mundo
2048 381 137 47 scilicet
2140 381 92 47 virtus

1303 414 102 58 ipsa
1367 414 178 58 sensitiua:
1507 414 102 58 quae
1570 414 89 58 est
1621 414 165 58 subiectum
1748 414 76 58 in
1787 414 89 58 quo
1837 414 89 58 est
1888 414 165 58 sensatio:
2016 414 89 58 sic
2054 414 165 58 intellectio

1313 466 89 50 quo
1364 466 102 50 modo
1428 466 89 50 duo
1479 466 115 50 talia
1556 466 153 50 subiecta
1670 466 128 50 habet.
1760 466 89 50 Sed
1811 466 191 50 differentia
1964 466 89 50 est
2015 466 77 50 in
2053 466 89 50 hoc
2104 466 89 50 tn:
2142 466 77 50 quod

1302 513 142 49 subiectum
1411 513 164 49 sensationis
1542 513 76 49 per
1586 513 87 49 quod
1640 513 76 49 est
1684 513 87 49 vna.
1738 513 65 49 id
1771 513 76 49 est
1815 513 131 49 obiectum
1913 513 76 49 est
1956 513 98 49 extra
2022 513 120 49 animam.
2098 513 120 49 Subiectut

1300 540 102 64 autem
1367 540 79 64 per
1413 540 90 64 quod
1469 540 169 64 intellectio
1604 540 79 64 est
1650 540 79 64 vna
1695 540 68 64 id
1729 540 79 64 est
1774 540 135 64 obiectum
1875 540 79 64 est
1920 540 102 64 intra
1988 540 124 64 animam:
2078 540 68 64 et
2112 540 102 64 illud
2169 540 56 64 est

1303 590 145 66 species
1408 590 105 66 siue
1474 590 158 66 intentio
1593 590 184 66 imaginata.
1738 590 105 66 Unde
1803 590 92 66 hec
1856 590 105 66 sunt
1922 590 105 66 eius
1988 590 132 66 verba.
2080 590 105 66 Quia
2133 590 92 66 forte

1300 623 81 79 per
1347 623 185 79 intellectum:
1497 623 81 79 vt.
1543 623 116 79 dicens
1624 623 81 79 Aru
1670 623 81 79 est
1716 623 104 79 sicut
1786 623 196 79 comprehendere
1948 623 81 79 per
1994 623 127 79 sensum:
2086 623 116 79 compre
2167 623 92 79 habe
2213 623 35 79 t

1308 678 97 57 dere
1368 678 97 57 vero
1429 678 85 57 per
1477 678 121 57 sensum
1562 678 169 57 perficitur
1695 678 85 57 per
1744 678 85 57 duo
1792 678 157 57 subiecta:
1913 678 121 57 quorum
1998 678 97 57 vnum
2059 678 85 57 est
2095 678 133 57 subiectum

1312 722 85 59 per
1360 722 97 59 quod
1421 722 121 59 sensus
1506 722 85 59 fit
1554 722 109 59 verus
1627 722 73 59 et
1663 722 85 59 est
1711 722 145 59 sensatum
1820 722 109 59 extra
1893 722 133 59 animam:
1990 722 109 59 aliud
2063 722 85 59 est
2099 722 121 59 subietct

1300 773 93 59 per
1353 773 106 59 quod
1419 773 132 59 sensus
1511 773 93 59 est
1564 773 119 59 forma
1643 773 172 59 existens:
1776 773 79 59 et
1815 773 93 59 est
1868 773 119 59 prima
1947 773 172 59 perfectio
2066 773 159 59 sentientis

1309 810 147 56 necesse
1416 810 94 56 est
1469 810 94 56 est
1523 810 80 56 vt
1563 810 187 56 intellecta
1710 810 80 56 in
1750 810 107 56 actu
1817 810 120 56 heant
1897 810 94 56 hec
1951 810 94 56 duo
2005 810 174 56 subiecta:
2125 810 107 56 quorum

1312 855 97 59 vnum
1373 855 85 59 est
1421 855 170 59 subiectum:
1555 855 85 59 per
1603 855 97 59 quod
1664 855 97 59 sunt
1725 855 109 59 vera.
1798 855 73 59 si
1834 855 109 59 forme
1907 855 97 59 quae
1968 855 97 59 sunt
2029 855 97 59 vere
2077 855 158 59 imaginatio-

1302 895 108 59 nes.
1369 895 81 59 2m
1409 895 121 59 autem
1490 895 94 59 est
1544 895 121 59 illud
1625 895 94 59 per
1679 895 108 59 quod
1746 895 189 59 intellecta
1894 895 108 59 sunt
1962 895 108 59 vnum
2029 895 135 59 entium
2123 895 81 59 in
2150 895 81 59 mum-

1308 947 74 58 do:
1351 947 63 58 et
1382 947 95 58 illud
1445 947 74 58 est
1487 947 158 58 intellectus
1613 947 158 58 materialis:
1740 947 95 58 nulla
1803 947 84 58 enim
1855 947 158 58 differentia
1982 947 74 58 est
2024 947 63 58 in
2055 947 74 58 hoc
2097 947 95 58 inter
2150 947 84 58 sensum

1302 987 66 49 et
1335 987 175 49 intellectum:
1477 987 77 49 sed
1521 987 66 49 in
1553 987 77 49 hoc
1597 987 142 49 suiciter:
1706 987 87 49 quia
1761 987 142 49 subiectum
1870 987 109 49 sensus
1947 987 77 49 per
1991 987 87 49 quod
2045 987 77 49 est
2089 987 109 49 verus.
2165 987 66 49 id
2187 987 44 49 es

1306 1027 129 63 obiectum
1403 1027 76 63 est
1446 1027 97 63 extra
1511 1027 119 63 animam:
1597 1027 65 63 et
1630 1027 140 63 subiectum
1738 1027 162 63 intellectus
1867 1027 76 63 per
1910 1027 86 63 quod
1964 1027 76 63 est
2007 1027 97 63 verus
2072 1027 76 63 est
2115 1027 97 63 intra
2169 1027 65 63 ani-

1309 1072 89 59 mam:
1365 1072 67 59 et
1398 1072 78 59 hoc
1443 1072 112 59 dictum
1521 1072 78 59 est
1566 1072 67 59 ab
1600 1072 89 59 Arum
1655 1072 67 59 in
1689 1072 78 59 hoc
1734 1072 134 59 intellet
1834 1072 134 59 scilicet
1935 1072 157 59 materiali.
2058 1072 78 59 per
2092 1072 145 59 intellectum

1303 1117 116 57 autem
1381 1117 78 57 in
1420 1117 104 57 actu
1484 1117 104 57 idem
1549 1117 181 57 intelligit
1691 1117 104 57 quod
1756 1117 91 57 per
1808 1117 142 57 formare
1911 1117 104 57 quod
1976 1117 129 57 quidem
2067 1117 91 57 est
2106 1117 129 57 intelli-

1299 1158 151 65 gentia
1404 1158 181 65 simplex:
1540 1158 90 65 vt
1585 1158 136 65 supra
1676 1158 166 65 habitum
1796 1158 105 65 est
1856 1158 105 65 per
1917 1158 211 65 Commetato.
2082 1158 75 65 ⁋
2112 1158 136 65 Item.
2188 1158 60 65 P.

1299 1213 73 43 3o
1335 1213 73 43 de
1372 1213 122 43 anima.
1457 1213 122 43 dicens
1542 1213 97 43 quod
1603 1213 85 43 sic
1652 1213 170 43 fantasmata
1786 1213 73 43 se
1822 1213 122 43 habent
1907 1213 73 43 ad
1944 1213 183 43 intellectum
2090 1213 85 43 sic
2126 1213 122 43 sensibi-

1302 1247 85 58 lia
1351 1247 73 58 ad
1387 1247 134 58 sensum:
1485 1247 98 58 quod
1546 1247 85 58 non
1595 1247 110 58 solum
1668 1247 110 58 verum
1741 1247 85 58 est
1790 1247 134 58 quantum
1888 1247 73 58 ad
1924 1247 134 58 mouere:
2022 1247 85 58 sed
2071 1247 110 58 etiam
2132 1247 73 58 quam

1309 1291 82 57 ad
1350 1291 177 57 terminare
1487 1291 123 57 actum
1569 1291 177 57 potentie.
1705 1291 109 57 vnde
1773 1291 109 57 ait.
1841 1291 218 57 Intellectiue
2019 1291 123 57 anime
2087 1291 150 57 fantasma-

1300 1343 73 48 ta
1336 1343 73 48 et
1373 1343 169 48 sensibilia
1506 1343 97 48 sunt
1566 1343 157 48 supiciter
1687 1343 133 48 sensui.
1784 1343 73 48 Et
1820 1343 121 48 statim
1905 1343 157 48 sequitur.
2026 1343 133 48 propter
2123 1343 97 48 quod
2171 1343 61 48 ne-

1306 1375 159 63 quaquam
1421 1375 116 63 sine
1493 1375 202 63 fantasmate
1652 1375 202 63 intelligit
1811 1375 144 63 anima.
1912 1375 87 63 Et
1956 1375 116 63 quod
2028 1375 101 63 non
2086 1375 130 63 solum
2158 1375 72 63 hoc

1314 1421 152 58 debeat
1420 1421 197 58 intelligi
1571 1421 167 58 quantum
1693 1421 91 58 ad
1738 1421 121 58 motu
1814 1421 182 58 declarat
1950 1421 136 58 aliud
2041 1421 152 58 verbum
2147 1421 121 58 quod

1317 1472 118 50 statim
1400 1472 118 50 subdit
1482 1472 189 50 concludendo.
1635 1472 118 50 dicens
1718 1472 130 50 species
1812 1472 118 50 quidem
1895 1472 118 50 igitur
1977 1472 177 50 intellectum
2118 1472 71 50 in
2142 1472 106 50 fantas-

1308 1514 159 51 matibus
1423 1514 216 51 intelligit:
1596 1514 87 51 et
1639 1514 101 51 sic
1697 1514 87 51 in
1740 1514 130 51 illis
1827 1514 231 51 determinatum
2015 1514 101 51 est
2072 1514 115 51 ipsi
2130 1514 101 51 muta-

1305 1557 118 52 bile
1379 1557 88 52 et
1423 1557 191 52 fugiendum
1570 1557 118 52 etc.
1644 1557 103 52 Ubi
1703 1557 221 52 Commetator.
1880 1557 88 52 Et
1924 1557 103 52 ita
1983 1557 103 52 est
2042 1557 88 52 de
2086 1557 162 52 quosito
2189 1557 59 52 et

1310 1608 133 44 fugito
1403 1608 106 44 apud
1469 1608 212 44 intellectum:
1641 1608 119 44 sicut
1721 1608 80 44 de
1761 1608 239 44 comprehensione
1960 1608 146 44 quantum
2053 1608 172 44 quemadmodum

1311 1650 234 48 comprehendit
1501 1650 102 48 res
1560 1650 219 48 mediantibus
1735 1650 146 48 formis
1837 1650 190 48 imaginum:
1983 1650 88 48 et
2027 1650 131 48 visus
2100 1650 131 48 compre-

1304 1686 124 55 hendit
1390 1686 87 55 per
1440 1686 185 55 praesentiam
1588 1686 111 55 rerum
1662 1686 198 55 sensibilium:
1823 1686 87 55 ita
1872 1686 185 55 intellectus
2021 1686 136 55 mouetur
2120 1686 62 55 a
2132 1686 99 55 rebus:

1304 1733 163 51 quaerendo
1429 1733 88 51 aut
1479 1733 163 51 fugiendo:
1604 1733 125 51 quando
1691 1733 113 51 forme
1766 1733 150 51 imaginum
1879 1733 113 51 earum
1954 1733 100 51 sunt
2016 1733 188 51 praesentes:
2154 1733 88 51 quen-

1307 1772 143 53 admodum
1411 1772 117 53 visus
1489 1772 130 53 quarit
1580 1772 91 53 aut
1632 1772 117 53 fugit
1710 1772 104 53 apud
1775 1772 195 53 praesentiam
1931 1772 130 53 illius
2022 1772 195 53 sensibilis:
2165 1772 65 53 hoc

1307 1819 111 52 habes
1381 1819 99 52 quod
1443 1819 185 52 intellectus
1591 1819 198 52 comprehendit
1752 1819 87 52 res
1801 1819 87 52 per
1851 1819 161 52 imagines.
1974 1819 74 52 id
2011 1819 87 52 est
2061 1819 111 52 ipsas
2123 1819 111 52 intuen-

1307 1869 90 42 do.
1359 1869 103 42 Unde
1423 1869 129 42 dicens
1513 1869 77 42 P.
1552 1869 103 42 quod
1616 1869 180 42 intelligit
1758 1869 142 42 species
1861 1869 77 42 in
1899 1869 232 42 fantasmatibus:
2093 1869 116 42 sicut
2157 1869 90 42 visus

1303 1906 90 51 res
1355 1906 103 51 sibi
1419 1906 193 51 praesentes.
1574 1906 103 51 Unde
1638 1906 142 51 proxime
1741 1906 142 51 subdit.
1844 1906 77 51 P.
1883 1906 103 51 quod
1947 1906 90 51 cum
1999 1906 193 51 intelligens
2141 1906 90 51 specu

1305 1946 123 58 letur
1387 1946 204 58 sensibilia:
1550 1946 150 58 necesse
1659 1946 95 58 est
1714 1946 123 58 simul
1795 1946 163 58 fantasma
1918 1946 150 58 aliquod
2027 1946 191 58 speculari:
2163 1946 68 58 fan

1297 1982 141 59 tasmata
1400 1982 90 59 aut
1451 1982 116 59 sicut
1528 1982 180 59 sensibilia
1670 1982 116 59 sunt:
1747 1982 141 59 praeter
1850 1982 103 59 quod
1914 1982 103 59 sunt
1978 1982 103 59 sine
2042 1982 90 59 ma.
2094 1982 90 59 vbi
2132 1982 116 59 Commen-

1296 2028 140 61 tator.
1394 2028 126 61 Causa
1478 2028 140 61 inquit
1576 2028 126 61 quare
1660 2028 210 61 intellectus
1828 2028 98 61 qui
1884 2028 98 61 est
1940 2028 84 61 in
1982 2028 126 61 nobis
2066 2028 98 61 cum
2108 2028 126 61 videris

1301 2079 149 51 aliquid
1410 2079 95 51 aut
1464 2079 136 51 aliqua
1559 2079 81 51 et
1600 2079 231 51 intellexerit:
1790 2079 108 51 ipse
1857 2079 95 51 non
1912 2079 217 51 intelligeret
2088 2079 122 51 ipsum
2156 2079 81 51 nisi

1301 2125 179 54 coniunctum
1442 2125 89 54 cum
1493 2125 89 54 sua
1544 2125 140 54 imagine
1646 2125 102 54 est:
1710 2125 102 54 quia
1773 2125 153 54 imagines
1888 2125 102 54 sint
1952 2125 128 54 aliqua
2041 2125 179 54 sensibilia
2169 2125 51 54 in

1304 2165 195 58 tellectui:
1457 2165 83 58 et
1499 2165 111 58 sunt
1568 2165 83 58 ei
1610 2165 111 58 loco
1680 2165 181 58 sensibium
1819 2165 111 58 apud
1888 2165 181 58 absentiam
2027 2165 195 58 sensibius.
2166 2165 70 58 Sed

1312 2211 107 50 sunt
1378 2211 187 50 sensibilia
1525 2211 93 50 non
1578 2211 200 50 materialia.
1738 2211 93 50 hec
1791 2211 173 50 Commenta.
1925 2211 80 50 Ex
1965 2211 133 50 quibus
2058 2211 147 50 omnibus
2151 2211 80 50 eui-

1303 2257 135 50 denter
1397 2257 135 50 patet:
1492 2257 122 50 ipsos
1573 2257 162 50 sensisse
1694 2257 108 50 quod
1762 2257 95 50 cum
1816 2257 189 50 sensibilia
1964 2257 162 50 absentia
2072 2257 162 50 intelligi-

1313 2294 94 59 mus
1366 2294 107 59 (qua
1433 2294 120 59 prius
1513 2294 161 59 sensibus
1634 2294 187 59 praesentia
1781 2294 228 59 intelleximus)
1968 2294 161 59 intuemur
2089 2294 120 59 eorum
2156 2294 80 59 spe-

1298 2341 137 49 cies.
1389 2341 137 49 Sicut
1480 2341 152 49 sensus
1587 2341 183 49 exterior
1724 2341 183 49 intuetur
1861 2341 198 49 immediate
2013 2341 122 49 ipsa
2074 2341 152 49 sensibi-

1313 2386 97 51 lia:
1374 2386 73 51 et
1410 2386 182 51 inspiciendo
1556 2386 134 51 species
1653 2386 97 51 suas
1714 2386 219 51 comprehendimus
1897 2386 109 51 illa:
1970 2386 73 51 et
2006 2386 146 51 secundum
2103 2386 122 51 iudicium

1303 2429 106 58 quod
1369 2429 93 58 sic
1422 2429 172 58 intuentes
1554 2429 145 58 habemus
1660 2429 132 58 quamum
1752 2429 79 58 ad
1792 2429 145 58 agendum
1898 2429 93 58 vel
1950 2429 172 58 fugiendum
2083 2429 132 58 postea
2162 2429 66 58 per

1301 2479 229 47 appetitum
1477 2479 282 47 prosequimur:
1706 2479 106 47 vt
1759 2479 141 47 ipse
1847 2479 194 47 species
1988 2479 141 47 apud
2076 2479 123 47 nos
2128 2479 106 47 sunt

1297 2518 96 49 et
1345 2518 128 49 loco
1425 2518 96 49 et
1474 2518 128 49 vice
1554 2518 177 49 ipsorum
1682 2518 257 49 sensibilium:
1891 2518 112 49 que
1955 2518 112 49 non
2019 2518 177 49 possunt
2132 2518 96 49 sem-

1310 2561 115 54 per
1375 2561 148 54 nobis
1474 2561 131 54 esse
1556 2561 230 54 presentia:
1737 2561 115 54 hoc
1803 2561 131 54 idem
1885 2561 181 54 certius
2016 2561 197 54 probatur
2148 2561 82 54 per

1301 2603 299 50 experientiam.
1548 2603 229 50 Experitur
1724 2603 141 50 enim
1812 2603 211 50 quilibet
1971 2603 141 50 quod
2059 2603 176 50 quando
2165 2603 70 50 de

1302 2646 157 52 aliqua
1412 2646 94 52 re
1460 2646 205 52 corporali
1617 2646 157 52 alteri
1727 2646 205 52 loquitur:
1885 2646 110 52 vel
1948 2646 142 52 etiam
2042 2646 142 52 audit
2121 2646 110 52 alium

1293 2693 240 50 loquentem:
1481 2693 257 50 intelligens
1687 2693 103 50 de
1739 2693 120 50 quo
1807 2693 206 50 loquitur
1962 2693 103 50 in
2013 2693 154 50 mente
2099 2693 137 50 occur-

1292 2739 112 54 rit
1356 2739 96 54 ei
1404 2739 160 54 quedam
1516 2739 192 54 fantasia
1660 2739 160 54 illius
1773 2739 128 54 rei:
1853 2739 128 54 quam
1933 2739 144 54 mente
2029 2739 128 54 ipse
2093 2739 128 54 intue-

1291 2776 114 62 tur:
1362 2776 100 62 nec
1419 2776 157 62 aliquis
1534 2776 143 62 negare
1634 2776 100 62 hoc
1691 2776 157 62 potest.
1805 2776 114 62 Unde
1877 2776 171 62 Augusti.
2005 2776 229 62 distinctione
2177 2776 71 62 den

1296 2823 170 58 trini.
1415 2823 237 58 Cartaginem
1601 2823 170 58 quidem
1720 2823 119 58 cum
1788 2823 170 58 eloqui
1907 2823 136 58 volo
1991 2823 136 58 apud
2076 2823 102 58 me
2110 2823 102 58 ipsm

1296 2874 157 45 quero
1400 2874 105 45 vt
1452 2874 209 45 eloquar:
1609 2874 105 45 et
1661 2874 139 45 apud
1749 2874 105 45 me
1801 2874 157 45 ipsum
1905 2874 227 45 fantasiam
2062 2874 157 45 inuenio

1308 2914 219 48 cartaginis:
1484 2914 102 48 sed
1542 2914 102 48 eam
1601 2914 102 48 per
1659 2914 146 48 corpus
1762 2914 146 48 accepi
1864 2914 88 48 id
1908 2914 102 48 est
1967 2914 102 48 per
2025 2914 176 48 corporis
2142 2914 88 48 sen-

1298 2956 97 55 sum:
1359 2956 134 55 quoniam
1456 2956 146 55 praesens
1565 2956 73 55 in
1602 2956 73 55 ea
1638 2956 134 55 corpore
1735 2956 97 55 fui:
1796 2956 73 55 et
1832 2956 85 55 eam
1881 2956 97 55 vidi
1942 2956 109 55 atque
2015 2956 109 55 sensi
2075 2956 146 55 memoriaque

1312 3002 161 46 retinui:
1432 3002 81 46 vt
1473 3002 107 46 apud
1540 3002 81 46 me
1580 3002 174 46 inuenirem
1714 3002 81 46 de
1754 3002 107 46 illa
1821 3002 134 46 verbum
1915 3002 94 46 cum
1969 3002 94 46 eam
2023 3002 134 46 vellem
2103 3002 121 46 dicere:

1307 3041 121 64 ipsa
1382 3041 121 64 enim
1458 3041 181 64 fantasia
1594 3041 121 64 eius
1670 3041 91 64 in
1715 3041 166 64 memoria
1836 3041 106 64 mea
1896 3041 151 64 verbum
2002 3041 121 64 eius
2078 3041 106 64 non
2123 3041 106 64 sonus
