2448 3526
184 236 104 84 iste
249 236 209 84 trissillabus
419 236 91 84 cum
471 236 144 84 cartago
576 236 183 84 nominatur:
719 236 91 84 vel
772 236 118 84 etiam
850 236 131 84 tacite
941 236 118 84 nomen
1007 236 91 84 ipsum

188 299 92 63 per
240 299 157 63 temporis
358 299 131 63 spacia
450 299 183 63 cogitatur:
594 299 92 63 sed
647 299 118 63 illud
725 299 105 63 quod
791 299 79 63 in
830 299 118 63 animo
909 299 92 63 meo
961 299 118 63 cerno
1026 299 66 63 cum

189 340 95 59 hoc
244 340 217 59 trissillabum
420 340 109 59 voce
488 340 163 59 profero:
610 340 95 59 vel
664 340 163 59 antequam
786 340 176 59 proferam.
922 340 68 59 ⁋
949 340 109 59 Ecce
1004 340 81 59 quod

198 381 136 66 speciem
297 381 149 66 acceptam
408 381 87 66 per
458 381 136 66 sensum:
557 381 74 66 et
594 381 74 66 in
632 381 149 66 memoriam
743 381 149 66 retentam
855 381 124 66 cernit
942 381 74 66 et
967 381 136 66 intuetur:

195 431 119 64 quando
278 431 71 64 de
314 431 95 64 illa
374 431 95 64 vult
433 431 119 64 loqui:
516 431 71 64 et
552 431 95 64 idem
611 431 119 64 dicit:
695 431 71 64 et
730 431 83 64 ita
778 431 155 64 experimur
897 431 71 64 et
932 431 83 64 cum
980 431 107 64 loqui
1040 431 59 64 vo¬-

182 466 114 68 lumus
258 466 76 68 de
296 466 76 68 re
334 466 101 68 quam
397 466 139 68 numquam
498 466 164 68 sensimus:
624 466 139 68 quoniam
725 466 101 68 tunc
788 466 139 68 speciem
889 466 76 68 de
927 466 101 68 ipsa
990 466 88 68 per
1028 466 63 68 nos

188 507 130 67 fictam
279 507 169 67 intuemur:
409 507 104 67 vnde
475 507 104 67 ait.
540 507 117 67 sicut
618 507 78 67 et
657 507 208 67 alexandriam:
826 507 91 67 cum
879 507 130 67 eloqui
970 507 104 67 volo
1022 507 78 67 quam

187 560 142 54 numquam
290 560 103 54 vidi
354 560 142 54 praesto
457 560 90 54 est
509 560 103 54 apud
573 560 77 54 me
612 560 154 54 fantasma
728 560 116 54 eius:
805 560 90 54 cum
856 560 103 54 enim
921 560 64 54 a
946 560 129 54 multis
1024 560 64 54 au¬-

173 600 146 60 dissem
276 600 88 60 et
320 600 219 60 credidissem
495 600 146 60 magnam
597 600 117 60 esse
670 600 132 60 illam
758 600 146 60 vrbem:
860 600 88 60 vt
904 600 117 60 mihi
962 600 132 60 narrari

175 640 156 60 potuit:
288 640 128 60 finxi
374 640 128 60 animo
459 640 170 60 imaginem
587 640 114 60 eius
658 640 114 60 quam
729 640 142 60 potui:
828 640 85 60 et
871 640 99 60 hoc
928 640 99 60 est
984 640 114 60 apud
1041 640 57 60 me

185 683 129 65 verbum
276 683 104 65 eius
340 683 91 65 et:
392 683 78 65 Ex
431 683 129 65 quibus
522 683 116 65 patet
599 683 181 65 propositum
742 683 78 65 et
780 683 91 65 est
832 683 116 65 valde
910 683 91 65 hoc
949 683 142 65 attenden¬-

169 726 109 64 dum:
237 726 109 64 quia
306 726 82 64 si
346 726 95 64 per
401 726 123 64 talem
482 726 177 64 noticiam:
619 726 95 64 qua
673 726 163 64 intuemur
796 726 109 64 homo
864 726 163 64 imaginem
986 726 95 64 non
1027 726 68 64 co¬-

178 774 180 59 gnoscitur
317 774 111 59 ipsa
386 774 97 59 res
442 774 97 59 aut
497 774 83 59 si
539 774 97 59 per
594 774 125 59 aliam
678 774 167 59 noticiam
803 774 208 59 cognoscimus
955 774 139 59 immedia¬-

168 817 71 56 te
204 817 83 56 rem
251 817 119 56 ipsam:
334 817 71 56 vt
370 817 95 56 quid
430 817 131 56 oportet
525 817 131 56 intueri
620 817 131 56 speciem
715 817 107 56 eius:
786 817 71 56 et
822 817 95 56 quod
881 817 95 56 plus
940 817 83 56 est
976 817 107 56 fingere

167 867 94 58 eam
220 867 94 58 cum
274 867 120 58 illam
354 867 94 58 non
407 867 241 58 comprehendimus
608 867 94 58 per
661 867 134 58 sensum
755 867 80 58 et
795 867 120 58 illam
875 867 147 58 intueri
969 867 120 58 speciem

166 902 153 71 eius:
268 902 153 71 certe
369 902 153 71 istud
471 902 169 71 omnino
590 902 186 71 videtur
725 902 254 71 superfluum:
929 902 136 71 quod
996 902 102 71 dici

169 948 112 56 non
233 948 175 56 potest:
360 948 112 56 cum
424 948 112 56 hoc
488 948 112 56 sit
552 948 175 56 omnibus
664 948 175 56 naturale.

140 978 73 92 ⁋
170 978 131 92 Circa
257 978 234 92 conclusiones
447 978 131 92 autem
534 978 131 92 istas
622 978 190 92 occurrunt
768 978 248 92 dubitationes.
972 978 88 92 Et
1001 978 88 92 vnam

328 1046 126 52 pono
407 1046 142 52 circa
502 1046 236 52 cognitionem
691 1046 221 52 sensitivam
864 1046 205 52 simplicem
1006 1046 79 52 im¬-

161 1070 142 72 mediate
265 1070 181 72 terminatam
407 1070 78 72 ad
446 1070 116 72 ipsum
523 1070 181 72 sensibile.
665 1070 116 72 vtrum
743 1070 155 72 scilicet
859 1070 116 72 talis
937 1070 129 72 haberi
1014 1070 78 72 pos¬-

160 1116 95 64 sit
215 1116 109 64 sine
283 1116 191 64 praesentia
433 1116 136 64 ipsius
528 1116 191 64 sensibilis
678 1116 82 64 vt
718 1116 136 64 videre
814 1116 150 64 absente
923 1116 95 64 vel
963 1116 123 64 distru¬-

169 1171 97 57 cto
225 1171 180 57 sensibili
363 1171 166 57 possumus
488 1171 138 57 habere
585 1171 180 57 sensualem
723 1171 180 57 noticiam:
861 1171 97 57 qua
917 1171 125 57 ipsum
986 1171 97 57 imme¬-

169 1203 147 66 diate
267 1203 213 66 noscamus:
430 1203 82 66 ⁋
463 1203 98 66 2a
512 1203 213 66 dubitatio
676 1203 115 66 est
741 1203 147 66 circa
840 1203 147 66 aliam
921 1203 164 66 noticiam

165 1247 169 57 sensualem:
298 1247 97 57 quam
359 1247 121 57 dictum
443 1247 85 57 est
492 1247 145 57 termiari
601 1247 157 57 immediate
722 1247 73 57 ad
758 1247 145 57 speciem:
867 1247 133 57 videtur
964 1247 97 57 enim
1012 1247 73 57 quod

159 1300 106 60 per
220 1300 137 60 talem
311 1300 182 60 noticiam
448 1300 106 60 non
508 1300 228 60 cognoscatur
691 1300 122 60 modo
767 1300 152 60 aliquo
873 1300 106 60 res
934 1300 137 60 cuius
1010 1300 76 60 est

163 1341 173 49 species:
292 1341 101 49 sed
350 1341 158 49 species
465 1341 129 49 sola.
551 1341 129 49 Alias
637 1341 129 49 etiam
723 1341 201 49 somniantes
882 1341 187 49 intuentes
1011 1341 72 49 spe

158 1385 126 60 cies
237 1385 237 60 sensibilium
427 1385 174 60 possent
553 1385 126 60 dici
632 1385 126 60 illa
711 1385 237 60 cognoscere.
900 1385 79 60 ⁋
932 1385 126 60 Idem
995 1385 79 60 di¬-

165 1430 167 55 ceretur
287 1430 91 55 de
332 1430 213 55 furentibus
500 1430 91 55 et
545 1430 213 55 timentibus
713 1430 152 55 quibus
819 1430 259 55 imaginationes
1017 1430 61 55 ta

158 1465 87 66 les
207 1465 112 66 etiam
282 1465 75 66 in
320 1465 137 66 vigilia
419 1465 212 66 prasentantur:
594 1465 75 66 et
631 1465 112 66 tamen
706 1465 137 66 constat
806 1465 100 66 quod
868 1465 87 66 hoc
918 1465 87 66 est
956 1465 112 66 falsum.

170 1517 145 54 oportet
276 1517 132 54 igitur
368 1517 132 54 dicere
461 1517 106 54 quod
527 1517 106 54 alia
593 1517 145 54 noticia
699 1517 93 54 sit
752 1517 79 54 in
791 1517 119 54 nobis
871 1517 106 54 quae
924 1517 145 54 immediate

156 1559 93 55 ad
202 1559 124 55 ipsa
279 1559 217 55 sensibilia
449 1559 232 55 terminetur:
635 1559 93 55 vt
681 1559 124 55 illa
759 1559 124 55 sint
836 1559 170 55 cognita
944 1559 124 55 nobis.

168 1598 69 63 ⁋
196 1598 221 63 Confirmatur.
375 1598 111 63 quia
444 1598 97 63 aut
500 1598 152 63 noticia
610 1598 111 63 illa
679 1598 180 63 consistit
817 1598 180 63 obiectiue
956 1598 83 63 in
983 1598 83 63 illa

167 1648 147 45 specie:
273 1648 80 45 et
313 1648 93 45 per
367 1648 187 45 consequens
514 1648 93 45 res
567 1648 120 45 extra
647 1648 120 45 nullo
727 1648 107 45 modo
794 1648 213 45 cognoscitur:
967 1648 93 45 per
1007 1648 67 45 il¬-

151 1682 114 60 lam
216 1682 146 60 autem
313 1682 146 60 vltra
411 1682 179 60 speciem
541 1682 244 60 protenditur
737 1682 98 60 ad
785 1682 146 60 ipsam
883 1682 130 60 rem:
964 1682 98 60 et
997 1682 65 60 ea

153 1724 101 60 dem
210 1724 159 60 ratione
326 1724 144 60 posset
427 1724 130 60 dici:
514 1724 116 60 quod
586 1724 101 60 est
644 1724 159 60 quaedam
759 1724 159 60 noticia
875 1724 101 60 que
918 1724 159 60 immediate

157 1768 225 58 terminatur
334 1768 97 58 ad
382 1768 161 58 ipsam.
495 1768 80 58 ⁋
527 1768 145 58 Istud
624 1768 129 58 idem
704 1768 161 58 dubium
817 1768 145 58 cadit
913 1768 145 58 circa
994 1768 80 58 no¬-

151 1814 140 59 ticiam
249 1814 224 59 intellectus:
431 1814 112 59 quae
501 1814 126 59 dicta
585 1814 98 59 est
640 1814 182 59 terminari
780 1814 84 59 ad
822 1814 154 59 speciem
934 1814 84 59 in
962 1814 112 59 anima.

171 1854 72 60 ⁋
199 1854 86 60 3a
242 1854 186 60 dubitatio
386 1854 115 60 est.
457 1854 86 60 an
500 1854 100 60 per
558 1854 215 60 intellectum
730 1854 172 60 possumus
859 1854 158 60 aliquod
959 1854 115 60 sensi¬-

159 1904 124 40 bile
236 1904 201 40 singulare
390 1904 170 40 signatu
514 1904 232 40 determinate
699 1904 232 40 cognoscere:
885 1904 108 40 cum
946 1904 108 40 est
993 1904 77 40 ab¬-

162 1939 89 63 sens
217 1939 67 63 et
251 1939 78 63 non
295 1939 133 63 praesens
395 1939 133 63 sensibus
495 1939 133 63 nostris:
595 1939 122 63 videtur
684 1939 89 63 enim
740 1939 89 63 quod
795 1939 89 63 non:
851 1939 78 63 cum
895 1939 122 63 species
984 1939 67 63 in
1006 1939 56 63 qua

149 1982 221 63 intellectus
326 1982 177 63 intuetur
459 1982 177 63 absentia
592 1982 221 63 sensibilia:
769 1982 103 63 sit
828 1982 192 63 abstracta
961 1982 103 63 tota¬-

162 2028 98 51 iter
223 2028 61 51 a
247 2028 134 51 materia
345 2028 134 51 omnibus
442 2028 134 51 materie
540 2028 219 51 conditionibus:
723 2028 73 51 et
759 2028 85 51 per
808 2028 171 51 consequens
942 2028 85 51 non
979 2028 85 51 repre

152 2070 152 57 sentat
258 2070 167 57 aliquod
380 2070 198 57 singulare
532 2070 244 57 determinate.
730 2070 76 57 ⁋
761 2070 91 57 4a
806 2070 198 57 dubitatio
943 2070 122 57 potest

149 2112 119 63 esse
224 2112 179 63 qualiter
358 2112 239 63 intelligimus
552 2112 104 63 que
612 2112 164 63 numquam
731 2112 194 63 sensimus:
880 2112 164 63 Constat
984 2112 90 63 enim

149 2166 102 52 quod
213 2166 90 52 non
264 2166 90 52 per
315 2166 141 52 species
418 2166 128 52 eorum:
507 2166 128 52 quando
597 2166 115 52 tales
673 2166 192 52 acquiruntur
827 2166 128 52 tantum
916 2166 90 52 cum
955 2166 102 52 senti¬-

144 2207 147 44 untur:
247 2207 103 44 nec
306 2207 103 44 per
365 2207 162 44 species
482 2207 176 44 aliorum:
614 2207 103 44 cum
673 2207 162 44 species
791 2207 132 44 vnius
879 2207 103 44 rei
937 2207 103 44 non
982 2207 73 44 re¬-

152 2247 168 50 presentet
281 2247 116 50 aliam
359 2247 91 50 rem
411 2247 155 50 secundum
527 2247 155 50 speciem:
644 2247 194 50 relinquitur
799 2247 104 50 ergo
864 2247 91 50 per
903 2247 155 50 consequens

143 2295 107 52 quod
209 2295 214 52 cognoscantur
383 2295 174 52 immediate
517 2295 80 52 in
557 2295 160 52 seipsis:
677 2295 80 52 et
717 2295 120 52 eadem
797 2295 147 52 ratione
904 2295 107 52 dici
957 2295 107 52 potest

146 2334 107 50 quod
213 2334 188 50 sensibilia
360 2334 107 50 ipsa
427 2334 107 50 quae
494 2334 161 50 sentimus
615 2334 228 50 cognoscuntur:
803 2334 81 50 et
843 2334 94 50 cum
897 2334 107 50 sunt
951 2334 107 50 absen¬-

143 2379 103 56 tia
202 2379 161 56 noticia
319 2379 191 56 immediata
466 2379 176 56 termiata
598 2379 88 56 ad
642 2379 132 56 ipsa:
730 2379 88 56 et
774 2379 147 56 nullum
877 2379 147 56 medium
965 2379 88 56 con¬-

145 2415 167 61 currat
262 2415 133 61 quod
345 2415 117 61 sit
396 2415 183 61 cognitum.

123 2474 173 72 Quantum
249 2474 95 72 ad
297 2474 158 72 primum
407 2474 158 72 dubium
517 2474 110 72 est
580 2474 158 72 opinio
691 2474 142 72 vnius
785 2474 126 72 Doc.
864 2474 158 72 dicens
958 2474 95 72 quod

425 2507 180 51 huiusmodi
564 2507 152 51 notitia
674 2507 138 51 potest
771 2507 125 51 fieri
854 2507 83 51 re
896 2507 152 51 absente
993 2507 69 51 nec

154 2550 197 62 actualiter
308 2550 197 62 praesente.
463 2550 112 62 Quod
533 2550 155 62 duplici
646 2550 98 62 via
702 2550 183 62 declarat.
842 2550 70 62 ⁋
870 2550 126 62 Primo
941 2550 112 62 quidem

153 2599 98 54 per
209 2599 225 54 experientias
392 2599 98 54 que
448 2599 113 54 sunt
519 2599 169 54 quinque.
645 2599 141 54 Quarum
744 2599 127 54 prima
828 2599 98 54 est
884 2599 84 54 in
912 2599 141 54 visioni¬-

160 2639 91 54 bus
212 2639 183 54 derelictis
356 2639 78 54 ex
395 2639 118 54 forti
473 2639 170 54 visibili:
604 2639 104 54 quam
669 2639 118 54 ponit
748 2639 104 54 Aug.
813 2639 91 54 ii.
865 2639 78 54 de
904 2639 104 54 tri.
957 2639 104 54 dicens

149 2678 101 63 quod
213 2678 165 63 plerumque
339 2678 89 63 cum
390 2678 89 63 diu
440 2678 114 63 solem
516 2678 203 63 attenderimus
681 2678 89 63 vel
732 2678 177 63 quaecumque
871 2678 177 63 luminaria:
997 2678 51 63 et

148 2728 132 54 deinde
240 2728 132 54 oculos
333 2728 212 54 clauserimus:
505 2728 119 54 quasi
585 2728 172 54 versantur
717 2728 79 54 in
757 2728 172 54 conspectu
889 2728 132 54 quidam
969 2728 79 54 colo

157 2766 102 61 res
216 2766 145 61 lucidi
317 2766 131 61 varie
404 2766 116 61 sese
477 2766 232 61 commutantes:
666 2766 87 61 et
709 2766 131 61 minus
796 2766 174 61 minusque
912 2766 131 61 fulgen¬-

149 2810 81 63 tes
196 2810 104 63 donec
265 2810 116 63 omnino
347 2810 163 63 desistant:
474 2810 93 63 quas
533 2810 197 63 intelligendum
695 2810 81 63 est
742 2810 139 63 reliquas
846 2810 93 63 esse
904 2810 116 63 illius
974 2810 81 63 forme

150 2850 98 66 quae
211 2850 110 66 facta
284 2850 98 66 erat
345 2850 73 66 in
382 2850 110 66 sensu
455 2850 85 66 dum
504 2850 122 66 corpus
589 2850 134 66 lucidum
687 2850 171 66 videretur:
821 2850 73 66 et
858 2850 171 66 concludit:
980 2850 73 66 quod

146 2896 104 55 erat
211 2896 91 55 est
263 2896 91 55 cum
316 2896 183 55 videremus:
459 2896 78 55 et
498 2896 104 55 illa
563 2896 104 55 erat
629 2896 143 55 clarior
733 2896 78 55 et
772 2896 196 55 expressior:
929 2896 91 55 sed
968 2896 78 55 mul¬-

147 2938 85 56 tum
195 2938 158 56 coniuncta
317 2938 85 56 cum
365 2938 121 56 specie
450 2938 85 56 rei
498 2938 97 56 eius
559 2938 97 56 quae
620 2938 182 56 cernebatur.
765 2938 73 56 vt
802 2938 145 56 discerni
911 2938 121 56 omnino
983 2938 61 56 non

154 2988 145 58 posset:
259 2988 79 58 et
299 2988 105 58 ipsa
365 2988 105 58 erat
431 2988 132 58 visio.
523 2988 92 58 hec
576 2988 105 58 Aug.
641 2988 79 58 Ex
681 2988 92 58 quo
734 2988 132 58 patet:
826 2988 105 58 quod
892 2988 119 58 visio
958 2988 92 58 solis

145 3032 83 69 et
187 3032 152 69 aliorum
298 3032 194 69 luminarium
450 3032 152 69 remanet
561 3032 83 69 in
603 3032 125 69 oculo
686 3032 152 69 obiecto
797 3032 180 69 recedente
921 3032 139 69 secundum

1145 265 106 70 Aug.
1211 265 80 70 et
1251 265 226 70 experientiam.
1437 265 66 70 ⁋
1464 265 80 70 2a
1504 265 199 70 experientia
1663 265 93 70 est
1716 265 80 70 in
1756 265 133 70 somnus
1849 265 106 70 quam
1916 265 120 70 ponit
1982 265 80 70 Com¬-

1143 317 163 55 mentator
1265 317 81 55 in
1306 317 163 55 tractatu
1428 317 95 55 suo
1482 317 81 55 de
1523 317 108 55 som.
1591 317 81 55 et
1632 317 122 55 vigi.
1713 317 108 55 Fere
1781 317 122 55 circa
1862 317 136 55 medium
1944 317 108 55 dicens

1148 358 100 65 quod
1210 358 75 65 in
1247 358 112 65 somno
1322 358 112 65 videt
1397 358 100 65 homo
1459 358 75 65 et
1496 358 125 65 sentit
1584 358 87 65 per
1633 358 137 65 quinque
1733 358 125 65 sensus
1820 358 125 65 absque
1908 358 75 65 eo
1945 358 100 65 quod
1995 358 62 65 ibi

1137 401 85 61 sit
1186 401 134 61 aliquod
1283 401 159 61 sensibile
1405 401 195 61 extrinsecum:
1564 401 85 61 hoc
1613 401 85 61 aut
1662 401 134 61 accidit
1759 401 85 61 per
1808 401 110 61 motum
1881 401 171 61 contrarium
2003 401 49 61 ei

1130 436 93 72 qui
1183 436 93 72 est
1236 436 80 72 in
1276 436 160 72 vigilia.
1396 436 80 72 In
1436 436 146 72 vigilia
1542 436 106 72 enim
1609 436 173 72 sesibilia
1742 436 186 72 extrinseca
1888 436 133 72 mouent
1968 436 80 72 sen¬-

1142 489 92 61 sus
1194 489 79 61 et
1234 489 131 61 sensus
1325 489 157 61 communis
1443 489 118 61 mouet
1522 489 157 61 virtutem
1640 489 223 61 imaginatiuam:
1823 489 79 61 in
1863 489 118 61 somno
1941 489 92 61 aut
1980 489 66 61 re¬-

1133 532 145 59 uertetur
1241 532 145 59 intentio
1350 532 157 59 imaginata
1470 532 72 59 et
1507 532 133 59 mouebit
1603 532 121 59 sensum
1687 532 157 59 communem:
1808 532 72 59 et
1844 532 121 59 sensus
1916 532 121 59 communis

1139 569 147 61 mouebit
1245 569 160 61 virtutem
1365 569 227 61 particularem:
1552 569 80 61 et
1592 569 93 61 sic
1646 569 147 61 accidet
1752 569 107 61 quod
1819 569 107 61 homo
1873 569 173 61 apprehendet

1140 615 171 63 sensibilia:
1277 615 103 63 licet
1345 615 80 63 non
1391 615 91 63 sint
1448 615 171 63 extrinseca:
1585 615 91 63 quia
1642 615 171 63 intentiones
1779 615 103 63 eorum
1848 615 91 63 sunt
1905 615 114 63 instra
1973 615 69 63 sen¬-

1139 657 104 67 suum
1204 657 233 67 indifferenter:
1398 657 104 67 siue
1463 657 104 67 iste
1527 657 194 67 intentiones
1683 657 142 67 veniant
1786 657 78 67 ab
1825 657 194 67 intrinseco:
1967 657 78 67 siue

1132 706 78 63 ab
1171 706 181 63 extriseco:
1313 706 91 63 hec
1365 706 207 63 Commentator.
1534 706 65 63 ⁋
1560 706 78 63 Ex
1598 706 91 63 quo
1650 706 130 63 patet.
1741 706 104 63 quod
1806 706 117 63 visio
1884 706 91 63 est
1935 706 78 63 in
1961 706 78 63 ocu¬-

1132 755 85 51 lo
1174 755 199 51 somniantis
1330 755 85 51 se
1373 755 156 51 videre:
1487 755 85 51 et
1529 755 156 51 auditio
1643 755 85 51 in
1685 755 156 51 auditu:
1799 755 85 51 et
1841 755 142 51 tactus
1941 755 85 51 in
1969 755 71 51 ta¬-

1135 787 99 78 ctu
1191 787 85 78 in
1234 787 170 78 absentia
1361 787 127 78 reali
1446 787 212 78 obiectorum.
1615 787 71 78 ⁋
1643 787 85 78 3a
1686 787 155 78 apparet
1799 787 85 78 in
1841 787 198 78 timentibus
1982 787 71 78 qui

1124 830 140 66 sonos
1218 830 171 66 audiunt
1342 830 93 66 et
1389 830 218 66 terribilia
1560 830 156 66 vident
1669 830 202 66 dissoluti
1825 830 171 66 timore.
1934 830 109 66 teste

1120 874 216 66 Commentatore
1296 874 95 66 vbi
1350 874 135 66 supra:
1445 874 95 66 qui
1499 874 95 66 ait
1553 874 108 66 quod
1621 874 95 66 hoc
1675 874 149 66 accidit
1783 874 189 66 habentibus
1918 874 122 66 timorem

1134 921 73 55 et
1170 921 146 55 infirmis
1280 921 134 55 propter
1377 921 182 55 debilitatem
1523 921 146 55 virtutis
1632 921 170 55 cogitatiue
1766 921 97 55 quae
1827 921 195 55 dissoluitur.
1973 921 73 55 vnde

1115 969 142 62 accidit
1218 969 90 62 eis
1270 969 155 62 accidens
1386 969 116 62 tale.
1463 969 65 62 ⁋
1489 969 77 62 4a
1528 969 90 62 est
1580 969 103 62 quod
1644 969 77 62 in
1683 969 194 62 ludificatis
1838 969 77 62 de
1876 969 129 62 quibus
1954 969 77 62 con¬-

1133 1004 85 63 tat
1181 1004 60 63 a
1205 1004 109 63 notum
1278 1004 85 63 est
1326 1004 133 63 omnibus
1423 1004 97 63 quod
1483 1004 121 63 vident
1568 1004 72 63 ea
1604 1004 97 63 quae
1665 1004 85 63 non
1713 1004 109 63 sunt:
1785 1004 72 63 vt
1822 1004 121 63 castra
1906 1004 109 63 canes
1967 1004 60 63 le¬-

1126 1049 119 68 pores
1205 1049 79 68 et
1244 1049 158 68 similia.
1363 1049 66 68 ⁋
1389 1049 79 68 5a
1429 1049 79 68 in
1468 1049 184 68 habentibus
1613 1049 132 68 oculos
1705 1049 132 68 molles
1798 1049 79 68 in
1837 1049 132 68 quibus
1929 1049 92 68 cum
1969 1049 79 68 vide

1123 1096 111 61 rint
1193 1096 139 61 rubeum
1290 1096 167 61 aliquod:
1415 1096 223 61 dereliquitur
1596 1096 125 61 visio
1680 1096 139 61 rubei:
1777 1096 97 61 ita
1833 1096 84 61 vt
1875 1096 139 61 rubeum
1958 1096 70 61 ap¬-

1126 1138 114 60 pareat
1206 1138 80 60 eis
1251 1138 92 60 omne
1309 1138 92 60 quod
1366 1138 126 60 vident.
1458 1138 69 60 Et
1492 1138 69 60 ex
1526 1138 80 60 hoc
1572 1138 137 60 inferunt
1675 1138 137 60 vlterius
1778 1138 92 60 quod
1835 1138 149 60 similiter
1938 1138 92 60 intui¬-

1122 1185 85 58 tiua
1175 1185 158 58 intellectus
1302 1185 106 58 potest
1376 1185 85 58 esse
1429 1185 85 58 sine
1482 1185 211 58 praesentialitate
1661 1185 127 58 obiecti:
1756 1185 85 58 quia
1809 1185 158 58 intellectus
1936 1185 74 58 est
1978 1185 74 58 ab¬

1124 1220 167 68 stractior
1252 1220 77 68 et
1291 1220 115 68 magis
1368 1220 205 68 independens:
1534 1220 102 68 quam
1598 1220 141 68 sensus.
1701 1220 77 68 Ex
1739 1220 90 68 hoc
1790 1220 115 68 etiam
1867 1220 128 68 addunt
1944 1220 77 68 quod

1117 1266 104 64 deus
1182 1266 116 64 talem
1259 1266 181 64 intuitiuam
1402 1266 155 64 noticiam
1518 1266 129 64 potest
1609 1266 129 64 facere
1699 1266 104 64 sine
1764 1266 259 64 praesentialitate
1971 1266 65 64 ob¬-

1116 1307 119 62 iecti:
1199 1307 95 62 quia
1259 1307 154 62 potentior
1377 1307 83 62 est
1425 1307 107 62 deus:
1496 1307 95 62 quam
1555 1307 83 62 sit
1603 1307 83 62 ars
1650 1307 71 62 et
1686 1307 95 62 nam:
1745 1307 83 62 sed
1793 1307 83 62 per
1840 1307 107 62 artem
1911 1307 83 62 fit
1947 1307 83 62 visio

1119 1352 122 66 absque
1204 1352 244 66 praesentialitate
1412 1352 134 66 obiecti
1509 1352 171 66 visibilis:
1644 1352 73 66 vt
1680 1352 110 66 patet
1753 1352 73 66 in
1790 1352 183 66 ludificatis
1937 1352 73 66 et
1961 1352 61 66 per

1124 1396 149 60 naturam
1232 1396 81 60 in
1272 1396 216 60 somniantibus
1448 1396 189 60 timentibus
1596 1396 81 60 et
1637 1396 176 60 infirmis:
1772 1396 81 60 vt
1812 1396 122 60 supra
1880 1396 149 60 docuerunt

1109 1444 168 64 Commenta.
1239 1444 78 64 et
1277 1444 104 64 Aug.
1342 1444 130 64 igitur
1433 1444 117 64 multo
1511 1444 143 64 fortius
1614 1444 130 64 potest
1705 1444 104 64 deus
1770 1444 91 64 hoc
1822 1444 143 64 facere.
1925 1444 65 64 ⁋
1951 1444 78 64 2a
1977 1444 65 64 via

1116 1483 86 61 (vt
1165 1483 135 61 dicunt)
1263 1483 99 61 idem
1325 1483 148 61 probandi
1436 1483 148 61 procedit
1547 1483 62 61 a
1571 1483 135 61 priori.
1670 1483 86 61 Nam
1719 1483 99 61 deus
1781 1483 123 61 potest
1867 1483 123 61 facere
1941 1483 86 61 quic¬-

1109 1535 102 48 quid
1173 1535 89 48 non
1224 1535 153 48 implicat
1339 1535 242 48 contradictionem
1543 1535 77 48 et
1581 1535 179 48 conseruare
1722 1535 191 48 fundamentum
1862 1535 153 48 relationis

1114 1577 161 51 corrupto
1234 1577 148 51 termino
1342 1577 81 51 et
1382 1577 188 51 transeunte
1530 1577 188 51 respectum:
1678 1577 94 51 sed
1731 1577 121 51 visio
1812 1577 215 51 intellectiua
1973 1577 54 51 et

1116 1610 161 60 sensitiua:
1242 1610 69 60 et
1277 1610 196 60 universaliter
1438 1610 104 60 omnis
1507 1610 150 60 intuitiua
1622 1610 127 60 noticia
1714 1610 81 60 est
1760 1610 127 60 aliquid
1852 1610 150 60 absolutum
1955 1610 69 60 fun¬-

1114 1654 110 66 dans
1183 1654 178 66 respectum
1320 1654 82 66 ad
1361 1654 96 66 rem
1416 1654 178 66 intuitiue
1553 1654 178 66 cognitam:
1690 1654 123 66 igitr
1772 1654 110 66 deus
1841 1654 151 66 poterit
1937 1654 82 66 con¬-

1106 1696 139 66 seruare
1207 1696 190 66 intuitionem
1359 1696 101 66 eius
1422 1696 164 66 absolutam
1549 1696 152 66 corrupto
1662 1696 164 66 respectum
1789 1696 76 66 et
1826 1696 88 66 rei
1864 1696 152 66 praesentia

1115 1737 134 66 litate
1208 1737 94 66 non
1262 1737 187 66 existente.
1409 1737 67 66 ⁋
1435 1737 94 66 hec
1489 1737 147 66 opinio:
1596 1737 147 66 quaeuis
1703 1737 134 66 aliqua
1796 1737 107 66 vera
1863 1737 134 66 dicat:
1943 1737 94 66 plura

1113 1780 111 76 tamen
1186 1780 74 76 vt
1223 1780 98 76 mihi
1285 1780 135 76 apparet
1383 1780 111 76 dicit
1457 1780 123 76 falsa.
1543 1780 98 76 ideo
1605 1780 123 76 contra
1691 1780 98 76 eam:
1752 1780 74 76 et
1789 1780 86 76 pro
1838 1780 160 76 solutione
1949 1780 86 76 dubii

1114 1825 110 70 pono
1183 1825 110 70 tres
1252 1825 220 70 conclusiones
1431 1825 69 70 ⁋
1458 1825 124 70 Prima
1541 1825 96 70 est
1596 1825 110 70 quod
1665 1825 179 70 sensualis
1803 1825 151 70 noticia
1899 1825 124 70 exteri¬-

1109 1870 69 64 or
1144 1870 81 64 non
1190 1870 115 64 potest
1271 1870 173 64 naturaliter
1410 1870 104 64 fieri
1479 1870 115 64 absque
1560 1870 127 64 obiecto
1652 1870 150 64 sensibili
1768 1870 162 64 existente.
1895 1870 58 64 ⁋
1918 1870 69 64 2a
1941 1870 69 64 quod

1102 1917 89 58 nec
1153 1917 128 58 potest
1243 1917 192 58 naturaliter
1396 1917 153 58 remanere
1511 1917 77 58 eo
1549 1917 179 58 distructo:
1690 1917 89 58 sic
1741 1917 102 58 quod
1805 1917 115 58 ipsum
1869 1917 153 58 distructum

1116 1956 166 64 videretur.
1247 1956 59 64 ⁋
1270 1956 71 64 3a
1306 1956 95 64 quod
1365 1956 83 64 per
1413 1956 131 64 diuinam
1508 1956 154 64 potentiam
1626 1956 166 64 absolutam:
1757 1956 71 64 et
1792 1956 107 64 fieri
1864 1956 119 64 potest
1947 1956 83 64 ta¬

1110 1995 86 61 lis
1159 1995 148 61 sensatio
1270 1995 99 61 sine
1332 1995 136 61 obiecto
1430 1995 173 61 existente.
1566 1995 74 61 et
1603 1995 111 61 facta
1677 1995 99 61 siue
1738 1995 62 61 a
1763 1995 86 61 deo
1812 1995 136 61 tantum:
1911 1995 99 61 siue
1960 1995 62 61 est

1113 2040 71 66 ab
1149 2040 130 66 obiecto
1244 2040 154 66 sensibili
1362 2040 178 66 partialiter
1504 2040 119 66 potest
1587 2040 71 66 et
1623 2040 59 66 a
1647 2040 95 66 solo
1706 2040 83 66 deo
1753 2040 166 66 conseruari
1884 2040 95 66 illo
1931 2040 95 66 distru

1111 2085 89 64 cto.
1166 2085 56 64 ⁋
1189 2085 111 64 Primam
1266 2085 178 64 conclusionem
1411 2085 100 64 probo
1478 2085 89 64 sic:
1533 2085 67 64 si
1567 2085 111 64 posset
1644 2085 167 64 naturaliter
1778 2085 122 64 causari
1867 2085 67 64 in
1900 2085 100 64 nobis
1955 2085 56 64 vi¬-

1116 2124 83 69 sio
1164 2124 142 69 alicuius
1270 2124 83 69 non
1317 2124 178 69 existentis:
1460 2124 107 69 eadem
1531 2124 130 69 ratione
1625 2124 83 69 vel
1673 2124 130 69 maiori:
1767 2124 107 69 visio
1838 2124 166 69 existentis
1957 2124 59 69 re¬-

1106 2171 91 60 moti
1163 2171 194 60 quantumcumque
1322 2171 68 60 et
1357 2171 125 60 occulti
1448 2171 160 60 consequens
1573 2171 80 60 est
1619 2171 148 60 manifeste
1733 2171 114 60 contra
1813 2171 182 60 experientiam
1950 2171 68 60 com¬-

1103 2218 127 59 munem.
1192 2218 203 59 consequentia
1357 2218 114 59 clara
1434 2218 102 59 est:
1497 2218 76 59 vt
1535 2218 102 59 puto
1599 2218 152 59 cuilibet
1713 2218 216 59 consideranti.
1891 2218 89 59 Nam
1929 2218 89 59 nullo

1110 2262 156 58 existente
1230 2262 132 58 aliquod
1326 2262 144 58 existens
1434 2262 132 58 ceteris
1530 2262 132 58 paribus
1627 2262 108 58 magis
1699 2262 156 58 possibile
1819 2262 144 58 sentiri:
1915 2262 96 58 saltem

1111 2310 92 56 tale
1168 2310 92 56 quod
1226 2310 69 56 si
1260 2310 115 56 esset:
1341 2310 104 56 esset
1410 2310 127 56 eiusdem
1502 2310 138 56 rationis
1605 2310 81 56 cum
1651 2310 150 56 sensibili
1766 2310 161 56 existente:
1893 2310 81 56 nec
1927 2310 92 56 aliqua

1110 2341 76 59 res
1154 2341 142 59 naturalis
1263 2341 109 59 potest
1339 2341 131 59 fortiius
1437 2341 120 59 causare
1524 2341 131 59 noticiam
1623 2341 76 59 non
1666 2341 153 59 existentis
1786 2341 164 59 sensibilis:
1917 2341 87 59 quam
1960 2341 55 59 si¬-

1107 2391 71 59 bi
1143 2391 131 59 similis
1238 2391 143 59 existens
1345 2391 155 59 vbicumque
1464 2391 71 59 et
1500 2391 214 59 qualitercumque
1678 2391 95 59 sit.
1737 2391 59 59 ⁋
1761 2391 190 59 Confirmatur:
1916 2391 95 59 quia
1963 2391 48 59 si

1101 2431 135 58 aliquod
1199 2431 147 58 sensatum
1310 2431 86 58 non
1359 2431 147 58 existens
1469 2431 86 58 (si
1518 2431 135 58 aliquod
1617 2431 111 58 detur
1691 2431 111 58 tale)
1764 2431 160 58 poneretur
1887 2431 74 58 in
1924 2431 111 58 esse:

1098 2478 109 58 adhuc
1170 2478 109 58 ipsum
1243 2478 72 58 si
1279 2478 109 58 esset
1351 2478 157 58 occultum:
1472 2478 84 58 non
1520 2478 121 58 posset
1605 2478 133 58 taliter
1701 2478 145 58 existens
1810 2478 181 58 naturaliter
1943 2478 60 58 vi¬-

1109 2517 106 64 deri:
1180 2517 106 64 multo
1250 2517 117 64 igitur
1332 2517 106 64 minus
1403 2517 129 64 videtur
1497 2517 164 64 possibile:
1626 2517 70 64 vt
1661 2517 117 64 quando
1744 2517 82 64 non
1791 2517 129 64 existit
1873 2517 129 64 videatur.

1104 2560 60 66 ⁋
1128 2560 72 66 2o
1164 2560 72 66 si
1199 2560 107 66 esset
1271 2560 155 66 possibile
1390 2560 179 66 naturaliter
1533 2560 131 66 causari
1629 2560 155 66 visionem:
1748 2560 83 66 aut
1796 2560 107 66 aliam
1855 2560 167 66 sensationem.

1106 2612 61 50 de
1136 2612 71 50 non
1177 2612 142 50 existente:
1288 2612 71 50 aut
1329 2612 81 50 ergo
1380 2612 61 50 de
1410 2612 112 50 obiecto
1491 2612 71 50 non
1532 2612 132 50 existente
1633 2612 81 50 quod
1684 2612 132 50 aliquando
1785 2612 91 50 tamen
1846 2612 91 50 fuit:
1907 2612 71 50 aut
1937 2612 61 50 quod

1106 2647 130 66 aliquando
1206 2647 90 66 erit:
1266 2647 70 66 aut
1306 2647 80 66 quod
1356 2647 70 66 non
1396 2647 90 66 fuit:
1456 2647 70 66 nec
1496 2647 90 66 erit.
1556 2647 70 66 est
1596 2647 90 66 tamen
1656 2647 130 66 possibile
1756 2647 90 66 esse:
1816 2647 80 66 quia
1866 2647 60 66 de
1886 2647 130 66 impossibili

1103 2694 90 61 non
1155 2694 142 61 videtur
1258 2694 103 61 dici
1323 2694 116 61 posse
1400 2694 77 61 eo
1439 2694 103 61 quod
1503 2694 129 61 nullum
1594 2694 194 61 impossibile
1749 2694 90 61 est
1800 2694 181 61 sensibile:
1930 2694 77 61 quod

1098 2733 91 66 si
1143 2733 136 66 tamen
1234 2733 196 66 diceretur
1385 2733 196 66 improbari
1536 2733 166 66 posset:
1657 2733 136 66 sicut
1747 2733 242 66 praecedentia
1928 2733 76 66 di¬-

1094 2784 183 58 uisionis
1231 2784 168 58 membra.
1353 2784 92 58 Si
1399 2784 137 58 detur
1491 2784 168 58 primum:
1613 2784 183 58 sequitur
1750 2784 122 58 quod
1827 2784 107 58 est
1873 2784 137 58 natura¬-

1097 2823 153 58 liter
1199 2823 221 58 possibile
1369 2823 119 58 per
1437 2823 136 58 vnam
1522 2823 204 58 visionem
1675 2823 153 58 simul
1777 2823 170 58 videri
1879 2823 119 58 omnes

1087 2874 174 54 colores
1214 2874 111 54 qui
1277 2874 174 54 fuerunt
1403 2874 174 54 similes
1530 2874 126 54 illi
1609 2874 205 54 preterito
1767 2874 111 54 qui
1830 2874 174 54 ponitur
1941 2874 63 54 vi

1086 2912 133 59 deri
1170 2912 133 59 quod
1253 2912 167 59 nullus
1370 2912 183 59 diceret
1503 2912 133 59 sane
1586 2912 183 59 mentis.
1720 2912 150 59 patet
1803 2912 200 59 consequen¬-

1088 2955 117 60 tia:
1161 2955 117 60 quia
1235 2955 146 60 posita
1337 2955 146 60 aliqua
1439 2955 117 60 tali
1512 2955 161 60 visione
1629 2955 88 60 in
1673 2955 117 60 esse
1746 2955 102 60 qua
1805 2955 161 60 ratione
1907 2955 88 60 vnus

1098 2996 188 62 videbitur
1242 2996 87 62 et
1286 2996 174 62 quilibet
1416 2996 116 62 sibi
1488 2996 174 62 similis:
1619 2996 101 62 qui
1677 2996 159 62 numquam
1792 2996 130 62 fuit:
1865 2996 130 62 quoniam

1087 3046 171 65 nullus
1207 3046 274 65 preteritorum
1430 3046 206 65 similium
1584 3046 137 65 plus
1669 3046 171 65 habet:
1789 3046 120 65 aut
1841 3046 154 65 natura¬
