2458 3497
166 246 76 60 et
204 246 115 60 ipsis
281 246 89 60 est
332 246 115 60 rebus
408 246 115 60 visis
485 246 127 60 petrus
574 246 153 60 currere.
688 246 102 60 tale
752 246 115 60 autem
828 246 166 60 iudicium:
956 246 76 60 vt
981 246 102 60 dictum

159 289 97 62 est:
220 289 73 62 in
256 289 97 62 casu
317 289 97 62 illo
377 289 85 62 non
426 289 121 62 esset.
511 289 61 62 ⁋
535 289 73 62 Si
572 289 134 62 dicatur
669 289 97 62 quod
730 289 85 62 qua
778 289 134 62 ratione
876 289 97 62 deus
936 289 121 62 potest
1009 289 73 62 sim-

170 332 119 63 plicem
253 332 107 63 illam
325 332 143 63 notitiam
432 332 166 63 conseruare
562 332 95 63 eius
622 332 131 63 obiecto
717 332 83 63 non
764 332 166 63 existente:
895 332 107 63 eadem
966 332 119 63 potest
1037 332 48 63 et

168 377 98 51 hanc
229 377 147 51 notitiam
340 377 172 51 complexam.
474 377 61 51 ⁋
499 377 74 51 Ad
536 377 86 51 hoc
585 377 86 51 pro
634 377 98 51 nunc
695 377 98 51 mihi
757 377 135 51 videtur
855 377 147 51 dicendum
965 377 98 51 quod
1014 377 74 51 bene

168 417 109 56 illam
241 417 121 56 potest
325 417 182 56 conseruare:
471 417 85 56 sed
519 417 85 56 non
567 417 97 56 sic:
628 417 97 56 quod
689 417 85 56 sic
737 417 170 56 conseruata
870 417 97 56 ipsa
931 417 85 56 sit
967 417 109 56 notitia

166 468 99 56 vel
222 468 170 56 iudicium
350 468 142 56 illius
449 468 170 56 complexi
576 468 142 56 petrum
675 468 170 56 currere:
803 468 113 56 sine
874 468 99 56 qua
916 468 170 56 cognoscam-

170 514 97 53 vel
225 514 152 53 iudicem
336 514 138 53 petrum
433 514 166 53 currere:
557 514 97 53 non
612 514 138 53 quidem
709 514 193 53 cognoscam:
861 514 111 53 quia
930 514 138 53 falsum
1013 514 69 53 com

157 552 122 58 plexe
239 552 163 58 cognosci
361 552 95 58 non
416 552 150 58 potest:
525 552 82 58 vt
565 552 109 58 bene
633 552 163 58 tangitur
756 552 177 58 arguendo.
892 552 95 58 nec
946 552 122 58 etiam
1014 552 68 58 iu-

162 596 132 56 dicari:
258 596 96 56 quia
318 596 96 56 tunc
378 596 96 56 deus
438 596 84 56 per
486 596 72 56 se
522 596 72 56 et
558 596 132 56 directe
653 596 72 56 me
689 596 156 56 falleret:
809 596 96 56 quod
869 596 84 56 est
905 596 168 56 impossibile:

166 631 68 70 vt
200 631 170 70 probabitur.
336 631 170 70 distinction
472 631 68 70 2.
506 631 91 70 quod
563 631 91 70 ergo
619 631 91 70 dico
676 631 91 70 quod
733 631 102 70 illam
801 631 147 70 entitatem
914 631 113 70 posset
982 631 91 70 vtique

156 683 174 53 conseruare
292 683 87 53 vel
342 683 100 53 sine
404 683 162 53 subiecto:
529 683 87 53 vel
578 683 75 53 si
616 683 75 53 in
653 683 162 53 subiecto:
777 683 87 53 sic
827 683 100 53 quod
889 683 100 53 ipsa
952 683 87 53 non
989 683 87 53 esset

149 723 132 63 notitia
245 723 84 63 nec
293 723 156 63 iudicium.
412 723 84 63 non
460 723 156 63 similiter
580 723 96 63 dici
640 723 120 63 potest
724 723 72 63 de
760 723 144 63 simplici
867 723 144 63 notitia:
963 723 108 63 quoniam

156 767 75 59 ad
193 767 87 59 hoc
243 767 75 59 vt
280 767 87 59 sit
330 767 149 59 notitia:
442 767 87 59 non
492 767 149 59 requirit
604 767 100 59 quod
666 767 149 59 obiectum
778 767 100 59 eius
840 767 149 59 existat:
952 767 112 59 sicut
1027 767 75 59 ad

150 805 87 58 hoc
199 805 100 58 quod
262 805 137 58 notitia
361 805 149 58 complexa
473 805 87 58 sit
523 805 149 58 notitia:
635 805 174 58 requiritur
771 805 100 58 quod
834 805 87 58 sit
883 805 87 58 sic
933 805 112 58 sicut
995 805 75 58 ipsa

148 853 194 65 significat.
303 853 103 65 vnde
367 853 116 65 omnes
445 853 168 65 catholici
574 853 181 65 communiter
716 853 181 65 concedunt:
858 853 103 65 quod
922 853 103 65 deus
974 853 90 65 cogno

152 897 94 64 scit
211 897 71 64 et
246 897 141 64 intuetur
352 897 200 64 antichristum:
517 897 71 64 et
553 897 106 64 tamen
623 897 118 64 nullus
706 897 106 64 dicit
777 897 94 64 quod
835 897 94 64 deus
894 897 153 64 cognoscit
1000 897 71 64 nunc

152 944 195 59 antichristum
310 944 97 59 esse
371 944 85 59 vel
420 944 183 59 praedicare:
566 944 97 59 siue
627 944 97 59 quod
687 944 195 59 antichristus
846 944 97 59 nunc
907 944 97 59 est:
967 944 73 59 et
992 944 85 59 predi

151 985 111 59 cat:
220 985 152 59 notitia
331 985 138 59 inquam
428 985 166 59 complexa
552 985 83 59 et
593 985 207 59 iudicatiua.
759 985 69 59 ⁋
787 985 111 59 Nunc
856 985 83 59 ad
897 985 166 59 rationes
1008 985 69 59 opi

148 1024 141 69 nionis.
250 1024 64 69 ⁋
276 1024 77 69 Ad
314 1024 128 69 primam
404 1024 153 69 dicendum
519 1024 102 69 est:
583 1024 89 69 nec
634 1024 192 69 auctoritate
787 1024 102 69 Aug.
851 1024 89 69 nec
889 1024 179 69 experientiam

140 1067 107 63 quam
207 1067 147 63 adducit
314 1067 80 63 ad
354 1067 187 63 propositum
501 1067 147 63 facere:
608 1067 147 63 quoniam
715 1067 80 63 in
755 1067 107 63 tali
822 1067 107 63 casu
889 1067 134 63 nullus
969 1067 107 63 experi

150 1118 95 49 tur
205 1118 82 49 se
246 1118 136 49 videre
341 1118 122 49 solem
423 1118 95 49 vel
477 1118 190 49 luminaria:
627 1118 109 49 quae
695 1118 122 49 prius
776 1118 109 49 ipse
844 1118 204 49 intuebatur:
994 1118 68 49 nec

136 1152 97 66 hoc
191 1152 124 66 dicit
274 1152 111 66 Aug.
343 1152 97 66 sed
399 1152 124 66 dicit
482 1152 111 66 quod
551 1152 180 66 versantur
689 1152 83 66 in
730 1152 180 66 conspectu
869 1152 138 66 quidam
952 1152 124 66 colores

139 1200 128 64 lucidi
229 1200 77 64 et
268 1200 103 64 quod
332 1200 103 64 illi
396 1200 103 64 sunt
460 1200 154 64 reliquie
576 1200 128 64 illius
666 1200 128 64 forme:
756 1200 103 64 quae
820 1200 116 64 facta
897 1200 103 64 erat
961 1200 77 64 in
987 1200 77 64 sen-

144 1246 86 58 su:
193 1246 99 58 ideo
255 1246 136 58 videtur
353 1246 99 58 quia
415 1246 148 58 versatur
526 1246 74 58 in
563 1246 173 58 conspectu:
698 1246 74 58 et
735 1246 111 58 illud
809 1246 86 58 non
858 1246 86 58 est
908 1246 86 58 sol
957 1246 86 58 aut
994 1246 74 58 lumi

138 1292 117 52 nare
212 1292 147 52 visum:
314 1292 103 52 sed
373 1292 176 52 reliquia
505 1292 132 52 forme
593 1292 132 52 facte
681 1292 103 52 per
740 1292 132 52 solem
828 1292 88 52 in
872 1292 147 52 organo
960 1292 103 52 visus

146 1326 131 68 secundum
245 1326 88 68 Aug.
299 1326 77 68 ita
343 1326 88 68 quod
398 1326 66 68 ex
430 1326 77 68 hoc
474 1326 77 68 non
518 1326 131 68 habentur
616 1326 88 68 quod
671 1326 131 68 videatur
770 1326 77 68 non
813 1326 142 68 existens:
923 1326 77 68 nec
967 1326 88 68 quod
1010 1326 55 68 vi-

134 1376 123 60 deatur
220 1376 135 60 absens:
318 1376 98 60 quia
379 1376 98 60 ille
441 1376 147 60 reliquie
551 1376 74 60 et
588 1376 111 60 sunt:
662 1376 74 60 et
699 1376 172 60 praesentes
834 1376 111 60 sunt.
907 1376 61 60 ⁋
932 1376 86 60 Sed
969 1376 98 60 dices:

138 1414 97 68 Aug.
199 1414 110 68 dicit
272 1414 97 68 quod
333 1414 97 68 ipsa
394 1414 97 68 erat
455 1414 122 68 visio.
540 1414 122 68 igitur
625 1414 97 68 nunc
686 1414 85 68 est
735 1414 122 68 visio:
820 1414 73 68 et
857 1414 134 68 constat
954 1414 97 68 quod
1003 1414 61 68 non

131 1467 163 51 alterius:
257 1467 101 51 quam
320 1467 101 51 eius
383 1467 113 51 cuius
458 1467 113 51 prius
534 1467 113 51 erat.
609 1467 63 51 ⁋
634 1467 163 51 Praeterea
760 1467 163 51 sensibile
886 1467 138 51 positum
974 1467 88 51 supra

137 1502 131 57 sensum
228 1502 91 57 non
281 1502 118 57 facit
359 1502 209 57 sensationem.
529 1502 131 57 igitur
620 1502 104 57 ille
685 1502 118 57 forme
764 1502 104 57 quae
829 1502 157 57 videntur
946 1502 91 57 non
986 1502 78 57 sunt

139 1545 69 65 in
173 1545 114 65 sensu.
253 1545 114 65 igitur
333 1545 114 65 extra:
413 1545 80 65 vel
458 1545 80 65 non
504 1545 103 65 sunt.
573 1545 69 65 Si
607 1545 80 65 non
653 1545 103 65 sunt:
721 1545 103 65 videt
790 1545 80 65 non
836 1545 149 65 existens:
950 1545 69 65 si
973 1545 91 65 extra:

126 1598 97 57 non
181 1598 124 57 videt
264 1598 110 57 quid
333 1598 124 57 aliud
416 1598 124 57 sint:
499 1598 110 57 quam
568 1598 110 57 ipsa
637 1598 193 57 sensibilia
789 1598 124 57 prius
872 1598 124 57 visa:
955 1598 83 57 et
982 1598 83 57 tunc

137 1636 154 61 sequitur
253 1636 103 61 quod
317 1636 141 61 videtur
420 1636 141 61 absens.
523 1636 64 61 ⁋
548 1636 77 61 Ad
587 1636 128 61 primum
677 1636 154 61 dicendum
792 1636 103 61 quod
856 1636 116 61 sicut
934 1636 116 61 visus
998 1636 64 61 du-

131 1676 156 58 pliciter
248 1676 169 58 accipitur
377 1676 156 58 scilicet
494 1676 91 58 pro
546 1676 130 58 instro
637 1676 156 58 corporeo
754 1676 91 58 seu
806 1676 130 58 organo
896 1676 91 58 quo
935 1676 130 58 mediante

139 1723 88 56 fit
190 1723 113 56 visio
265 1723 88 56 quo
315 1723 75 56 in
352 1723 113 56 primo
427 1723 150 56 caprieo:
540 1723 138 56 accipit
640 1723 100 56 Aug.
702 1723 100 56 vnde
765 1723 88 56 ait
815 1723 100 56 quod
877 1723 113 56 anima
940 1723 125 56 commixta

137 1771 152 49 corpori
248 1771 97 49 per
303 1771 166 49 inststem
428 1771 138 49 sentit
525 1771 194 49 corporeum.
677 1771 83 49 et
718 1771 111 49 idem
787 1771 180 49 instnetum
926 1771 125 49 visus
995 1771 69 49 vo-

145 1812 119 44 catur:
228 1812 83 44 aut
276 1812 119 44 sensus
359 1812 119 44 alius.
443 1812 95 44 Alio
502 1812 107 44 modo:
574 1812 155 44 accipitur
693 1812 83 44 pro
740 1812 95 44 ipsa
800 1812 71 44 vi
836 1812 131 44 visiua:
931 1812 71 44 in
967 1812 83 44 qua
1002 1812 48 44 in

127 1852 143 57 mediate
231 1852 117 57 sicut
309 1852 78 57 in
348 1852 156 57 subiecto
465 1852 169 57 recipitur
595 1852 117 57 actus
673 1852 104 57 ille
738 1852 143 57 vitalis
842 1852 91 57 quo
881 1852 169 57 cognoscitur

136 1893 125 62 ipsum
220 1893 181 62 visibile:
359 1893 97 62 quo
414 1893 125 62 visum
498 1893 195 62 frequenter
651 1893 153 62 accipit
762 1893 139 62 auctor
859 1893 83 62 de
901 1893 153 62 spirium
998 1893 56 62 et

134 1942 117 53 anima.
216 1942 82 53 Sic
263 1942 105 53 etiam
333 1942 105 53 visio
403 1942 164 53 dupliciter
532 1942 152 53 accipitur
649 1942 140 53 scilicet
754 1942 82 53 pro
801 1942 105 53 forma
871 1942 164 53 informante
988 1942 59 53 vi-

134 1980 90 56 sum
186 1980 116 56 primo
263 1980 103 56 modo
327 1980 167 56 acceptum:
455 1980 77 56 et
494 1980 90 56 sic
545 1980 141 56 accipit
648 1980 103 56 Aug.
712 1980 90 56 cum
763 1980 103 56 ait.
828 1980 77 56 et
866 1980 103 56 ipsa
930 1980 103 56 erat
982 1980 64 56 vi-

130 2023 91 59 sio:
186 2023 91 59 quod
243 2023 114 59 patet:
323 2023 91 59 quia
379 2023 79 59 ibi
425 2023 102 59 dicit
493 2023 91 59 quod
550 2023 102 59 forma
618 2023 91 59 quae
674 2023 114 59 sensui
754 2023 57 59 a
777 2023 136 59 visibili
879 2023 170 59 imprimitur:
1004 2023 45 59 vo

129 2072 117 52 catur
207 2072 130 52 visio:
298 2072 78 52 et
337 2072 91 52 hoc
388 2072 143 52 pluries
492 2072 156 52 repetit.
609 2072 78 52 et
648 2072 130 52 iterum
739 2072 104 52 quod
804 2072 182 52 informatio
933 2072 117 52 sensus:

141 2112 109 57 visus
214 2112 146 57 dicitur.
323 2112 97 57 Alio
384 2112 97 57 modo
445 2112 158 57 accipitur
567 2112 85 57 pro
615 2112 97 57 actu
676 2112 122 57 vitali
761 2112 85 57 qui
810 2112 85 57 est
859 2112 109 57 forma
932 2112 109 57 visus
992 2112 49 57 ot

127 2154 101 57 modo
190 2154 151 57 accepti:
304 2154 76 57 et
341 2154 76 57 de
379 2154 101 57 tali
442 2154 138 57 visione
543 2154 88 57 non
593 2154 151 57 loquitur
706 2154 101 57 Aug.
769 2154 138 57 Constat
870 2154 101 57 enim
933 2154 101 57 quod
983 2154 63 57 tas

126 2196 100 62 lis
183 2196 100 62 non
240 2196 100 62 est
298 2196 187 62 visibilis
441 2196 172 62 mediante
570 2196 143 62 instro
671 2196 187 62 corporeo.
814 2196 86 62 Ad
857 2196 115 62 idem
915 2196 129 62 dicenum

121 2247 102 54 quod
185 2247 102 54 ille
248 2247 153 54 reliquie
363 2247 102 54 sunt
426 2247 76 54 in
464 2247 153 54 partibus
579 2247 203 54 exterioribus
744 2247 127 54 oculi:
833 2247 89 54 vbi
884 2247 89 54 non
922 2247 127 54 causatur

124 2289 179 47 sensatio:
262 2289 83 47 et
304 2289 110 47 ideo
373 2289 97 47 non
428 2289 97 47 est
483 2289 179 47 sensibile
621 2289 152 47 positum
732 2289 124 47 supra
814 2289 152 47 sensum.
925 2289 69 47 ⁋
952 2289 83 47 Ad
980 2289 69 47 2am

127 2330 201 57 experientiam
291 2330 76 57 de
329 2330 252 57 saectniniantibus
543 2330 113 57 dico:
618 2330 101 57 quod
681 2330 101 57 illa
744 2330 151 57 sensatio
857 2330 88 57 non
908 2330 88 57 est
945 2330 101 57 absque

135 2376 166 47 praesentia
265 2376 130 47 obiecti
360 2376 154 47 immediate
479 2376 142 47 cogniti.
585 2376 142 47 Duieumum
692 2376 107 47 autem
763 2376 142 47 praesens
869 2376 83 47 est
917 2376 130 47 species
1000 2376 47 47 in

130 2422 135 48 instro
224 2422 135 48 sensus
318 2422 216 48 particularis
494 2422 162 48 secundum
615 2422 243 48 Commentatorem:
818 2422 108 48 quam
872 2422 175 48 apprehendit

132 2462 121 49 sensus
217 2462 158 49 communis:
338 2462 85 49 qui
387 2462 121 49 sentit
472 2462 85 49 per
521 2462 121 49 instra
606 2462 121 49 omnium
691 2462 146 49 sensuum:
800 2462 73 49 vt
836 2462 109 49 dicit
897 2462 146 49 Commentaen

136 2506 119 51 eodem
215 2506 172 51 tractatu.
348 2506 80 51 Et
388 2506 106 51 quia
454 2506 80 51 in
494 2506 146 51 sectino
600 2506 93 51 non
653 2506 172 51 discernit
786 2506 146 51 speciem
892 2506 93 51 rei
945 2506 80 51 ab
971 2506 80 51 ipsa

142 2549 92 52 re:
194 2549 144 52 videtur
299 2549 184 52 sntinianti
444 2549 105 52 quod
509 2549 105 52 ipse
575 2549 171 52 percipiat
706 2549 171 52 immediate
837 2549 105 52 ipsa
890 2549 157 52 sensibilia

143 2593 181 52 exteriora:
285 2593 77 52 et
324 2593 155 52 iudicium
440 2593 129 52 vtique
530 2593 129 52 falsum
621 2593 103 52 est:
685 2593 77 52 et
724 2593 90 52 hoc
776 2593 103 52 vult
840 2593 129 52 dicere
918 2593 129 52 Commmen-

151 2635 89 55 cum
202 2635 102 55 ait.
266 2635 102 55 quod
330 2635 102 55 homo
393 2635 204 55 comprehendit
559 2635 191 55 sensibilia:
712 2635 115 55 licem
788 2635 89 55 non
839 2635 102 55 sint
890 2635 153 55 extrinsece

142 2676 94 49 qui
195 2676 202 49 intentiones
357 2676 121 49 eorum
437 2676 108 49 sunt
504 2676 81 49 in
545 2676 148 49 instris
652 2676 161 49 sensuum:
773 2676 108 49 quae
840 2676 134 49 supple
921 2676 121 49 immedia

149 2723 78 55 te
188 2723 222 55 apphenduntur:
371 2723 91 55 ita
423 2723 104 55 quod
488 2723 104 55 sunt
554 2723 144 55 obiecta
658 2723 170 55 immediata
789 2723 131 55 illius
867 2723 170 55 sensationis

140 2761 101 62 quae
204 2761 152 62 sensatio
318 2761 76 62 vt
356 2761 127 62 dictum
444 2761 101 62 est:
508 2761 89 62 est
558 2761 114 62 actus
634 2761 127 62 sensus
723 2761 152 62 communis
837 2761 89 62 non
887 2761 127 62 sensus
963 2761 89 62 parti

140 2810 153 52 cularis:
255 2810 89 52 qui
306 2810 77 52 in
344 2810 128 52 sectno
434 2810 89 52 non
485 2810 115 52 habet
561 2810 115 52 actum
638 2810 115 52 suum.
714 2810 102 52 vnde
778 2810 191 52 Commentator
931 2810 77 52 in
957 2810 89 52 primo

151 2848 150 63 capitulo
263 2848 112 63 dicti
338 2848 162 63 tractatus
463 2848 150 63 diffinit
575 2848 137 63 sennum:
675 2848 100 63 quod
737 2848 87 63 est
787 2848 137 63 ligatio
887 2848 87 63 seu
925 2848 112 63 ligamen

141 2895 95 57 tum
196 2895 163 57 virtutum
318 2895 204 57 exteriorum.
482 2895 82 57 Et
522 2895 177 57 vigiliam:
658 2895 109 57 quod
726 2895 95 57 est
781 2895 190 57 dissolutio
917 2895 136 57 eorumden

149 2935 60 60 ⁋
173 2935 169 60 Praeterea.
305 2935 181 60 Commentator
450 2935 84 60 non
498 2935 108 60 dicit
570 2935 84 60 vbi
619 2935 157 60 allegatur
739 2935 96 60 quod
799 2935 96 60 homo
859 2935 72 60 in
896 2935 120 60 sectno
968 2935 72 60 sen-

146 2981 92 55 tit
198 2981 92 55 per
251 2981 144 55 quinque
356 2981 144 55 sensus:
461 2981 92 55 sed
514 2981 118 55 dicit
592 2981 79 55 in
632 2981 131 55 seitno
724 2981 118 55 videt
802 2981 105 55 homo
868 2981 118 55 quasi
934 2981 118 55 sentiat

134 3024 87 60 per
183 3024 137 60 quinque
283 3024 137 60 sensus.
382 3024 75 60 Et
419 3024 112 60 eodem
494 3024 99 60 modo
556 3024 149 60 loquitur
668 3024 75 60 in
705 3024 162 60 principio
829 3024 112 60 dicti
904 3024 174 60 tractatus:

1131 227 73 93 et
1167 227 85 93 hoc
1216 227 109 93 verum
1289 227 97 93 est.
1350 227 85 93 Nam
1398 227 85 93 sic
1447 227 134 93 apparet
1544 227 207 93 sectionianti:
1715 227 73 93 et
1751 227 85 93 sic
1800 227 146 93 iudicat:
1909 227 85 93 sed
1946 227 85 93 tamen

1117 300 88 55 non
1168 300 88 55 est
1218 300 100 55 sic:
1280 300 75 55 et
1318 300 100 55 ideo
1380 300 175 55 decipitur.
1518 300 100 55 vnde
1581 300 75 55 2o
1618 300 225 55 soliloquiorum.
1806 300 88 55 ait
1856 300 113 55 ratio
1931 300 75 55 ad
1956 300 88 55 Augu.

1123 352 110 46 quid
1192 352 96 46 cum
1247 352 123 46 talia
1329 352 96 46 nos
1384 352 164 46 olfacere
1507 352 96 46 aut
1562 352 151 46 gustare
1672 352 96 46 vel
1726 352 151 46 tangere
1836 352 219 46 sentiniamus:

1125 394 122 55 none
1201 394 245 55 multitudinem
1400 394 184 55 imaginum
1538 394 92 55 eo
1584 394 199 55 deteriore
1737 394 122 55 quae
1813 394 92 55 in
1859 394 138 55 amore
1936 394 107 55 deci-

1119 432 141 62 pimur:
1218 432 184 62 Respondet
1359 432 113 62 aug.
1430 432 127 62 verum
1514 432 127 62 dicis
1599 432 85 62 et
1642 432 99 62 pro
1698 432 127 62 certo
1783 432 85 62 si
1825 432 127 62 talis
1910 432 113 62 vere
1966 432 71 62 vi-

1120 481 109 55 deat
1188 481 150 55 oculis:
1297 481 82 55 et
1338 481 150 55 auribus
1447 481 150 55 audiat:
1555 481 109 55 vere
1623 481 190 55 vigilaret.
1773 481 68 55 ⁋
1800 481 177 55 Praeterea
1922 481 109 55 valde-

1121 517 110 60 foret
1194 517 159 60 mirabile:
1317 517 98 60 quod
1378 517 98 60 vere
1439 517 147 60 tangeret
1549 517 110 60 ignem
1623 517 171 60 materialem
1757 517 110 60 sicut
1831 517 135 60 videtur
1929 517 98 60 sibi
1978 517 61 60 tam

1127 565 117 65 gere:
1205 565 78 65 et
1244 565 91 65 non
1296 565 195 65 excitaretur
1452 565 65 65 a
1478 565 156 65 seitino.
1595 565 65 65 ⁋
1621 565 104 65 Item
1686 565 91 65 non
1738 565 117 65 dicit
1816 565 195 65 Commentator
1959 565 78 65 quod

1120 610 197 57 sensationes
1278 610 105 57 ille
1344 610 105 57 sint
1409 610 79 57 in
1449 610 145 57 instris
1554 610 145 57 sensuum
1659 610 237 57 particularium:
1857 610 92 57 sed
1910 610 105 57 quod
1962 610 66 57 in-

1120 654 174 54 tentiones
1253 654 214 54 sensibilium:
1427 654 107 54 quae
1494 654 120 54 certe
1574 654 93 54 non
1627 654 107 54 sunt
1694 654 214 54 sensationes:
1867 654 93 54 sed
1907 654 134 54 sensate:

1110 706 112 46 quas
1180 706 224 46 apprehendens
1362 706 112 46 tunc
1432 706 112 46 homo
1502 706 98 46 nec
1558 706 210 46 distinguens
1726 706 70 46 a
1754 706 224 46 sensibilibus
1922 706 112 46 quorum

1119 734 114 54 sunt
1190 734 228 54 intentiones:
1375 734 157 54 iudicat
1489 734 85 54 se
1532 734 114 54 illa
1603 734 199 54 sensibilia
1759 734 185 54 immediate
1888 734 142 54 sentire:

1121 780 97 49 quod
1181 780 109 49 etiam
1254 780 158 49 quandoque
1375 780 194 49 vigilantibus
1533 780 145 49 accidit:
1642 780 121 49 quando
1727 780 194 49 abstrahuntur
1885 780 61 49 a
1897 780 133 49 sensibus:

1107 823 90 51 et
1152 823 210 51 vehementer
1317 823 135 51 eorum
1408 823 180 51 intentio
1543 823 90 51 ad
1588 823 180 51 actionem
1723 823 210 51 interiorum
1874 823 150 51 virtutum

1104 866 230 62 conuertitur:
1291 866 101 62 sic
1348 866 129 62 dicit
1434 866 115 62 Aug.
1506 866 101 62 xi.
1564 866 86 62 de
1607 866 115 62 tri.
1679 866 101 62 vbi
1736 866 115 62 ait.
1808 866 86 62 Si
1851 866 173 62 voluntas
1981 866 86 62 ad

1105 916 179 51 interiorem
1246 916 166 51 fantasiam
1374 916 102 51 tota
1438 916 192 51 confluxerit
1591 916 115 51 atque
1668 916 64 51 a
1693 916 179 51 praesentia
1834 916 166 51 corporum:
1949 916 64 51 est

1113 956 239 58 circumiacent
1307 956 179 58 sensibus
1442 956 135 58 atque
1532 956 90 58 ab
1577 956 135 58 ipsis
1666 956 179 58 sensibus
1801 956 179 58 corporis
1920 956 105 58 animi

1111 996 115 65 aciem
1188 996 128 65 omnino
1277 996 153 65 auertit:
1392 996 115 65 atque
1468 996 77 65 ad
1507 996 89 65 eam
1558 996 89 65 qui
1609 996 115 65 intus
1685 996 153 65 cernitur
1800 996 153 65 imaginem
1902 996 115 65 penitus

1106 1043 225 58 conuerteretur:
1293 1043 112 58 tanta
1368 1043 175 58 effunditur
1505 1043 175 58 similitudo
1643 1043 137 58 speciei
1743 1043 175 58 corporalis
1880 1043 150 58 expressa
1980 1043 50 58 in

1111 1090 170 53 memoria:
1238 1090 85 53 vt
1280 1090 99 53 nec
1337 1090 113 53 ipsa
1408 1090 127 53 ratio
1492 1090 198 53 discernere
1648 1090 155 53 sinatur
1761 1090 127 53 vtrum
1845 1090 127 53 foris
1916 1090 113 53 corpus

1103 1131 121 57 ipsum
1183 1131 174 57 videatur:
1317 1131 80 57 an
1357 1131 121 57 intus
1438 1131 107 57 tale
1505 1131 148 57 aliquid
1612 1131 188 57 cogitetur.
1760 1131 80 57 Et
1800 1131 148 57 subdit.
1907 1131 80 57 ex
1934 1131 94 57 eodem

1102 1176 135 48 gniese
1197 1176 203 48 affectionis
1359 1176 95 48 est
1413 1176 122 48 etiam
1494 1176 122 48 illud
1575 1176 108 48 quod
1643 1176 81 48 in
1683 1176 122 48 sonis
1764 1176 95 48 per
1818 1176 162 48 imagines
1926 1176 95 48 illu-

1111 1218 137 45 dimur.
1207 1218 96 45 Sed
1262 1218 164 45 plurimum
1385 1218 178 45 diciteur.
1521 1218 123 45 vtrum
1603 1218 150 45 sopitis
1713 1218 164 45 sensibus
1836 1218 178 45 corporis:
1959 1218 68 45 si-

1097 1262 118 45 cuti
1171 1262 118 45 sunt
1245 1262 236 45 dormientium:
1436 1262 103 45 aut
1495 1262 88 45 ab
1539 1262 177 45 iteriore
1672 1262 162 45 compage
1789 1262 191 45 turbatis:
1922 1262 103 45 sicut

1112 1299 103 50 sunt
1177 1299 181 50 furentium:
1319 1299 90 50 aut
1370 1299 103 50 alio
1435 1299 181 50 quaedammon
1577 1299 181 50 alienatis:
1718 1299 129 50 sicuti
1809 1299 103 50 sunt
1860 1299 168 50 divinantium

1102 1348 94 51 aut
1155 1348 229 51 prophetantium
1344 1348 121 51 animi
1424 1348 161 51 intentio
1546 1348 135 51 quadam
1640 1348 202 51 necessitate
1801 1348 161 51 incurrat
1922 1348 81 51 in
1949 1348 81 51 eas:

1110 1386 121 59 quae
1186 1386 197 59 occurrunt
1337 1386 182 59 imagines
1474 1386 121 59 siue
1549 1386 91 59 ex
1595 1386 167 59 memoria
1716 1386 121 59 siue
1792 1386 91 59 ex
1837 1386 152 59 aliqua
1928 1386 91 59 alia

1111 1441 84 49 vi
1153 1441 155 49 occulta
1265 1441 98 49 per
1322 1441 155 49 quasdam
1434 1441 197 49 spiritales
1589 1441 183 49 mixturas.
1729 1441 183 49 Similiter
1855 1441 169 49 spiritalis

1103 1476 166 56 subiecte:
1231 1476 76 56 an
1269 1476 115 56 sicut
1345 1476 115 56 sanis
1422 1476 76 56 et
1460 1476 204 56 vigilantibus
1626 1476 153 56 interdum
1741 1476 178 56 contingit:
1881 1476 76 56 vt
1906 1476 115 56 cogita-

1101 1523 130 52 tione
1187 1523 173 52 occupata
1317 1523 115 52 sese
1389 1523 173 52 voluntas
1519 1523 159 52 auertat
1634 1523 72 52 a
1663 1523 187 52 sensibus:
1807 1523 130 52 atque
1894 1523 101 52 ita
1937 1523 72 52 for

1091 1565 108 52 met
1152 1565 139 52 animi
1245 1565 139 52 aciem
1337 1565 154 52 variis
1445 1565 216 52 imaginibus
1615 1565 139 52 rerum
1708 1565 231 52 sensibilium
1877 1565 139 52 tanquam

1106 1603 107 53 ipsa
1172 1603 200 53 sensibitusa
1333 1603 214 53 sentirentur.
1506 1603 93 53 hec
1560 1603 107 53 Aug.
1626 1603 80 53 Ex
1666 1603 134 53 quibus
1760 1603 147 53 verbis:
1867 1603 80 53 si
1893 1603 134 53 diligen-

1106 1649 88 51 ter
1157 1649 226 51 considerentur:
1345 1649 150 51 apparent
1457 1649 88 51 duo
1507 1649 100 51 quae
1570 1649 113 51 dicta
1645 1649 113 51 sunt:
1720 1649 125 51 valet.
1808 1649 100 51 quod
1858 1649 163 51 sensationes

1099 1693 89 52 seu
1150 1693 228 52 apprehensiones
1340 1693 228 52 snctoniantium:
1530 1693 76 52 ac
1569 1693 89 52 est
1619 1693 152 52 aliorum:
1733 1693 89 52 qui
1784 1693 190 52 commemorati
1936 1693 114 52 sunt:

1099 1737 93 52 non
1152 1737 106 52 sunt
1218 1737 199 52 sensationes
1377 1737 146 52 sensuum
1483 1737 199 52 exteriorum:
1642 1737 93 52 sed
1695 1737 159 52 virtutis
1814 1737 199 52 interioris:
1960 1737 53 52 et

1100 1782 103 53 quod
1165 1782 142 53 obiecta
1268 1782 142 53 illarum
1371 1782 90 53 non
1423 1782 103 53 sunt
1487 1782 168 53 sensibius
1616 1782 181 53 exteriora:
1758 1782 90 53 sed
1810 1782 116 53 eorum
1874 1782 142 53 imagines:

1107 1818 137 56 quaeuis
1206 1818 137 56 tanquam
1306 1818 125 56 essent
1394 1818 100 56 illa
1456 1818 175 56 capiantur.
1594 1818 137 56 Similem
1694 1818 175 56 sententiam
1831 1818 75 56 in
1869 1818 100 56 toto
1919 1818 87 56 ponit

1100 1862 94 57 Auic.
1162 1862 63 57 6.
1194 1862 157 57 naturalium.
1320 1862 94 57 iuxta
1382 1862 157 57 principium.
1508 1862 52 57 ⁋
1529 1862 63 57 Et
1561 1862 115 57 propter
1644 1862 73 57 hec
1686 1862 84 57 quae
1739 1862 94 57 dicta
1801 1862 84 57 sunt
1854 1862 73 57 per
1896 1862 84 57 Aug.
1938 1862 73 57 patet

1104 1901 158 65 sossibuio
1226 1901 73 65 ad
1262 1901 110 65 aliam
1335 1901 207 65 experientiam:
1506 1901 73 65 de
1542 1901 170 65 timentibus
1676 1901 73 65 et
1712 1901 158 65 infirmis:
1834 1901 134 65 quoniam
1919 1901 110 65 obiecta

1091 1947 150 61 suarum
1196 1947 224 61 sensationum
1375 1947 120 61 sunt
1450 1947 179 61 imagines
1584 1947 135 61 rerum
1674 1947 120 61 quas
1749 1947 179 61 accipiut
1883 1947 105 61 pro
1928 1947 75 61 ve-

1093 1992 95 62 ris
1148 1992 122 62 rebus
1229 1992 135 62 extra:
1324 1992 81 62 et
1364 1992 108 62 ille
1432 1992 203 62 sensationes
1595 1992 108 62 sunt
1662 1992 163 62 virtutis
1784 1992 203 62 interioris.
1947 1992 68 62 ⁋
1974 1992 81 62 Ad

1098 2036 87 56 4m
1142 2036 87 56 de
1186 2036 233 56 ludificatis.
1375 2036 175 56 Dicendum
1506 2036 117 56 quod
1579 2036 146 56 falsum
1681 2036 102 56 est
1739 2036 102 56 eos
1798 2036 146 56 videre
1899 2036 87 56 ea
1929 2036 87 56 quae

1095 2080 85 49 non
1143 2080 109 49 sunt:
1216 2080 85 49 sed
1265 2080 121 49 vtique
1349 2080 145 49 videntes
1458 2080 73 49 ea
1495 2080 97 49 quae
1555 2080 109 49 sunt:
1628 2080 121 49 putant
1713 2080 97 49 esse
1774 2080 97 49 illa
1834 2080 97 49 quae
1895 2080 85 49 non
1931 2080 85 49 sunt.

1100 2118 100 57 Unde
1162 2118 87 57 sic
1212 2118 137 57 diffuse
1312 2118 112 57 patet
1387 2118 87 57 per
1437 2118 100 57 Aug.
1499 2118 75 57 2o
1537 2118 212 57 soliloquiorum
1712 2118 150 57 rationis
1824 2118 75 57 ad
1862 2118 125 57 ipsum.
1937 2118 87 57 omnes

1095 2168 109 54 tales
1168 2168 146 54 fallacie
1277 2168 146 54 sensuum:
1386 2168 97 54 siue
1447 2168 97 54 sint
1508 2168 85 54 per
1557 2168 73 54 ea
1593 2168 97 54 quae
1654 2168 109 54 fiunt
1727 2168 61 54 a
1751 2168 97 54 nam:
1812 2168 85 54 aut
1860 2168 85 54 per
1897 2168 109 54 genera-

1096 2214 144 50 tionem
1197 2214 101 50 aut
1254 2214 101 50 per
1312 2214 260 50 resultationem:
1528 2214 115 50 siue
1601 2214 115 50 quae
1673 2214 115 50 fiut
1745 2214 87 50 ab
1788 2214 115 50 arte
1860 2214 101 50 vel
1918 2214 72 50 a
1932 2214 87 50 demo

1092 2257 142 49 nibus:
1191 2257 128 49 fiunt
1277 2257 142 49 semper
1376 2257 100 49 per
1433 2257 156 49 aliquas
1547 2257 100 49 res
1604 2257 100 49 vel
1661 2257 171 49 imagines
1789 2257 100 49 seu
1831 2257 185 49 similitudi-

1090 2301 80 48 nes
1135 2301 114 48 rerum:
1215 2301 80 48 qua
1260 2301 148 48 monstrant
1374 2301 102 48 aliud
1442 2301 91 48 esse
1499 2301 91 48 quam
1556 2301 102 48 sunt:
1624 2301 91 48 ipse
1681 2301 102 48 tamen
1749 2301 91 48 vere
1806 2301 114 48 quadam
1886 2301 80 48 res
1931 2301 102 48 sunt:

1094 2338 140 61 quamuis
1196 2338 89 61 non
1247 2338 102 61 sint
1310 2338 114 61 illa:
1386 2338 127 61 quorum
1475 2338 140 61 similes
1577 2338 114 61 sunt:
1653 2338 102 61 vnde
1717 2338 114 61 imago
1793 2338 152 61 leporis:
1895 2338 114 61 quamuis

1090 2390 87 50 non
1139 2390 87 50 sit
1189 2390 100 50 vere
1251 2390 124 50 lepus:
1338 2390 100 50 vera
1401 2390 87 50 est
1450 2390 137 50 leporis
1550 2390 187 50 similitudo:
1699 2390 100 50 immo
1761 2390 124 50 sicut.
1848 2390 124 50 dicens
1923 2390 87 50 Augu.

1095 2426 99 54 nisi
1157 2426 112 54 esset
1231 2426 75 54 in
1268 2426 75 54 se
1306 2426 99 54 vera
1368 2426 99 54 res:
1430 2426 124 54 quadam
1517 2426 112 54 autem
1591 2426 186 54 similitudo:
1740 2426 87 54 non
1790 2426 124 54 posset
1877 2426 99 54 esse
1927 2426 75 54 alia

1101 2468 87 60 res
1150 2468 125 60 falsa:
1238 2468 75 60 vt
1275 2468 112 60 lepus
1350 2468 87 60 vel
1400 2468 125 60 falsus
1487 2468 112 60 homo.
1562 2468 112 60 tales
1636 2468 125 60 igitur
1723 2468 87 60 res
1773 2468 137 60 similes
1873 2468 112 60 aliis
1935 2468 75 60 obii

1095 2518 139 49 ciuntur
1197 2518 152 49 sensibus
1311 2518 228 49 ludificatorum.
1501 2518 89 49 Sed
1551 2518 101 49 quia
1614 2518 89 49 per
1665 2518 152 49 virtutem
1779 2518 177 49 interiorem
1906 2518 101 49 dicta-

1094 2556 117 61 tiuam:
1176 2556 164 61 quaecumque
1305 2556 82 61 sit
1352 2556 106 61 illa:
1423 2556 106 61 illas
1493 2556 152 61 simplices
1610 2556 117 61 putant
1692 2556 94 61 esse
1751 2556 94 61 vere
1809 2556 106 61 illas
1880 2556 94 61 res:
1927 2556 70 61 qui-

1101 2599 83 53 bus
1148 2599 94 53 sunt
1207 2599 142 53 similes:
1314 2599 71 53 et
1349 2599 83 53 non
1396 2599 94 53 sunt
1455 2599 94 53 ideo
1514 2599 165 53 decipiunt.
1644 2599 71 53 Et
1680 2599 83 53 sic
1727 2599 118 53 patet:
1809 2599 94 53 quod
1857 2599 153 53 sensationes

1098 2649 180 49 exteriores
1239 2649 90 49 non
1291 2649 116 49 fiunt
1368 2649 128 49 absque
1458 2649 180 49 praesentia
1599 2649 193 49 obiectorum.
1753 2649 64 49 ⁋
1779 2649 77 49 Ad
1817 2649 77 49 5m
1843 2649 167 49 eodemodoest

1101 2690 159 56 dicendum:
1223 2690 98 56 quod
1284 2690 147 56 habentes
1394 2690 122 56 oculos
1480 2690 122 56 molles
1566 2690 86 56 non
1615 2690 122 56 vident
1700 2690 171 56 rubedinem:
1835 2690 98 56 quae
1896 2690 86 56 non
1933 2690 73 56 est:

1094 2729 89 49 sed
1145 2729 89 49 eam
1196 2729 101 49 quae
1259 2729 101 49 est.
1323 2729 165 49 Ueruntamn
1450 2729 127 49 virtus
1538 2729 165 49 interior:
1665 2729 140 49 iudicat
1767 2729 114 49 illam
1843 2729 165 49 rubedinem
1957 2729 38 49 i

1096 2770 110 63 alia
1165 2770 82 63 re
1206 2770 96 63 vel
1261 2770 164 63 alterius
1384 2770 96 63 rei
1439 2770 110 63 quam
1508 2770 110 63 est.
1576 2770 96 63 Nam
1631 2770 82 63 in
1672 2770 219 63 exterioribus
1837 2770 164 63 pelliculis

1097 2822 130 44 oculi:
1188 2822 143 44 aliquis
1292 2822 117 44 rubor
1370 2822 156 44 causatus
1487 2822 91 44 est
1539 2822 65 44 a
1565 2822 143 44 corpore
1669 2822 130 44 rubeo:
1760 2822 78 44 et
1799 2822 117 44 illum
1877 2822 117 44 videt
1942 2822 52 44 et

1088 2861 131 58 nullum
1180 2861 131 58 alium:
1272 2861 92 58 sed
1324 2861 105 58 quia
1390 2861 92 58 cum
1442 2861 118 58 videt
1521 2861 118 58 aliud
1599 2861 144 58 corpus:
1704 2861 105 58 eius
1770 2861 144 58 species
1862 2861 144 58 multipli-

1095 2901 121 56 catur
1175 2901 94 56 per
1229 2901 107 56 hanc
1296 2901 188 56 rubedinem:
1444 2901 81 56 et
1484 2901 148 56 vtraque
1591 2901 121 56 simul
1672 2901 148 56 immutat
1779 2901 121 56 visum
1860 2901 81 56 et
1887 2901 107 56 sensum

1101 2945 131 52 iommnem
1196 2945 72 52 et
1232 2945 143 52 secundum
1339 2945 95 52 vnam
1399 2945 131 52 partem.
1494 2945 119 52 igitur
1578 2945 119 52 virtus
1661 2945 143 52 interior
1769 2945 83 52 non
1816 2945 119 52 valens
1888 2945 107 52 distin-

1090 2992 122 60 guere
1172 2992 150 60 iudicat
1281 2992 177 60 rubedinem
1417 2992 109 60 esse
1485 2992 136 60 illius
1580 2992 177 60 corporis:
1716 2992 95 60 vel
1770 2992 82 60 in
1811 2992 109 60 illo
1865 2992 136 60 corpore:

1092 3039 104 64 quod
1157 3039 156 64 exterius
1274 3039 130 64 mouet:
1366 3039 78 64 et
1405 3039 104 64 huic
1470 3039 91 64 est
1522 3039 117 64 extum
1600 3039 130 64 simile
1691 3039 91 64 cum
1743 3039 104 64 quis
1809 3039 117 64 videt
1874 3039 130 64 parietem
