2420 3552
375 276 148 61 album:
479 276 221 61 interposito
656 276 133 61 tamen
744 276 162 61 subtili
862 276 118 61 velo
936 276 148 61 rubeo:
1039 276 162 61 iudicat
1142 276 148 61 parietem

371 322 95 58 esse
431 322 131 58 rubeum:
526 322 83 58 cum
573 322 83 58 non
621 322 95 58 sit:
680 322 71 58 et
716 322 107 58 tamen
787 322 83 58 non
835 322 131 58 iudicat
930 322 154 58 rubedinem
1048 322 83 58 non
1096 322 178 58 existentem:
1227 322 59 58 sed

377 364 121 53 vtique
462 364 181 53 existentem:
607 364 109 53 licem
679 364 73 53 in
716 364 97 53 alio
776 364 97 53 quam
836 364 73 53 in
873 364 85 53 quo
921 364 133 53 iudicat
1018 364 109 53 esse.
1090 364 60 53 â‹
1115 364 73 53 Ad
1151 364 109 53 aliam
1211 364 73 53 vero

383 407 86 59 qua
432 407 147 59 arguitur
542 407 86 59 pro
591 407 171 59 cognitione
726 407 196 59 intellectiua
885 407 110 59 patet
958 407 98 59 quid
1020 407 86 59 sit
1069 407 147 59 dicendum
1179 407 73 59 ex
1203 407 86 59 habi-

374 455 91 55 tis.
431 455 80 55 Nam
476 455 171 55 concedendum
613 455 80 55 est
659 455 91 55 quod
716 455 80 55 per
762 455 148 55 potentiam
876 455 91 55 dei:
933 455 114 55 potest
1013 455 91 55 esse
1070 455 91 55 sine
1127 455 126 55 obiecto
1207 455 80 55 exite

383 504 74 49 te:
426 504 74 49 non
468 504 96 49 autem
532 504 74 49 est
575 504 74 49 hoc
617 504 138 49 possibile
724 504 117 49 virtute
809 504 128 49 naturali
904 504 117 49 tantum:
989 504 106 49 qualis
1064 504 85 49 nunc
1117 504 85 49 ipsa
1170 504 85 49 est.
1213 504 74 49 Uerum

382 547 116 48 tamen
459 547 103 48 doc.
524 547 129 48 ponens
614 547 206 48 experientias
782 547 180 48 praedctans
923 547 90 48 pro
975 547 180 48 probatione
1117 547 90 48 sue
1155 547 142 48 opinionis

374 584 125 59 quaedam
465 584 114 59 arguit
544 584 68 59 ad
579 584 171 59 impediendum
715 584 159 59 solutiones
841 584 159 59 possibiles
966 584 91 59 dari
1023 584 68 59 ad
1057 584 114 59 illas:
1137 584 91 59 quae
1194 584 91 59 ideo
1239 584 57 59 non

376 629 147 50 repeto:
483 629 107 50 quia
549 629 120 50 omnia
630 629 107 50 illa
696 629 80 50 ex
737 629 134 50 falsis
830 629 120 50 patet
910 629 174 50 procedere
1044 629 80 50 ex
1084 629 174 50 supradcis
1204 629 94 50 mani-

384 670 106 52 feste:
458 670 63 52 et
490 670 63 52 in
522 670 106 52 aliqua
596 670 74 52 est
638 670 95 52 false
701 670 116 52 allegat
786 670 158 52 philosophum
913 670 63 52 Et
944 670 85 52 ista
997 670 74 52 pro
1039 670 95 52 primo
1103 670 95 52 dubio
1156 670 137 52 sufficiant.

351 715 174 90 Quantum
477 715 95 90 ad
525 715 95 90 2m
572 715 158 90 dubium
683 715 189 90 dicendum
825 715 110 90 est
888 715 158 90 sicut.
998 715 95 90 P.
1046 715 142 90 dicen
1140 715 95 90 in
1188 715 95 90 de
1219 715 79 90 me-

666 755 135 54 moria
756 755 90 54 et
801 755 240 54 reminiscema:
996 755 105 54 vbi
1056 755 180 54 postquam
1176 755 120 54 soluit

389 802 140 57 quaestionem
501 802 103 57 propter
575 802 75 57 quid
622 802 103 57 patitie
696 802 121 57 praesente
790 802 121 57 memoratur
883 802 65 57 res
920 802 65 57 non
957 802 121 57 praesens:
1051 802 65 57 per
1088 802 65 57 hoc
1125 802 75 57 quia
1172 802 56 57 ia
1200 802 84 57 paeti
1246 802 47 57 rio

378 844 101 54 anima
445 844 101 54 fcaum
513 844 79 54 est
558 844 169 54 similitudio
693 844 113 54 illius
772 844 79 54 rei
817 844 135 54 absentis
918 844 79 54 qua
963 844 169 54 similitudie
1098 844 135 54 inspecta
1199 844 79 54 res
1233 844 56 54 non

382 886 115 61 praesens
469 886 153 61 cognoscitur:
593 886 67 61 vt.
631 886 86 61 supra
689 886 57 61 in
717 886 86 61 primo
775 886 77 61 art.
823 886 96 61 dictum
890 886 77 61 est:
937 886 96 61 statim
1004 886 96 61 contra
1071 886 67 61 hoc
1110 886 86 61 mouet
1167 886 96 61 dubium
1224 886 77 61 dicens

376 935 89 56 Sed
427 935 152 56 siquidem
541 935 101 56 tale
604 935 152 56 accidens
719 935 89 56 est
769 935 114 56 circa
845 935 152 56 memoriam
959 935 152 56 scilicet
1074 935 139 56 pictura
1175 935 89 56 vel
1213 935 76 56 ima-

379 975 73 60 go
415 975 110 60 vtrum
488 975 97 60 hanc
549 975 158 60 memoratur
671 975 158 60 passionem
793 975 85 60 aut
841 975 110 60 illud
914 975 61 60 a
939 975 97 60 quae
1000 975 97 60 fcam
1061 975 85 60 est
1109 975 73 60 id
1146 975 85 60 est
1194 975 97 60 quod
1243 975 61 60 est

376 1025 149 50 obiectum
487 1025 211 50 memorationis:
661 1025 75 50 an
699 1025 149 50 scilicet
810 1025 99 50 ipsa
873 1025 112 50 imago
947 1025 87 50 aut
997 1025 87 50 res
1047 1025 62 50 a
1071 1025 87 50 qua
1121 1025 137 50 causata
1208 1025 87 50 fuit.

371 1074 69 39 et
406 1074 116 39 arguit
487 1074 69 39 ad
522 1074 139 39 vtramque
626 1074 127 39 partem.
718 1074 139 39 Siquidem
822 1074 92 39 enim
880 1074 81 39 hoc
926 1074 139 39 scilicet
1030 1074 150 39 passionem
1146 1074 104 39 illam
1204 1074 92 39 absen-

376 1112 102 47 tium
440 1112 115 47 nihil
516 1112 127 47 vtique
605 1112 204 47 memorabimur.
771 1112 76 47 Si
809 1112 102 47 vero
872 1112 115 47 illud
949 1112 153 47 scilicet
1063 1112 64 47 a
1089 1112 89 47 qua
1140 1112 102 47 fcam
1203 1112 89 47 est
1241 1112 64 47 quo

379 1155 196 48 sentientes:
536 1155 91 48 hoc
588 1155 170 48 memoramur
718 1155 104 48 quod
784 1155 91 48 non
836 1155 157 48 sentimus
953 1155 104 48 quod
1019 1155 144 48 absens.
1123 1155 78 48 id
1162 1155 91 48 est
1202 1155 91 48 quomo

375 1191 180 57 sentientes
517 1191 103 57 hanc
581 1191 168 57 passionem
710 1191 180 57 praesentem
852 1191 180 57 memoramur:
994 1191 90 57 per
1045 1191 90 57 hoc
1097 1191 116 57 illud
1174 1191 103 57 quod
1226 1191 64 57 est

370 1235 128 50 absens
460 1235 77 50 et
498 1235 102 50 quod
562 1235 90 50 non
614 1235 166 50 sentimus.
742 1235 64 50 â‹
767 1235 77 50 Et
806 1235 115 50 vltra
882 1235 128 50 arguit
972 1235 77 50 ad
1010 1235 115 50 idem.
1087 1235 128 50 dicens
1177 1235 77 50 et
1215 1235 77 50 si
1241 1235 64 50 est

370 1277 133 56 simile
463 1277 120 56 sicut
543 1277 133 56 figura
636 1277 93 56 aut
690 1277 147 56 pictura
796 1277 80 56 in
836 1277 120 56 nobis
916 1277 120 56 huius
996 1277 133 56 ipsius
1090 1277 147 56 sensus:
1183 1277 120 56 propter

376 1332 96 51 quod
436 1332 96 51 erit
496 1332 132 51 memoria
592 1332 156 51 alterius:
712 1332 84 51 sed
760 1332 84 51 non
808 1332 108 51 huius
881 1332 132 51 ipsius.
977 1332 108 51 Agens
1049 1332 96 51 enim
1109 1332 144 51 memoria.
1217 1332 72 51 id
1241 1332 60 51 est

381 1371 147 48 operans
487 1371 93 48 per
541 1371 173 48 memoriam:
674 1371 187 48 speculatur
821 1371 93 48 per
874 1371 107 48 hanc
941 1371 187 48 passionem:
1088 1371 80 48 et
1128 1371 133 48 sentit
1208 1371 93 48 hanc:

372 1410 86 54 quo
421 1410 123 54 igitur
507 1410 86 54 non
556 1410 147 54 praesens
667 1410 172 54 memoratur:
802 1410 98 54 Uult
863 1410 135 54 dicere.
961 1410 74 54 P.
998 1410 98 54 quod
1060 1410 135 54 notitia
1158 1410 111 54 huius
1219 1410 74 54 pas-

372 1454 105 62 sionis
445 1454 126 62 scilicet
539 1454 115 62 speciei
623 1454 63 62 in
654 1454 115 62 memoria
738 1454 84 62 quae
790 1454 73 62 est
832 1454 115 62 sensus:
916 1454 63 62 eo
947 1454 84 62 quod
1000 1454 73 62 est
1042 1454 147 62 praesentis
1157 1454 126 62 obiecti:
1241 1454 52 62 non

380 1500 130 48 videtur
475 1500 107 48 posse
546 1500 95 48 esse
605 1500 142 48 memoriua
712 1500 154 48 alterius.
830 1500 95 48 Unde
889 1500 71 48 si
925 1500 83 48 est
972 1500 142 48 memoria:
1079 1500 95 48 erit
1138 1500 142 48 menodisa
1233 1500 59 48 sui

382 1540 119 59 ipsius
466 1540 179 59 praesentis.
609 1540 60 59 â‹
633 1540 95 59 Tunc
692 1540 143 59 soluendo
800 1540 72 59 2a
836 1540 167 59 respondet.
967 1540 119 59 dicens
1050 1540 84 59 aut
1098 1540 84 59 est
1146 1540 72 59 vt
1170 1540 131 59 contingit

380 1588 74 52 et
417 1588 135 52 accidit
515 1588 98 52 hoc:
576 1588 74 52 vt
613 1588 98 52 enim
675 1588 74 52 in
711 1588 123 52 tabula
797 1588 147 52 scriptum
908 1588 135 52 animal:
1006 1588 74 52 et
1043 1588 123 52 animal
1129 1588 98 52 est.
1190 1588 74 52 et
1215 1588 86 52 imago

376 1635 71 45 et
412 1635 95 45 idem
471 1635 71 45 et
507 1635 95 45 vnum
566 1635 107 45 ipsum
638 1635 83 45 est
685 1635 95 45 ambo
745 1635 107 45 esse:
816 1635 107 45 tamen
888 1635 83 45 non
935 1635 95 45 idem
995 1635 143 45 amborum:
1102 1635 71 45 et
1137 1635 83 45 est
1173 1635 119 45 conside-

370 1675 97 51 rare
431 1675 73 51 et
467 1675 97 51 sict
528 1675 134 51 animal:
626 1675 73 51 et
662 1675 110 51 sicut
735 1675 122 51 imago:
821 1675 85 51 sic
869 1675 73 51 et
906 1675 97 51 quod
967 1675 73 51 in
1004 1675 110 51 nobis
1077 1675 158 51 fantasma:
1186 1675 110 51 oportet

374 1725 143 47 suscipere
484 1725 66 47 et
517 1725 99 47 ipsum
584 1725 121 47 aliquid
672 1725 132 47 secundum
771 1725 66 47 se
804 1725 99 47 esse:
871 1725 66 47 et
904 1725 143 47 alterius:
1014 1725 132 47 fantasma
1113 1725 132 47 secundum
1202 1725 88 47 quidem

373 1767 160 46 seipsum
490 1767 203 46 speculamur
649 1767 87 46 vt
693 1767 174 46 fantasma
823 1767 116 46 est:
896 1767 189 46 inquantum
1041 1767 116 46 vero
1113 1767 189 46 alterius:
1244 1767 58 46 vt

385 1804 117 46 imago
463 1804 65 46 a
489 1804 195 46 memorabile:
645 1804 117 46 quare
723 1804 78 46 et
762 1804 91 46 cum
814 1804 117 46 agat:
893 1804 78 46 et
932 1804 117 46 motus
1010 1804 130 46 ipsius
1101 1804 78 46 id
1140 1804 91 46 est
1192 1804 91 46 cum
1231 1804 65 46 mo-

386 1845 84 49 uet
434 1845 119 49 animam
517 1845 72 49 ad
553 1845 143 49 notitiam
661 1845 96 49 sui:
721 1845 143 49 siquidem
828 1845 155 49 inquantum
948 1845 143 49 secundum
1055 1845 72 49 se
1091 1845 84 49 sic
1139 1845 131 49 sumpsit
1222 1845 84 49 anima

383 1885 112 52 ipsum
457 1885 75 52 vt
495 1885 212 52 intelligibile
669 1885 149 52 aliquod:
781 1885 87 52 aut
831 1885 149 52 fantasma
943 1885 137 52 videtur
1043 1885 137 52 aliquid
1142 1885 112 52 esse.
1217 1885 75 52 Si
1242 1885 62 52 aut

373 1938 158 47 inquantum
495 1938 158 47 alterius:
616 1938 73 47 et
653 1938 110 47 sicut
726 1938 73 47 in
762 1938 134 47 pictura
860 1938 134 47 tamquam
957 1938 146 47 imaginem
1067 1938 183 47 considerat:
1213 1938 73 47 et
1237 1938 49 47 ec

381 1975 100 51 non
438 1975 128 51 videt
523 1975 171 51 coriscum
651 1975 85 51 vt
694 1975 156 51 corisci
807 1975 171 51 imaginem
935 1975 128 51 huius
1021 1975 142 51 sensus
1120 1975 114 51 alia
1177 1975 114 51 passio

378 2018 195 49 speculationis
538 2018 138 49 scilicet
641 2018 138 49 memoria:
744 2018 69 49 et
779 2018 115 49 quando
859 2018 80 49 sic
905 2018 115 49 animal
985 2018 115 49 pictum
1065 2018 160 49 considerat
1191 2018 69 49 in
1214 2018 92 49 anima:

380 2065 88 48 hec
430 2065 125 48 quidem
517 2065 88 48 fit
567 2065 113 48 sicut
642 2065 213 48 intelligibile
817 2065 125 48 solum:
905 2065 88 48 hoc
955 2065 113 48 autem
1030 2065 75 48 vt
1067 2065 100 48 ibi:
1130 2065 100 48 quia
1192 2065 113 48 imago
1255 2065 38 48 t

377 2104 199 52 memorabile:
536 2104 106 52 hec.
603 2104 80 52 P.
643 2104 66 52 â‹
669 2104 173 52 Consistit
802 2104 133 52 igitur
895 2104 146 52 solutio
1001 2104 80 52 in
1041 2104 93 52 hoc
1094 2104 106 52 quod
1161 2104 146 52 species
1254 2104 53 52 in

382 2152 148 50 memodmida
495 2152 148 50 existens:
609 2152 79 50 est
654 2152 114 50 quadam
734 2152 79 50 res
779 2152 136 50 secundum
881 2152 79 50 se:
927 2152 68 50 et
961 2152 79 50 est
1006 2152 102 50 imago
1074 2152 79 50 vel
1120 2152 159 50 similitudo
1233 2152 57 50 ali

391 2195 114 54 terius
471 2195 91 54 rei:
528 2195 103 54 sicut
596 2195 103 54 etiam
665 2195 126 54 pictura
756 2195 149 54 animalis:
870 2195 126 54 quamuis
962 2195 103 54 tamen
1030 2195 103 54 eadem
1099 2195 80 54 res
1145 2195 80 54 sit
1190 2195 91 54 quae
1236 2195 57 54 est

378 2237 112 48 talis
452 2237 87 48 res
502 2237 149 48 scilicet
614 2237 149 48 fantasma
725 2237 87 48 vel
775 2237 149 48 pictura:
887 2237 75 48 et
924 2237 99 48 quae
986 2237 87 48 est
1036 2237 112 48 imago
1111 2237 162 48 alterius:
1222 2237 75 48 alia

388 2280 98 52 tamen
453 2280 119 52 notitia
540 2280 65 52 et
573 2280 174 52 consideratio
714 2280 87 52 est:
768 2280 76 52 qua
811 2280 174 52 consideratur
953 2280 65 52 vt
985 2280 76 52 est
1029 2280 76 52 res
1072 2280 109 52 talis:
1148 2280 65 52 et
1180 2280 87 52 alia
1224 2280 65 52 quae

390 2327 185 60 consideratur
541 2327 69 60 vt
576 2327 104 60 imago
645 2327 150 60 alterius:
761 2327 81 60 cum
807 2327 116 60 igitur
888 2327 104 60 talis
957 2327 127 60 species
1050 2327 174 60 apprehendiu
1177 2327 116 60 secundum

387 2368 70 52 se
422 2368 116 52 tantum
503 2368 93 52 ipsa
561 2368 93 52 tunc
619 2368 186 52 cognoscitur:
770 2368 81 52 non
817 2368 104 52 autem
886 2368 81 52 per
933 2368 104 52 illam
1002 2368 93 52 tunc
1060 2368 174 52 cognoscitur
1200 2368 81 52 res
1234 2368 70 52 exa:

396 2411 103 49 cuius
464 2411 80 49 est
510 2411 137 49 species:
613 2411 69 49 et
647 2411 91 49 illa
704 2411 126 49 notitia
796 2411 80 49 est
841 2411 114 49 sensus
921 2411 137 49 praecise
1024 2411 91 49 siue
1081 2411 126 49 notitia
1161 2411 149 49 praesentis:

374 2456 102 51 non
433 2456 131 51 autem
520 2456 102 51 est
579 2456 160 51 memoria
695 2456 117 51 siue
768 2456 204 51 praeterite
929 2456 102 51 rei
987 2456 102 51 vel
1045 2456 175 51 absentis
1162 2456 146 51 notitia.

398 2499 70 52 â‹
426 2499 98 52 Sed
482 2499 98 52 cum
538 2499 126 52 talis
621 2499 153 52 species
733 2499 223 52 apphenditur:
914 2499 84 52 vt
956 2499 98 52 est
1012 2499 126 52 imago
1096 2499 181 52 alterius:
1221 2499 84 52 tunc

387 2545 90 52 per
439 2545 116 52 illam
516 2545 155 52 notitiam
632 2545 77 52 et
671 2545 103 52 ipsa
735 2545 193 52 apphenditur
890 2545 103 52 siue
954 2545 206 52 cognoscitur:
1122 2545 77 52 et
1160 2545 116 52 illud
1225 2545 77 52 etia

391 2587 113 50 cuius
467 2587 88 50 est
517 2587 126 50 imago:
605 2587 101 50 illa
668 2587 138 50 quaeque
769 2587 138 50 notitia
869 2587 88 50 est
919 2587 126 50 sensus
1007 2587 126 50 illius
1095 2587 163 50 imaginis:
1221 2587 75 50 et
1246 2587 63 50 est

381 2630 153 53 memorua
492 2630 97 53 rei
548 2630 125 53 cuius
631 2630 97 53 est
687 2630 111 53 illa
756 2630 139 53 imago.
854 2630 111 53 Unde
923 2630 139 53 subdit
1020 2630 111 53 ibi.
1090 2630 111 53 quod
1159 2630 139 53 factis
1256 2630 83 53 in

390 2673 136 52 nobis
480 2673 166 52 motibus
601 2673 151 52 talium
706 2673 241 52 fantasmatum:
902 2673 105 52 seu
962 2673 256 52 occurrentibus
1158 2673 151 52 obiecti-

387 2710 82 51 ue
428 2710 247 51 fantasmatibus:
635 2710 82 51 et
676 2710 96 51 eis
731 2710 206 51 apprehensis
896 2710 179 51 aliquando
1033 2710 151 51 accidit
1129 2710 179 51 intelligere

389 2761 79 45 et
428 2761 184 45 reminisci:
573 2761 145 45 quoniam
678 2761 145 45 aliquid
783 2761 184 45 audiuimus.
928 2761 92 45 hoc
980 2761 118 45 autem
1059 2761 171 45 contingit
1191 2761 92 45 (vt
1230 2761 66 45 di-

396 2802 106 46 cit)
462 2802 93 46 cum
515 2802 133 46 ipsius
608 2802 159 46 fantasma
728 2802 226 46 consideratur.
914 2802 80 46 vt
954 2802 120 46 imago
1033 2802 173 46 alterius:
1153 2802 146 46 aliquando

385 2848 127 56 accidit
478 2848 162 56 contrarium
605 2848 139 56 scilicet
710 2848 81 56 non
756 2848 174 56 intelligere
895 2848 81 56 nec
941 2848 162 56 reminisci:
1069 2848 127 56 quoniam
1161 2848 127 56 aliquid
1243 2848 69 56 audi

392 2891 145 49 uimus:
494 2891 87 49 vt
538 2891 160 49 accidit
654 2891 145 49 cuidam
755 2891 131 49 dicto
842 2891 189 49 antifonti
988 2891 87 49 et
1031 2891 131 49 aliis
1118 2891 160 49 extasim
1220 2891 87 49 pas-

389 2933 117 46 sis:
463 2933 103 46 qui
521 2933 103 46 sua
580 2933 205 46 fantasmata
741 2933 205 46 referebant
903 2933 88 46 vt
947 2933 103 46 res
1006 2933 161 46 factas:
1123 2933 88 46 et
1152 2933 147 46 putabans

387 2980 116 51 illa
459 2980 145 51 fuisse
560 2980 130 51 veras
647 2980 101 51 res
705 2980 101 51 non
763 2980 217 51 fantasmata.
937 2980 87 51 Et
980 2980 145 51 addit.
1081 2980 87 51 P.
1125 2980 116 51 quod
1197 2980 101 51 hoc
1241 2980 72 51 fit

393 3019 100 49 cum
450 3019 157 49 aliquis
564 3019 171 49 imaginem
692 3019 100 49 non
749 3019 157 49 tamquam
863 3019 171 49 imaginem
991 3019 214 49 considerat.
1162 3019 100 49 Ite
1204 3019 100 49 addit

401 3065 103 73 quod
465 3065 206 73 meditationes
633 3065 154 73 memoriam
748 3065 141 73 saluant
851 3065 77 73 in
890 3065 219 73 reminiscendo:
1070 3065 90 73 hoc
1121 3065 116 73 autem
1185 3065 129 73 scilicet

1337 265 184 59 reminisci
1479 265 99 59 est
1535 265 128 59 nihil
1620 265 128 59 aliud
1705 265 113 59 quam
1776 265 198 59 speculari:
1932 265 198 59 multotiens
2088 265 128 59 sicut
2159 265 85 59 ima-

1342 317 107 57 ginem
1414 317 71 57 et
1449 317 83 57 non
1497 317 107 57 sicut
1568 317 143 57 secundum
1675 317 83 57 se.
1723 317 60 57 â‹
1747 317 71 57 Ex
1783 317 107 57 qubus
1854 317 155 57 euidenter
1973 317 107 57 patet
2045 317 143 57 secundum
2152 317 83 57 eum
2187 317 60 57 (vt

1339 363 133 53 dictum
1432 363 93 53 est
1485 363 80 53 de
1525 363 133 53 specie
1618 363 173 53 existente
1751 363 80 53 in
1791 363 160 53 memoria)
1910 363 93 53 nos
1964 363 160 53 duplicem
2083 363 120 53 posse
2150 363 106 53 habere

1330 401 163 52 notitiam:
1456 401 125 52 quarum
1544 401 88 52 vna
1594 401 100 52 ipsa
1657 401 188 52 cognoscitur
1807 401 151 52 secundum
1920 401 88 52 se:
1970 401 75 52 et
2008 401 75 52 vt
2046 401 88 52 est
2096 401 125 52 quidam
2171 401 88 52 talis

1343 445 105 57 res
1403 445 135 57 forma
1493 445 105 57 vel
1553 445 195 57 fantasma:
1702 445 90 57 et
1747 445 120 57 alia
1822 445 105 57 qua
1882 445 225 57 cognoscitur
2061 445 90 57 vt
2106 445 135 57 imago
2181 445 75 57 al-

1342 494 144 47 terius:
1447 494 79 47 et
1486 494 92 47 hec
1538 494 105 47 sola
1604 494 92 47 est
1656 494 157 47 menodmia
1774 494 105 47 siue
1840 494 183 47 recordatio
1984 494 92 47 seu
2036 494 144 47 notitia
2141 494 92 47 rei
2180 494 66 47 non

1334 533 209 62 praesentis:
1501 533 112 62 quem
1571 533 98 62 est
1627 533 167 62 duplicem
1752 533 125 62 modum
1836 533 209 62 cognoscendi
2003 533 84 62 in
2045 533 139 62 signis
2142 533 84 62 ad
2170 533 84 62 pla-

1344 578 121 56 citum
1424 578 107 56 alia
1491 578 268 56 representantibus
1719 578 94 56 (vt
1773 578 107 56 sunt
1840 578 121 56 voces
1921 578 81 56 et
1961 578 188 56 scripture)
2095 578 161 56 distingui-

1330 619 105 50 mus.
1396 619 92 50 Nam
1448 619 118 50 voccs
1527 619 79 50 et
1566 619 105 50 soni
1632 619 92 50 res
1685 619 131 50 quedam
1777 619 118 50 sunt:
1856 619 79 50 et
1895 619 118 50 etiam
1974 619 118 50 signa
2053 619 118 50 sunt.
2118 619 145 50 Similiter

1337 662 194 59 scripture
1487 662 105 59 res
1546 662 150 59 quedam
1651 662 135 59 sunt:
1741 662 90 59 et
1786 662 120 59 sunt
1860 662 150 59 signa.
1965 662 75 59 â‹
1995 662 90 59 Et
2040 662 164 59 aliquis
2144 662 120 59 quidem

1339 708 153 58 potest
1446 708 137 58 voces
1537 708 229 58 considerare
1721 708 92 58 vt
1766 708 137 58 voces
1858 708 137 58 sunt:
1950 708 107 58 non
2011 708 229 58 apphendendo
2179 708 76 58 eas

1338 751 86 54 vt
1381 751 129 54 signa
1466 751 129 54 sunt:
1552 751 129 54 sicut
1638 751 143 54 bestia
1738 751 157 54 aliqua:
1852 751 100 54 aut
1909 751 114 54 homo
1981 751 171 54 alterius
2095 751 157 54 ydiomatis

1347 805 85 44 vt
1389 805 142 44 grecus
1489 805 128 44 voces
1574 805 170 44 latinas.
1701 805 128 44 Alius
1786 805 113 44 vero
1857 805 85 44 vt
1900 805 156 44 latinus
2013 805 142 44 potest
2112 805 99 44 eas
2155 805 113 44 appre-

1339 844 134 48 hendere:
1439 844 145 48 inquantum
1551 844 89 48 sunt
1606 844 111 48 signa:
1684 844 67 48 et
1718 844 100 48 etiam
1785 844 89 48 idem
1840 844 89 48 homo
1896 844 145 48 quandoque
2008 844 78 48 vno
2052 844 100 48 modo:
2119 844 67 48 et
2141 844 123 48 quandoque

1344 890 111 44 alio
1414 890 139 44 potest
1511 890 236 44 apprehendere.
1705 890 83 44 Et
1747 890 139 44 simile
1844 890 97 44 est
1900 890 83 44 de
1941 890 208 44 scripturis.
2108 890 97 44 hos
2150 890 97 44 diuer

1340 926 110 58 sos
1403 926 141 58 modos
1497 926 235 58 cognoscendi
1686 926 188 58 imaginem
1827 926 220 58 distinguit
1999 926 126 58 Aug.
2078 926 110 58 15.
2141 926 94 58 de
2188 926 126 58 tri.
2266 926 126 58 cap.
2329 926 47 58 2

1341 966 93 65 Et
1387 966 139 65 dicit
1480 966 124 65 quod
1557 966 124 65 illi
1634 966 108 65 qui
1696 966 201 65 cognoscut
1850 966 185 65 imaginem
1989 966 93 65 vt
2035 966 139 65 imago
2128 966 124 65 est:
2205 966 154 65 cognoÂ¬
2313 966 62 65 24

1333 1012 131 55 scunt
1421 1012 131 55 etiam
1508 1012 102 55 per
1566 1012 174 55 imaginem
1696 1012 131 55 illud
1783 1012 131 55 cuius
1870 1012 102 55 est
1928 1012 145 55 imago.
2030 1012 116 55 Alii
2102 1012 116 55 vero
2175 1012 87 55 et
2204 1012 58 55 si

1330 1062 204 49 cognoscunt
1490 1062 131 49 illam
1578 1062 102 49 rem
1636 1062 102 49 que
1694 1062 102 49 est
1752 1062 145 49 imago:
1854 1062 102 49 non
1912 1062 131 49 tamen
1999 1062 204 49 cognoscunt
2145 1062 116 49 imagi-

1329 1104 98 51 nem
1385 1104 182 51 inquantum
1525 1104 196 51 huiusmodi.
1679 1104 70 51 â‹
1707 1104 84 51 Si
1749 1104 140 51 queras
1846 1104 112 51 quid
1916 1104 98 51 est
1972 1104 196 51 cognoscere
2112 1104 140 51 imaginem

1341 1150 83 45 vt
1383 1150 96 45 est
1438 1150 138 45 imago:
1534 1150 179 45 respondeo
1671 1150 124 45 sicut
1754 1150 96 45 ibi
1809 1150 138 45 innuit
1905 1150 110 45 Aug.
1974 1150 110 45 quod
2043 1150 96 45 est
2084 1150 165 45 cognoscere

1341 1187 179 58 imaginem
1476 1187 120 58 esse
1550 1187 194 58 imaginem.
1700 1187 75 58 â‹
1730 1187 150 58 Duplex
1834 1187 135 58 autem
1924 1187 105 58 est
1984 1187 179 58 notitia:
2118 1187 105 58 qua
2163 1187 90 58 ima-

1334 1230 88 62 go
1378 1230 219 62 cognoscitur
1554 1230 117 62 esse
1627 1230 146 62 imago.
1729 1230 102 62 vna
1788 1230 102 62 qua
1846 1230 205 62 formaliter
2007 1230 219 62 cognoscitur
2168 1230 88 62 esse

1334 1275 146 55 imago:
1436 1275 87 55 et
1480 1275 102 55 hec
1538 1275 102 55 est
1596 1275 160 55 notitia
1713 1275 189 55 complexa.
1858 1275 116 55 Alia
1931 1275 102 55 qua
1989 1275 218 55 virtualiter
2150 1275 116 55 cogno-

1333 1323 149 52 scitur
1437 1323 119 52 esse
1511 1323 149 52 imago:
1615 1323 89 52 et
1660 1323 104 52 hec
1719 1323 104 52 est
1779 1323 149 52 quedam
1883 1323 163 52 notitia
2002 1323 208 52 incomplexa
2150 1323 119 52 imagi-

1341 1362 104 52 nis:
1406 1362 118 52 cuius
1485 1362 144 52 virtute
1589 1362 131 52 potest
1680 1362 131 52 haberi
1772 1362 118 52 talis
1850 1362 157 52 complexa
1968 1362 157 52 notitia:
2085 1362 78 52 et
2124 1362 118 52 istam
2190 1362 78 52 puto

1345 1407 107 56 esse
1412 1407 161 56 alterius
1533 1407 161 56 rationis
1653 1407 81 56 ab
1694 1407 107 56 illa
1761 1407 148 56 notitia
1868 1407 188 56 incomplexa
2016 1407 175 56 imaginis:
2150 1407 94 56 qua
2190 1407 81 56 ima-

1340 1459 91 48 go
1385 1459 107 48 non
1446 1459 228 48 cognoscitur
1629 1459 91 48 vt
1675 1459 152 48 imago.
1781 1459 76 48 â‹
1812 1459 91 48 Si
1857 1459 167 48 quaeras
1979 1459 122 48 vnde
2055 1459 183 48 prouenit
2177 1459 91 48 ista

1335 1502 203 46 diuersitas:
1498 1502 95 46 cum
1552 1502 190 46 immediatum
1702 1502 163 46 obiectum
1824 1502 176 46 vtriusque
1959 1502 95 46 sit
2013 1502 122 46 idem:
2095 1502 81 46 et
2122 1502 149 46 potentia.

1348 1541 197 53 susceptiua
1503 1541 183 53 vtriusque
1643 1541 98 53 sit
1700 1541 141 53 eadem.
1798 1541 169 53 Rspondeo
1925 1541 113 53 quod
1995 1541 84 53 ex
2037 1541 169 53 alietate
2150 1541 113 53 partia

1340 1585 97 50 lis
1396 1585 139 50 causae
1493 1585 181 50 effectie.
1632 1585 97 50 Nam
1687 1585 83 50 ad
1729 1585 125 50 illam
1813 1585 167 50 notitiam
1938 1585 97 50 qua
1993 1585 208 50 cognoscitur
2160 1585 83 50 vt
2188 1585 83 50 ima-

1341 1626 91 61 go:
1393 1626 195 61 partialiter
1549 1626 91 61 per
1600 1626 78 61 se
1639 1626 169 61 concurrit
1769 1626 182 61 habitualis
1912 1626 143 61 quaedam
2016 1626 143 61 notitia
2119 1626 104 61 rei:
2171 1626 91 61 cuius

1334 1671 114 51 illa
1405 1671 100 51 est
1462 1671 128 51 imago
1547 1671 199 51 derelicta:
1704 1671 85 51 ex
1747 1671 185 51 intuitiua
1889 1671 157 51 notitia
2003 1671 142 51 illius
2089 1671 185 51 praehabita:

1339 1713 123 51 sine
1416 1713 108 51 qua
1477 1713 200 51 habituali
1631 1713 169 51 notitia
1754 1713 138 51 imago
1846 1713 123 51 ipsa
1923 1713 108 51 non
1985 1713 154 51 posset
2092 1713 138 51 talem
2169 1713 108 51 noti-

1348 1754 108 51 tiam
1416 1754 162 51 actualem
1538 1754 81 51 de
1579 1754 81 51 se
1619 1754 162 51 causare:
1741 1754 95 51 nec
1795 1754 95 51 est
1849 1754 108 51 sine
1917 1754 108 51 ipsa
1985 1754 149 51 imagine
2093 1754 108 51 hanc
2147 1754 122 51 causare

1344 1801 147 55 sufficit
1454 1801 98 55 ipsa
1516 1801 172 55 habitualis
1651 1801 147 55 notitia.
1761 1801 74 55 Et
1798 1801 74 55 de
1835 1801 160 55 huiusmodi
1958 1801 160 55 habituali
2081 1801 135 55 notitia
2167 1801 98 55 plurus

1337 1848 156 48 dicetur
1450 1848 85 48 in
1493 1848 199 48 solutione.
1649 1848 85 48 4.
1692 1848 142 48 dubii.
1791 1848 71 48 â‹
1820 1848 85 48 Si
1862 1848 128 48 dicas
1947 1848 114 48 quod
2018 1848 156 48 notitia
2118 1848 156 48 intuitiua

1344 1887 90 54 non
1396 1887 193 54 derelinquit
1550 1887 155 54 habitum.
1666 1887 129 54 Duenmm
1756 1887 103 54 quod
1821 1887 116 54 verum
1898 1887 90 54 est
1950 1887 180 54 elicitiuum
2091 1887 155 54 similium
2195 1887 64 54 no-

1342 1930 153 51 titiarum
1457 1930 153 51 scilicet
1571 1930 204 51 intuitiuarum
1737 1930 140 51 eiusdem
1838 1930 102 51 rei:
1902 1930 115 51 neque
1978 1930 76 51 et
2017 1930 89 51 per
2067 1930 76 51 se
2093 1930 178 51 sufficientem

1353 1981 83 43 ad
1395 1981 124 43 actum
1478 1981 193 43 eliciendi:
1629 1981 124 43 sicut
1712 1981 111 43 alii
1781 1981 166 43 habitus:
1906 1981 97 43 qui
1961 1981 83 43 ex
2003 1981 180 43 complexis
2127 1981 138 43 notitiis

1344 2021 250 47 relinquuntur.
1550 2021 103 47 Sed
1609 2021 118 47 quin
1682 2021 162 47 aliquod
1800 2021 118 47 tale
1873 2021 191 47 habituale
2020 2021 191 47 relinquat
2152 2021 103 47 quale

1340 2055 143 57 dictum
1440 2055 100 57 est
1497 2055 143 57 nullus
1596 2055 143 57 potest
1696 2055 157 57 negare:
1810 2055 114 57 quia
1881 2055 128 57 alias
1967 2055 114 57 nemo
2038 2055 200 57 apphendens
2181 2055 86 57 ali-

1362 2100 85 55 ud
1404 2100 156 55 signum:
1518 2100 212 55 cognosceret
1687 2100 127 55 illud
1772 2100 113 55 esse
1843 2100 156 55 signum:
1957 2100 99 55 aut
2013 2100 99 55 per
2070 2100 127 55 illud
2141 2100 127 55 aliquid

1342 2149 111 48 aliud
1416 2149 111 48 nosse
1490 2149 136 48 posset:
1589 2149 111 48 cuius
1663 2149 186 48 experientia
1812 2149 111 48 docet
1886 2149 173 48 oppositum:
2022 2149 74 48 et
2060 2149 87 48 hec
2097 2149 173 48 consequentia

1347 2190 148 54 quamuis
1454 2190 94 54 sit
1508 2190 135 54 clara:
1603 2190 216 54 declarabitur
1778 2190 121 54 tamen
1859 2190 202 54 respondendo
2021 2190 81 54 ad
2061 2190 135 54 dubium
2142 2190 135 54 quartum.

1348 2243 67 43 â‹
1374 2243 80 43 Ex
1415 2243 94 43 his
1468 2243 120 43 patet
1548 2243 107 43 quod
1615 2243 94 43 per
1669 2243 120 43 talem
1749 2243 174 43 notitiam:
1883 2243 94 43 non
1936 2243 134 43 tantum
2030 2243 120 43 imago
2110 2243 94 43 vel
2151 2243 120 43 species

1350 2280 107 47 ipsa
1417 2280 215 47 cognoscitur:
1591 2280 94 47 sed
1645 2280 94 47 est
1698 2280 94 47 res
1752 2280 121 47 cuius
1833 2280 94 47 est
1886 2280 134 47 imago:
1980 2280 148 47 quamuis
2088 2280 94 47 non
2141 2280 81 47 in
2181 2280 81 47 se
2208 2280 54 47 et

1349 2318 212 57 immediate:
1515 2318 106 57 sed
1576 2318 166 57 mediate
1697 2318 91 57 et
1742 2318 91 57 in
1787 2318 106 57 sua
1848 2318 166 57 specie.
1969 2318 76 57 â‹
1999 2318 121 57 hunc
2074 2318 136 57 modum
2150 2318 121 57 distin

1338 2369 159 55 guendi
1450 2369 96 55 et
1497 2369 239 55 cognoscendi
1689 2369 112 55 res
1752 2369 112 55 per
1816 2369 127 55 suas
1896 2369 143 55 spes:
1991 2369 223 55 distinguit
2150 2369 112 55 Augu.

1354 2410 81 61 ab
1394 2410 95 61 eo:
1448 2410 95 61 quo
1502 2410 95 61 res
1556 2410 176 61 immediate
1691 2410 203 61 cognoscitur
1853 2410 81 61 in
1894 2410 95 61 se:
1948 2410 162 61 vtrumque
2069 2410 149 61 ponens.
2177 2410 95 61 13.
2231 2410 108 61 cau.
2285 2410 81 61 prin

1351 2451 90 47 de
1396 2451 119 47 tri.
1470 2451 104 47 vbi
1530 2451 119 47 ait.
1605 2451 119 47 quod
1679 2451 164 47 corpora
1799 2451 164 47 videmus
1918 2451 149 47 oculis
2022 2451 209 47 corporeis:
2172 2451 90 47 ecce

1353 2498 161 54 primus
1466 2498 161 54 modus:
1578 2498 97 54 et
1627 2498 113 54 per
1691 2498 177 54 ipsorum
1820 2498 193 54 imagines
1965 2498 129 54 quas
2046 2498 177 54 memoria
2158 2498 113 54 tene-

1356 2547 113 49 mus:
1426 2547 127 49 etiam
1511 2547 169 49 absentia
1637 2547 197 49 cogitamus:
1792 2547 113 49 ecce
1862 2547 127 49 alius
1947 2547 98 49 quo
2003 2547 169 49 scilicet
2115 2547 155 49 cogitamus

1358 2582 91 62 res
1410 2582 156 62 absentes
1527 2582 91 62 per
1579 2582 182 62 praesentes
1722 2582 169 62 imagines.
1852 2582 78 62 Et
1891 2582 91 62 lir
1943 2582 78 62 9d
1982 2582 91 62 cum
2034 2582 143 62 inquit.
2138 2582 117 62 arcum
2216 2582 91 62 pul
2268 2582 91 62 ca.
2307 2582 52 62 6.

1358 2629 111 57 chre
1427 2629 83 57 et
1469 2629 180 57 equaliter
1607 2629 166 57 intortum
1731 2629 111 57 quem
1800 2629 124 57 vidi.
1883 2629 97 57 vbi
1938 2629 152 57 gratia.
2049 2629 180 57 cartagini
2173 2629 97 57 animo

1349 2672 199 51 reuoluo:
1499 2672 116 51 res
1565 2672 166 51 quedam
1682 2672 150 51 menti
1781 2672 199 51 nunciata
1931 2672 116 51 per
1997 2672 166 51 oculos
2097 2672 166 51 memorie-

1351 2713 91 56 que
1403 2713 183 56 transfusa:
1547 2713 196 56 imaginarium
1703 2713 183 56 conspectum
1847 2713 130 56 facit:
1938 2713 104 56 ecce
2003 2713 104 56 quod
2068 2713 117 56 arcum
2147 2713 91 56 per
2186 2713 78 56 eius

1354 2761 186 50 imaginem
1494 2761 217 50 cognoscit:
1665 2761 124 50 quam
1742 2761 233 50 cognitionem
1929 2761 140 50 vocat
2022 2761 217 50 conspectum
2177 2761 93 50 ima-

1356 2809 164 53 ginarium.
1483 2809 101 53 quia
1546 2809 152 53 scilicet
1660 2809 88 53 per
1710 2809 152 53 imaginem
1824 2809 88 53 rei
1874 2809 101 53 fit.
1938 2809 76 53 Ad
1975 2809 88 53 hoc
2026 2809 114 53 etiam
2102 2809 139 53 faciunt
2190 2809 76 53 plu-

1349 2829 71 67 ra
1385 2829 119 67 posita
1468 2829 107 67 supra
1539 2829 83 67 pro
1587 2829 131 67 secunda
1682 2829 190 67 conclusione.
1837 2829 59 67 â‹
1861 2829 71 67 Ex
1896 2829 107 67 istis
1968 2829 155 67 respondeo
2087 2829 71 67 ad
2122 2829 143 67 rationem
2229 2829 71 67 fa
2265 2829 71 67 ad
2289 2829 107 67 ratioem

1354 2882 104 54 ctam
1419 2882 91 54 pro
1471 2882 130 54 dubio:
1562 2882 143 54 negando
1666 2882 208 54 consequentia
1835 2882 91 54 qua
1887 2882 169 54 infertur:
2017 2882 104 54 quod
2082 2882 208 54 santiniantes
2251 2882 78 54 et
2290 2882 91 54 pro
2329 2882 65 54 dub

1352 2930 182 61 furentes
1489 2930 167 61 possunt
1610 2930 122 61 dici
1686 2930 213 61 cognoscere
1853 2930 106 61 res
1914 2930 137 61 extra
2005 2930 106 61 cum
2066 2930 137 61 earum
2157 2930 167 61 species
2263 2930 122 61 factan

1359 2965 106 68 quas
1425 2965 133 68 habent
1518 2965 80 68 in
1558 2965 146 68 memoria
1664 2965 186 68 intuentur:
1810 2965 146 68 quoniam
1916 2965 80 68 vt
1956 2965 146 68 habitum
2062 2965 106 68 est:
2129 2965 93 68 non
2182 2965 106 68 omni
2248 2965 80 68 in
2275 2965 119 68 princio

1348 3010 143 60 notitia
1452 3010 143 60 speciei
1556 3010 195 60 cognoscitur
1712 3010 91 60 res
1764 3010 117 60 extra
1842 3010 117 60 cuius
1921 3010 91 60 est
1973 3010 156 60 species:
2090 3010 91 60 sed
2142 3010 78 60 ea
2181 3010 130 60 tantum
2272 3010 78 60 2a
2298 3010 91 60 artio

1359 3063 95 77 qua
1414 3063 109 77 ipsa
1482 3063 218 77 cognoscitur:
1659 3063 82 77 vt
1700 3063 123 77 imago
1782 3063 95 77 vel
1836 3063 191 77 similitudo
1986 3063 150 77 illius:
2095 3063 123 77 talis
2164 3063 95 77 autem
