2475 3525
190 260 152 79 notitia
301 260 97 79 non
356 260 166 79 competit
480 260 193 79 furentibus
632 260 97 79 aut
688 260 276 79 sectioniantibus:
923 260 97 79 sed
978 260 124 79 prima
1047 260 69 79 tan

193 334 114 44 tum:
264 334 186 44 quecumque
407 334 100 44 sit
464 334 129 44 causa
550 334 200 44 impediens:
707 334 129 44 sicut
793 334 86 44 ex
835 334 171 44 pluribus
950 334 171 44 antedictis

192 377 174 53 apparet.
323 377 73 53 ⁋
352 377 87 53 Ad
396 377 261 53 confirmationem
613 377 102 53 cum
671 377 174 53 quaerit:
802 377 87 53 an
845 377 174 53 cognitio
976 377 145 53 sistat
1063 377 58 53 in

204 416 116 55 specie
285 416 81 55 vel
332 416 104 55 vltra
401 416 174 55 protendatur
540 416 69 55 ad
575 416 81 55 rem
621 416 104 55 cuius
691 416 81 55 est
737 416 139 55 species.
841 416 139 55 dicendum
945 416 93 55 quod
1003 416 93 55 ista
1050 416 69 55 voca

192 455 111 55 bula
262 455 167 55 sistere:
387 455 167 55 protendi
512 455 83 55 et
554 455 195 55 terminari:
707 455 209 55 metaphomroe
874 455 167 55 dicuntur
999 455 83 55 de
1027 455 97 55 cogni

198 506 130 55 tione:
289 506 91 55 cum
341 506 143 55 proprie
445 506 117 55 talia
523 506 156 55 dicantur
640 506 117 55 solum
718 506 78 55 de
757 506 117 55 rebus
835 506 221 55 corporalibus:
1017 506 91 55 sed
1056 506 65 55 co-

195 543 189 58 gnitionem
341 543 189 58 terminari
486 543 87 58 ad
529 543 174 58 aliquid:
660 543 131 58 nihil
747 543 131 58 aliud
834 543 116 58 est:
907 543 116 58 quam
979 543 131 58 illud
1052 543 58 58 co

206 596 128 45 gnosci
296 596 89 45 per
347 596 128 45 illam.
436 596 77 45 et
474 596 102 45 ideo
538 596 153 45 secundum
653 596 102 45 hunc
717 596 128 45 sensum
806 596 77 45 in
845 596 166 45 proposito
973 596 140 45 sumendo
1062 596 51 45 vo

188 634 145 61 cabula:
293 634 106 61 dico
359 634 106 61 quod
425 634 158 61 cognitio
544 634 106 61 illa
610 634 92 61 non
663 634 132 61 sistit
755 634 79 61 ad
795 634 158 61 speciem:
914 634 92 61 sed
953 634 172 61 proteditur.

195 677 102 53 etiam
263 677 68 53 ad
297 677 79 53 rem
342 677 113 53 extra.
421 677 68 53 id
455 677 79 53 est
501 677 79 53 per
546 677 102 53 talem
614 677 136 53 notitiam
716 677 79 53 non
762 677 102 53 solum
830 677 170 53 cognoscitur
966 677 136 53 species:
1056 677 57 53 sed

188 716 105 51 etiam
258 716 82 51 res
305 716 117 51 extra:
386 716 82 51 hoc
433 716 105 51 tamen
503 716 82 51 est
550 716 117 51 aliter
631 716 70 51 et
666 716 128 51 aliter.
759 716 82 51 Nam
806 716 128 51 species
899 716 175 51 cognoscitur
1039 716 70 51 in
1062 716 47 51 se

193 759 198 62 immediate:
349 759 99 62 res
405 759 113 62 vero
476 759 99 62 non
533 759 212 62 cognoscitur
702 759 85 62 in
745 759 85 62 se
787 759 198 62 immediate:
943 759 99 62 sed
1000 759 85 62 in
1028 759 85 62 illa

197 803 147 60 specie:
304 803 107 60 siue
370 803 94 60 per
424 803 147 60 speciem
531 803 147 60 tanquam
638 803 94 60 per
691 803 134 60 medium
785 803 174 60 cognitum.
918 803 67 60 ⁋
945 803 107 60 hunc
1012 803 94 60 est
1052 803 67 60 mo-

174 858 101 53 dum
231 858 216 53 cognoscendi
404 858 101 53 per
462 858 144 53 medium
563 858 173 53 cognitum
693 858 101 53 que
751 858 130 53 tamen
837 858 173 53 cognitio
967 858 101 53 non
1010 858 87 53 pro-

187 895 173 58 tendatur
316 895 130 58 vltra
403 895 144 58 medium
503 895 144 58 illud:
604 895 101 58 sic
662 895 115 58 quod
734 895 101 58 res
791 895 187 58 immediate
935 895 86 58 in
978 895 86 58 se
1007 895 101 58 cogno

196 933 124 62 scatur:
286 933 68 62 et
320 933 102 62 tamen
388 933 79 62 sic
433 933 181 62 protendatur:
579 933 90 62 quod
636 933 90 62 vere
692 933 181 62 cognoscatur)
839 933 113 62 habent
918 933 113 62 ponere
986 933 124 62 quicumque

187 979 145 58 ponunt
289 979 116 58 deum
362 979 203 58 cognoscere
521 979 203 58 creaturas:
681 979 102 58 per
739 979 102 58 hoc
797 979 116 58 quod
869 979 189 58 cognoscit
1000 979 116 58 essen-

195 1026 118 56 tiam
269 1026 132 56 suam:
357 1026 88 56 et
401 1026 147 56 maxime
504 1026 147 56 doctor
607 1026 118 56 ille
680 1026 132 56 cuius
768 1026 147 56 opinio
871 1026 103 56 est
930 1026 191 56 recitata:
1062 1026 59 56 et

179 1073 172 52 argumentum
314 1073 86 52 pro
363 1073 110 52 dubio
436 1073 110 52 isto.
510 1073 86 52 cum
559 1073 98 52 ipse
620 1073 110 52 ponat
693 1073 147 52 intuitum
804 1073 135 52 divinum
902 1073 110 52 nullo
975 1073 110 52 modo:
1036 1073 74 52 ter-

173 1115 152 52 minari
279 1115 91 52 ad
325 1115 213 52 creaturas:
492 1115 91 52 et
538 1115 137 52 tamen
629 1115 137 52 illas
720 1115 122 52 esse
797 1115 122 52 vere
873 1115 183 52 cognitas
1010 1115 76 52 a
1025 1115 91 52 deo.

189 1150 117 65 Item
262 1150 117 65 illi
335 1150 102 65 qui
393 1150 146 65 ponunt
495 1150 102 65 res
554 1150 175 65 cognosci
685 1150 87 65 in
728 1150 146 65 verbo.
830 1150 117 65 Item
903 1150 189 65 quicumque
1034 1150 73 65 po-

179 1197 94 52 nunt
238 1197 165 52 vniversale
368 1197 94 52 esse
426 1197 129 52 aliquid
521 1197 71 52 in
556 1197 106 52 anima
626 1197 141 52 naturali
732 1197 94 52 siue
791 1197 153 52 obiectiue
909 1197 129 52 tantum:
1003 1197 94 52 siue
1050 1197 59 52 est

174 1241 220 60 subiectiue:
350 1241 88 60 et
394 1241 88 60 io
438 1241 161 60 cognito
555 1241 102 60 res
613 1241 102 60 ex:
672 1241 205 60 cognitione
833 1241 176 60 generali
950 1241 161 60 cognosci:

185 1287 78 43 de
224 1287 130 43 quibus
315 1287 143 43 omnibus
419 1287 169 43 videbitur
548 1287 104 43 suis
613 1287 130 43 locis.
704 1287 91 43 Per
756 1287 91 43 hoc
808 1287 117 43 patet
885 1287 104 43 quod
937 1287 169 43 intellectus

177 1332 99 55 non
234 1332 99 55 est
290 1332 128 55 cecus
376 1332 156 55 quantum
489 1332 85 55 ad
532 1332 99 55 res
589 1332 142 55 extra:
688 1332 99 55 cum
745 1332 114 55 eius
816 1332 170 55 cognitio
930 1332 170 55 terminatur

188 1367 70 66 ad
223 1367 128 66 speciem
316 1367 104 66 sicut
386 1367 139 66 doctores
490 1367 151 66 supradic.
606 1367 128 66 arguit.
699 1367 70 66 Et
734 1367 151 66 similiter
850 1367 93 66 quod
908 1367 197 66 diffinitiones
1059 1367 46 66 et

179 1416 138 59 scientie
283 1416 92 59 sunt
341 1416 92 59 vere
398 1416 69 59 de
433 1416 115 59 rebus:
514 1416 92 59 quin
571 1416 92 59 immo
629 1416 115 59 aliter
709 1416 92 59 esse
767 1416 81 59 non
813 1416 127 59 potest:
905 1416 104 59 sicut
974 1416 81 59 nec
1009 1416 92 59 aliter

174 1460 102 51 res
233 1460 205 51 sensibiles
394 1460 161 51 possunt
511 1460 175 51 absentes
642 1460 175 51 cognosci
774 1460 88 51 vt
818 1460 132 51 supra
905 1460 146 51 patet.
1008 1460 73 51 ⁋
1022 1460 88 51 Item

170 1503 115 62 patet
247 1503 102 62 pari
311 1503 140 62 ratione
413 1503 89 62 non
464 1503 115 62 posse
540 1503 115 62 dici:
617 1503 102 62 quod
680 1503 89 62 sit
731 1503 128 62 aliqua
821 1503 140 62 notitia
923 1503 77 62 in
961 1503 115 62 nobis
1025 1503 77 62 imme

173 1553 137 49 diate
264 1553 197 49 terminata
416 1553 91 49 ad
461 1553 106 49 rem
522 1553 137 49 extra
613 1553 121 49 quae
689 1553 106 49 est
750 1553 152 49 absens
856 1553 106 49 vel
917 1553 106 49 non
962 1553 152 49 existit.

183 1587 92 53 Nec
236 1587 172 53 sequitur.
368 1587 92 53 hoc
420 1587 198 53 cognoscitur
579 1587 172 53 immediate
711 1587 92 53 cum
764 1587 92 53 est
817 1587 145 53 absens.
922 1587 132 53 igitur
1001 1587 106 53 potest

167 1628 188 57 cognosci
308 1628 157 57 absens
418 1628 204 57 imediate:
575 1628 141 57 sicut
668 1628 110 57 nec
731 1628 188 57 sequitur
872 1628 110 57 res
935 1628 157 57 absens
1029 1628 78 57 vel

172 1677 85 49 quae
225 1677 74 49 non
268 1677 85 49 est:
321 1677 106 49 potest
395 1677 85 49 esse
449 1677 127 49 praesens
544 1677 74 49 per
587 1677 117 49 speciem
672 1677 96 49 suam.
735 1677 106 49 igitur
810 1677 64 49 et
841 1677 74 49 per
884 1677 106 49 seipam
958 1677 149 49 immediate:
1065 1677 42 49 et

170 1718 117 44 loquor
252 1718 82 44 ita
299 1718 153 44 immediate
417 1718 70 44 de
452 1718 141 44 potentia
557 1718 141 44 naturali
663 1718 70 44 et
698 1718 70 44 de
734 1718 129 44 communi
827 1718 94 44 lege
886 1718 141 44 naturae:
992 1718 82 44 non
1027 1718 82 44 autem

173 1763 77 47 de
212 1763 154 47 speciali
327 1763 141 47 actione
430 1763 90 47 dei
481 1763 90 47 aut
533 1763 154 47 alterius
648 1763 154 47 virtutis
764 1763 116 47 supra
841 1763 141 47 naturam
944 1763 154 47 nostram:
1047 1763 51 47 si

181 1802 88 58 qua
232 1802 88 58 est
282 1802 101 58 quae
345 1802 138 58 causare
446 1802 126 58 possit
534 1802 76 58 in
572 1802 113 58 nobis
647 1802 151 58 notitiam
760 1802 164 58 absentium
886 1802 76 58 et
911 1802 189 58 praeteritorum

163 1850 90 51 aut
215 1850 180 51 futurorum:
356 1850 90 51 qua
408 1850 168 51 immediate
537 1850 103 51 illa
601 1850 180 51 noscantur.
743 1850 77 51 de
782 1850 90 51 quo
833 1850 77 51 ad
872 1850 155 51 praesens
988 1850 90 51 non
1027 1850 77 51 curo

163 1892 167 91 Quantum
284 1892 91 91 ad
330 1892 91 91 3m
376 1892 152 91 dubium
482 1892 167 91 praeter
604 1892 182 91 rationem
740 1892 106 91 ibi
801 1892 152 91 factam
908 1892 167 91 possunt
1029 1892 91 91 ad

453 1929 117 61 duci
526 1929 146 61 plures
628 1929 233 61 auctoritates
818 1929 102 61 que
876 1929 175 61 videntur
993 1929 102 61 sona-

166 1978 76 55 re
204 1978 101 55 quod
267 1978 189 55 intellectus
419 1978 152 55 secundum
533 1978 76 55 se
571 1978 88 55 non
621 1978 126 55 potest
709 1978 189 55 intelligere
861 1978 164 55 singulare
975 1978 126 55 sensibi-

163 2017 97 60 le:
219 2017 97 60 sed
274 2017 125 60 solum
357 2017 166 60 mediante
481 2017 138 60 sensu:
578 2017 83 60 et
620 2017 97 60 per
675 2017 194 60 consequens
827 2017 97 60 cum
883 2017 125 60 illud
952 2017 152 60 singulare

163 2067 101 44 non
220 2067 159 44 mouebit
336 2067 203 44 actualiter
496 2067 159 44 sensum:
612 2067 101 44 non
669 2067 159 44 poterit
785 2067 217 44 intellectus
959 2067 130 44 illud
1032 2067 72 44 de-

171 2113 167 50 terminate
300 2113 77 50 et
338 2113 167 50 distincte
467 2113 206 50 comphendere:
635 2113 90 50 sed
686 2113 116 50 solum
763 2113 77 50 in
802 2113 193 50 vniversali.
956 2113 64 50 ⁋
982 2113 77 50 Et
1008 2113 90 50 primo

170 2149 124 55 quidem
257 2149 224 55 Commentatoris.
443 2149 75 55 2o
480 2149 75 55 de
517 2149 112 55 anima
592 2149 112 55 super
666 2149 99 55 illo
728 2149 124 55 verbo.
815 2149 75 55 P.
853 2149 87 55 vbi
902 2149 149 55 comparat
1002 2149 99 55 sensum

173 2195 141 50 scientie
279 2195 71 50 et
315 2195 130 50 sentire
409 2195 71 50 ad
444 2195 106 50 actum
515 2195 188 50 considerandi
668 2195 141 50 secundum
774 2195 165 50 scientiam:
904 2195 71 50 et
939 2195 118 50 postea
1010 2195 82 50 inter

167 2243 82 56 hos
214 2243 94 56 duos
273 2243 105 56 actus
343 2243 94 56 dans
402 2243 187 56 differentiam
554 2243 94 56 ait.
613 2243 94 56 Dert
671 2243 117 56 autem:
753 2243 94 56 quia
812 2243 152 56 huiusmodi
929 2243 117 56 quidem
999 2243 94 56 actiua

172 2286 188 56 operationis
323 2286 113 56 extra
398 2286 100 56 sunt
461 2286 75 56 vt
499 2286 151 56 visibile
612 2286 75 56 et
650 2286 163 56 audibile:
775 2286 163 56 similiter
901 2286 75 56 et
938 2286 138 56 reliqua
1026 2286 63 56 sen

173 2327 151 48 sibilium.
289 2327 81 48 Cam
336 2327 104 48 autem
405 2327 128 48 quoniam
498 2327 174 48 singularium
637 2327 81 48 que
684 2327 139 48 secundum
788 2327 104 48 actum
858 2327 128 48 sensus:
950 2327 139 48 scientia
1043 2327 58 48 aut

182 2370 201 56 vniversalum.
346 2370 88 56 hec
396 2370 101 56 enim
459 2370 76 56 in
497 2370 101 56 ipsa
560 2370 151 56 quodammo
673 2370 139 56 suntaia
774 2370 101 56 ait.
837 2370 88 56 sed
888 2370 113 56 prima
950 2370 139 56 perfectio

170 2412 119 54 sensus
253 2412 131 54 diciere
349 2412 59 54 a
372 2412 143 54 scientia
479 2412 143 54 scientis
586 2412 83 54 qui
634 2412 83 54 est
682 2412 71 54 in
717 2412 95 54 actu
777 2412 119 54 quando
860 2412 83 54 non
908 2412 178 54 considerat:
1038 2412 48 54 in

171 2457 98 49 hoc
227 2457 112 49 quod
297 2457 140 49 mouens
396 2457 140 49 primam
494 2457 225 49 perfectionem
677 2457 84 49 in
719 2457 126 49 sensu
803 2457 84 49 et
845 2457 183 49 extrahens
986 2457 98 49 eam
1028 2457 56 49 in

171 2505 164 50 secundam
294 2505 109 50 sunt
362 2505 191 50 extrinseca
513 2505 150 50 sensata
622 2505 82 50 et
663 2505 137 50 mouens
758 2505 164 50 scientem
881 2505 82 50 de
922 2505 123 50 prima
990 2505 96 50 perfe

166 2541 129 57 ctione
256 2541 77 57 in
295 2541 90 57 2am
346 2541 90 57 est
398 2541 141 57 aliquid
500 2541 167 57 copulatum
629 2541 90 57 cum
681 2541 116 57 anima
758 2541 167 57 copulante
886 2541 77 57 in
925 2541 116 57 esse.
1002 2541 77 57 Et
1028 2541 64 57 con

175 2587 115 54 mento
252 2587 166 54 sequenti.
380 2587 77 54 Et
418 2587 115 54 causa
495 2587 140 54 inquit.
597 2587 115 54 huius
673 2587 204 54 diuersitatis
839 2587 115 54 inter
916 2587 128 54 sensum
1005 2587 77 54 et
1031 2587 51 54 in

176 2630 175 46 tellectum
310 2630 81 46 in
350 2630 188 46 acquirendo
498 2630 148 46 vltimam
605 2630 215 46 perfectionem
780 2630 81 46 in
820 2630 107 46 hoc:
888 2630 107 46 quod
955 2630 121 46 motor
1022 2630 67 46 est

167 2676 78 54 in
206 2676 116 54 sensu
283 2676 207 54 extrinsecus:
452 2676 78 54 et
490 2676 78 54 in
529 2676 181 54 intellectu
671 2676 194 54 intrinsecus
826 2676 103 54 est:
891 2676 103 54 quia
956 2676 129 54 sensus
1033 2676 52 54 in

169 2722 105 49 actu
235 2722 92 49 non
287 2722 145 49 mouetur
392 2722 105 49 nisi
458 2722 105 49 motu
524 2722 92 49 qui
576 2722 145 49 dicitur
682 2722 184 49 comphensio
826 2722 66 49 a
852 2722 118 49 rebus
918 2722 171 49 particulari

174 2760 95 53 bus
229 2760 230 53 sensibilibus.
418 2760 81 53 et
459 2760 108 53 iste
527 2760 108 53 sunt
594 2760 122 53 extra
676 2760 149 53 animam.
784 2760 203 53 Intellectus
947 2760 122 53 autem
1014 2760 68 53 mod

184 2801 102 58 uetur
252 2801 68 58 ad
286 2801 125 58 vltimam
376 2801 181 58 perfectionem
524 2801 57 58 a
547 2801 102 58 rebus
615 2801 204 58 vniversalibus.
785 2801 68 58 et
819 2801 91 58 iste
876 2801 91 58 sunt
932 2801 68 58 in
966 2801 113 58 anima.
1034 2801 57 58 per

169 2847 91 49 hec
221 2847 117 49 verba
299 2847 104 49 tam.
364 2847 78 49 P.
403 2847 104 49 quam
468 2847 234 49 commentatoris:
662 2847 143 49 apparet
766 2847 104 49 quod
831 2847 195 49 intellectus
987 2847 91 49 non
1026 2847 65 49 mo-

171 2890 138 55 uetur
263 2890 92 55 ad
309 2890 138 55 actum
401 2890 92 55 2m
447 2890 77 55 a
478 2890 138 55 rebus
570 2890 246 55 singularibus
770 2890 138 55 extra
862 2890 169 55 animam:
985 2890 107 55 sed
1031 2890 61 55 ab

179 2936 173 43 vniversalibus
322 2936 82 43 quae
372 2936 82 43 sunt
423 2936 61 43 in
454 2936 102 43 anima:
525 2936 61 43 et
556 2936 71 43 per
597 2936 143 43 consequens
709 2936 82 43 quod
760 2936 71 43 non
801 2936 143 43 intelligit
913 2936 143 43 singularia
1015 2936 71 43 sensi

177 2977 118 54 bilia:
260 2977 83 54 cum
307 2977 83 54 res
354 2977 177 54 vniversales
496 2977 71 54 in
531 2977 106 54 anima
602 2977 83 54 non
649 2977 130 54 causent
744 2977 94 54 nisi
803 2977 177 54 vniversalem
933 2977 153 54 cognitionem

174 3019 97 51 que
230 3019 139 51 maxime
327 3019 139 51 haberi
424 3019 153 51 videtur
535 3019 83 51 in
577 3019 167 51 absentia
701 3019 208 51 sensibilium
868 3019 139 51 quando
965 3019 111 51 sole
1021 3019 69 51 res

177 3066 73 50 in
213 3066 109 50 anima
286 3066 97 50 sunt
346 3066 121 50 causae
431 3066 230 50 intellectionis.
625 3066 61 50 ⁋
649 3066 97 50 Item
710 3066 73 50 3o
746 3066 73 50 de
782 3066 121 50 anima.
867 3066 97 50 dans
915 3066 170 50 differentiam

1157 283 106 69 inter
1228 283 177 69 intellectum
1369 283 177 69 materialem:
1511 283 106 69 cuius
1581 283 130 69 naturam
1676 283 106 69 dicit
1746 283 94 69 esse
1805 283 130 69 naturam
1899 283 141 69 potentie
2006 283 71 69 et
2029 283 59 69 ma-

1171 339 109 49 teriam
1247 339 120 49 primam:
1335 339 87 49 quae
1389 339 76 49 est
1433 339 131 49 potentia
1531 339 87 49 pura
1585 339 131 49 secundum
1684 339 76 49 eum
1727 339 87 49 ait.
1782 339 65 49 et
1814 339 76 49 cum
1858 339 87 49 ista
1912 339 76 49 est
1945 339 131 49 diffinitio

1158 376 174 60 intellectus
1298 376 174 60 materialis:
1437 376 163 60 manifestum
1565 376 81 60 est
1612 376 93 60 quod
1670 376 128 60 diciter
1763 376 93 60 apud
1821 376 105 60 ipsum
1890 376 139 60 scilicet
1995 376 93 60 Arum
2042 376 46 60 a.

1159 424 136 56 materia
1258 424 111 56 prima
1332 424 74 56 in
1369 424 87 56 hoc
1419 424 99 56 quod
1481 424 99 56 ipsa
1543 424 87 56 est
1592 424 74 56 in
1629 424 149 56 potentia
1741 424 111 56 omnes
1815 424 186 56 intentiones
1951 424 124 56 formarum

1170 471 187 48 vniversalium
1322 471 187 48 materialium.
1474 471 105 48 Prima
1544 471 105 48 autem
1614 471 105 48 matia
1684 471 82 48 est
1731 471 70 48 in
1766 471 140 48 potentia
1871 471 105 48 omnes
1941 471 93 48 iste
1988 471 82 48 forme

1163 512 186 55 sensibiles
1309 512 93 55 non
1362 512 186 55 cognoscens
1508 512 120 55 neque
1588 512 239 55 comprehendens.
1787 512 80 55 Et
1827 512 120 55 causa
1906 512 146 55 propter
1999 512 80 55 quam

1164 552 99 62 ista
1225 552 148 62 potentia
1337 552 186 62 intelleetus
1485 552 173 62 materialis
1621 552 87 62 est
1671 552 186 62 distinguens
1819 552 74 62 et
1856 552 186 62 cognoscens.
1992 552 87 62 prima

1155 603 111 57 autem
1229 603 136 57 materia
1328 603 87 57 non
1377 603 87 57 est
1427 603 186 57 distinguens
1575 603 111 57 neque
1650 603 173 57 cognoscens
1786 603 99 57 est.
1848 603 99 57 quia
1910 603 111 57 prima
1972 603 111 57 materia

1162 644 152 54 recipit
1273 644 138 54 formas
1369 644 166 54 diuersas
1493 644 166 54 scilicet
1618 644 235 54 indiuiduales.
1811 644 110 54 Ista
1880 644 124 54 autem
1949 644 124 54 recipit

1157 683 162 55 vniversales.
1288 683 61 55 si
1319 683 81 55 ergo
1369 683 111 55 species
1450 683 152 55 intellectus
1571 683 81 55 sint
1622 683 162 55 vniversales:
1753 683 71 55 cum
1794 683 71 55 per
1834 683 91 55 illas
1895 683 152 55 intelligit:
2006 683 71 55 intel

1161 727 101 63 ligit
1228 727 191 63 vniversaliter
1385 727 123 63 tantum:
1475 727 67 63 et
1508 727 78 63 per
1553 727 157 63 consequens
1677 727 78 63 non
1721 727 168 63 determinate
1856 727 123 63 aliquod
1934 727 135 63 singulare.

1153 771 71 50 ⁋
1181 771 114 50 Item
1253 771 143 50 ibidem
1352 771 214 50 intellectus
1524 771 200 50 comphendit
1680 771 143 50 formam
1780 771 100 50 per
1837 771 86 50 se
1880 771 86 50 et
1923 771 200 50 comphendit

1156 814 218 55 indiuiduum
1328 814 187 55 mediante
1468 814 156 55 sensu.
1577 814 78 55 ⁋
1608 814 125 55 Item
1686 814 171 55 necesse
1811 814 109 55 est
1873 814 94 55 vt
1905 814 171 55 proportio

1148 862 188 53 intentionis
1299 862 75 53 ad
1336 862 188 53 intentionem
1487 862 150 53 scilicet
1600 862 201 53 indiuidualis
1763 862 75 53 ad
1800 862 188 53 vniversalem
1951 862 88 53 sit
1988 862 88 53 sicut

1148 907 172 52 proportio
1280 907 159 52 virtutis
1399 907 251 52 comprehendentis
1610 907 145 52 alteram
1716 907 145 52 illarum
1822 907 79 52 ad
1862 907 145 52 vitutem
1954 907 119 52 compre-

1146 947 183 54 hendentem
1286 947 169 54 alteram:
1413 947 84 54 et
1455 947 98 54 cum
1511 947 155 54 necesse
1624 947 98 54 est
1680 947 84 54 vt
1722 947 98 54 due
1778 947 211 54 intentiones
1947 947 112 54 sint
2003 947 70 54 di-

1155 990 140 54 uerse:
1253 990 155 54 necesse
1366 990 98 54 est
1422 990 84 54 vt
1464 990 169 54 virtutes
1590 990 112 54 sint
1661 990 169 54 diuerse.
1787 990 70 54 ⁋
1815 990 84 54 Ex
1857 990 98 54 hac
1899 990 183 54 auctoritate

1154 1036 135 46 videtur
1252 1036 135 46 haberi:
1350 1036 98 46 quod
1411 1036 86 46 non
1460 1036 110 46 eadem
1533 1036 122 46 virtus
1619 1036 196 46 comprehendit
1778 1036 184 46 intentionem
1913 1036 159 46 vniversalem

1149 1080 71 55 et
1185 1080 201 55 indiuidualem:
1350 1080 71 55 et
1385 1080 83 55 per
1433 1080 165 55 consequens
1562 1080 83 55 cum
1610 1080 177 55 intellectus
1751 1080 165 55 comphendat
1881 1080 177 55 vniversalem
2011 1080 59 55 non

1145 1119 237 59 comprehendit
1338 1119 252 59 indiuidualem.
1545 1119 148 59 igitur
1649 1119 104 59 nec
1708 1119 104 59 per
1767 1119 163 59 seipsum
1885 1119 148 59 absque
1974 1119 89 59 sen-

1143 1165 83 54 su
1185 1165 208 54 intelligere
1351 1165 139 54 potest
1449 1165 194 54 singulare:
1602 1165 111 54 quia
1671 1165 97 54 hoc
1727 1165 97 54 non
1782 1165 181 54 contingit
1921 1165 97 54 per
1963 1165 97 54 inten

1154 1207 130 53 tionem
1245 1207 208 53 vniversalem.
1415 1207 65 53 ⁋
1441 1207 91 53 his
1493 1207 91 53 non
1545 1207 195 53 obstantibus
1701 1207 156 53 dicendum
1818 1207 104 53 quod
1884 1207 91 53 per
1923 1207 169 53 intellectum

1149 1251 186 51 possumus
1288 1251 232 51 intelligere
1473 1251 201 51 singulare
1628 1251 201 51 sensibile
1783 1251 201 51 distincte
1937 1251 93 51 et
1984 1251 139 51 deter

1149 1302 149 49 minate
1254 1302 90 49 ab
1298 1302 149 49 aliis:
1403 1302 90 49 et
1448 1302 105 49 cum
1508 1302 105 49 est
1567 1302 149 49 absens
1672 1302 179 49 sensibus
1806 1302 179 49 nostris.
1941 1302 105 49 hoc
1985 1302 105 49 proba

1143 1338 73 60 ri
1179 1338 121 60 potest
1264 1338 109 60 primo
1337 1338 97 60 sic.
1398 1338 158 60 possibile
1519 1338 85 60 est
1568 1338 134 60 hominem
1665 1338 170 60 actualiter
1799 1338 158 60 recordari
1920 1338 73 60 se
1956 1338 158 60 quandoque

1136 1389 209 46 cognouisse
1300 1389 90 46 et
1345 1389 194 46 dilexisse
1494 1389 164 46 aliquod
1614 1389 194 46 singulare
1763 1389 194 46 sensibile
1912 1389 164 46 absens:
2016 1389 60 46 et

1147 1422 94 51 de
1194 1422 157 51 aliquo
1304 1422 204 51 singulari
1461 1422 204 51 sensibili
1618 1422 173 51 aliquid
1744 1422 220 51 credidisse
1917 1422 110 51 vel
1964 1422 94 51 esti

1135 1471 136 54 masse.
1231 1471 136 54 igitur
1326 1471 177 54 possibile
1462 1471 95 54 est
1517 1471 150 54 hominem
1625 1471 204 54 intelligere
1789 1471 177 54 distincte
1911 1471 150 54 singulare

1144 1512 135 50 aliquod:
1245 1512 146 50 singulare
1357 1512 146 50 sensibile
1469 1512 79 50 non
1514 1512 157 50 praesente.
1637 1512 157 50 Antecedens
1761 1512 101 50 patet
1828 1512 79 50 per
1873 1512 135 50 communem
1963 1512 112 50 experiem

1149 1557 101 45 tiam.
1216 1557 179 45 consequentia
1362 1557 146 45 probatur.
1474 1557 123 45 quoniam
1563 1557 101 45 sicut
1630 1557 168 45 impossibile
1765 1557 90 45 est:
1821 1557 90 45 quod
1877 1557 78 45 ego
1921 1557 146 45 cognoscam
2022 1557 45 45 me

1147 1600 192 45 cognoscere
1298 1600 151 45 aliquam
1408 1600 110 45 rem:
1476 1600 110 45 quin
1545 1600 123 45 illam
1627 1600 96 45 rem
1681 1600 178 45 cognoscam
1818 1600 82 45 et
1860 1600 96 45 per
1914 1600 137 45 eandem
1997 1600 68 45 vim

1146 1638 260 49 cognoscitiuam
1360 1638 107 49 per
1421 1638 122 49 quam
1497 1638 92 49 me
1543 1638 183 49 cognosco
1681 1638 214 49 cognoscere
1849 1638 153 49 illam:
1941 1638 122 49 dicen-

1144 1684 83 53 te
1186 1684 221 53 Commentatore
1366 1684 83 53 2o
1407 1684 83 53 de
1449 1684 138 53 anima.
1545 1684 208 53 Impossibile
1711 1684 97 53 est
1767 1684 83 53 vt
1808 1684 152 53 aliquis
1919 1684 138 53 sensus
2002 1684 83 53 com-

1150 1728 184 48 prehendat
1292 1728 128 48 visum
1377 1728 241 48 comprehendere
1576 1728 170 48 colorem:
1703 1728 114 48 nisi
1774 1728 99 48 est
1831 1728 114 48 ipse
1888 1728 170 48 comphendat

1148 1770 155 48 colorem.
1265 1770 78 48 et
1303 1770 104 48 idem
1368 1770 91 48 est
1420 1770 155 48 iudicium
1536 1770 78 48 de
1575 1770 194 48 quibuslibet
1730 1770 181 48 virtutibus
1860 1770 207 48 apprehensiuis:

1143 1809 104 57 sic
1203 1809 223 57 impossibile
1381 1809 104 57 est
1440 1809 89 57 me
1484 1809 208 57 cognoscere
1648 1809 104 57 rem
1707 1809 163 57 aliquam
1826 1809 208 57 cognouisse
1974 1809 89 57 quin

1136 1853 114 50 illam
1212 1853 177 50 cognoscam:
1351 1853 76 50 et
1389 1853 89 50 per
1440 1853 114 50 eande
1516 1853 177 50 potentiam:
1655 1853 114 50 eadem
1731 1853 127 50 igitur
1820 1853 152 50 potentia
1933 1853 89 50 qua
1971 1853 89 50 recor

1144 1895 132 53 datur:
1236 1895 79 53 et
1276 1895 92 53 per
1329 1895 185 53 consequens
1474 1895 172 53 cognoscit
1606 1895 106 53 quis
1672 1895 79 53 se
1712 1895 198 53 cognouisse:
1870 1895 92 53 aut
1910 1895 145 53 credidis-

1141 1937 76 63 se
1179 1937 88 63 vel
1230 1937 126 63 fuisse
1318 1937 152 63 opinatum
1432 1937 101 63 etc.
1495 1937 164 63 cognoscit
1621 1937 114 63 illam
1697 1937 114 63 talem
1773 1937 101 63 rem:
1836 1937 88 63 sed
1887 1937 139 63 constat
1975 1937 76 63 quod

1145 1980 107 60 illa
1212 1980 94 60 non
1265 1980 174 60 cognoscit
1399 1980 107 60 nisi
1466 1980 94 60 per
1519 1980 214 60 intellectum:
1694 1980 94 60 tum
1747 1980 107 60 quia
1814 1980 120 60 talia
1881 1980 174 60 enunciabius

1132 2022 79 64 de
1171 2022 184 64 praeterito
1316 2022 92 64 non
1368 2022 105 64 nisi
1434 2022 92 64 per
1486 2022 197 64 intellectum
1644 2022 158 64 cognosci
1762 2022 158 64 possunt:
1880 2022 92 64 tum
1933 2022 105 64 quia
1985 2022 66 64 fi-

1148 2069 93 56 des
1201 2069 159 56 dilectio
1320 2069 79 56 et
1359 2069 132 56 opinio
1452 2069 93 56 cum
1505 2069 119 56 sunt:
1584 2069 93 56 non
1637 2069 106 56 nisi
1703 2069 93 56 per
1756 2069 198 56 intellectum
1901 2069 159 56 apprehendi

1139 2117 159 48 possunt.
1258 2117 79 48 Et
1298 2117 79 48 de
1337 2117 106 48 fide
1403 2117 93 48 hoc
1456 2117 159 48 expresse
1575 2117 119 48 dicit
1655 2117 106 48 Aug.
1721 2117 93 48 13.
1774 2117 79 48 de
1813 2117 106 48 tri.
1880 2117 79 48 et
1919 2117 106 48 idem
1985 2117 93 48 est
2025 2117 53 48 iu

1143 2161 146 53 dicium
1246 2161 88 53 de
1289 2161 175 53 ceteris.
1421 2161 73 53 ⁋
1450 2161 190 53 Praeterea
1596 2161 131 53 actus
1683 2161 219 53 rememorandi
1858 2161 102 53 vel
1902 2161 175 53 recordandi

1148 2199 161 54 secundum
1268 2199 107 54 quod
1335 2199 94 54 est
1389 2199 174 54 reuocatio
1523 2199 107 54 eius
1590 2199 107 54 quod
1657 2199 148 54 deletum
1764 2199 107 54 fuit
1831 2199 80 54 ex
1872 2199 161 54 memoria:
1979 2199 67 54 est

1137 2250 110 50 actus
1210 2250 183 50 intellectus
1357 2250 122 50 tantum
1442 2250 85 50 vt.
1491 2250 122 50 dicens
1576 2250 98 50 Aug.
1637 2250 85 50 13.
1686 2250 73 50 de
1723 2250 85 50 ci.
1772 2250 98 50 dei.
1833 2250 73 50 Et
1869 2250 159 50 similiter
1979 2250 98 50 Commen

1144 2291 125 46 tator
1227 2291 83 46 in
1269 2291 83 46 de
1311 2291 153 46 memoria
1422 2291 83 46 et
1463 2291 125 46 remi.
1547 2291 139 46 dicens
1644 2291 125 46 quod.
1727 2291 208 46 Inuestigare
1893 2291 97 46 per
1935 2291 111 46 remeno

1138 2335 178 51 rationem:
1275 2335 82 51 et
1316 2335 164 51 iudicare
1440 2335 110 51 quod
1508 2335 164 51 intentio
1631 2335 110 51 illa
1700 2335 96 51 est
1755 2335 137 51 istius
1851 2335 192 51 imaginati:
1988 2335 68 51 est

1133 2376 75 59 in
1171 2376 125 59 homine
1259 2376 88 59 per
1309 2376 200 59 intellectum.
1472 2376 63 59 ⁋
1497 2376 100 59 Item
1559 2376 113 59 Auic.
1635 2376 75 59 6.
1672 2376 175 59 naturalium
1810 2376 125 59 dicens
1898 2376 100 59 quod
1960 2376 138 59 recorda

1143 2417 91 54 tio
1195 2417 91 54 que
1247 2417 91 54 est
1299 2417 156 54 ingenium
1415 2417 169 54 reuocandi
1545 2417 156 54 obiectum
1662 2417 104 54 quod
1727 2417 143 54 oblitum
1830 2417 104 54 est:
1895 2417 91 54 non
1934 2417 117 54 inueni-

1143 2462 90 43 tur
1195 2462 103 43 nisi
1259 2462 78 43 in
1298 2462 129 43 homine
1389 2462 116 43 solo:
1466 2462 181 43 cognoscere
1608 2462 116 43 eteni
1686 2462 142 43 aliquid
1789 2462 90 43 ibi
1841 2462 129 43 fuisse
1932 2462 103 43 quod
1983 2462 65 43 po-

1140 2502 99 58 stea
1202 2502 137 58 deletum
1301 2502 99 58 est:
1363 2502 87 58 non
1413 2502 87 58 est
1462 2502 99 58 nisi
1525 2502 124 58 virtus
1611 2502 186 58 rationalis.
1760 2502 87 58 sed
1810 2502 137 58 constat
1909 2502 99 58 quod
1959 2502 87 58 talem

1137 2555 132 45 actum
1225 2555 206 45 frequenter
1387 2555 132 45 hemus
1475 2555 132 45 circa
1563 2555 206 45 singularia
1725 2555 147 45 aliqua
1828 2555 220 45 sensibilia:
1989 2555 59 45 vt

1148 2592 131 51 quando
1240 2592 92 51 non
1292 2592 118 51 plene
1371 2592 170 51 meminimus
1502 2592 105 51 quis
1567 2592 105 51 hanc
1633 2592 92 51 rem
1685 2592 92 51 vel
1738 2592 118 51 illam
1816 2592 157 51 fecerit:
1934 2592 105 51 tunc
1987 2592 52 51 in

1133 2638 224 44 uestigamus
1309 2638 240 44 rememorando
1501 2638 176 44 diuersa
1629 2638 128 44 hinc
1709 2638 128 44 inde
1789 2638 144 44 donec
1869 2638 176 44 inuenien-

1135 2678 100 54 mus
1192 2678 242 54 recordationem
1391 2678 185 54 perfectam
1533 2678 114 54 quod
1604 2678 114 54 quis
1675 2678 228 54 determinate:
1860 2678 85 54 vt
1903 2678 128 54 Pate.
1974 2678 71 54 vel

1153 2719 98 52 Dau.
1214 2719 86 52 hoc
1263 2719 123 52 fecit:
1350 2719 74 52 et
1387 2719 74 52 in
1424 2719 98 52 tali
1485 2719 86 52 die
1534 2719 74 52 et
1571 2719 74 52 in
1608 2719 98 52 tali
1670 2719 98 52 loco
1731 2719 74 52 et
1768 2719 160 52 huiusmodi
1891 2719 111 52 alias
1953 2719 86 52 singu

1139 2763 115 51 lares
1216 2763 205 51 conditiones.
1382 2763 77 51 et
1421 2763 90 51 per
1472 2763 192 51 consequens:
1626 2763 102 51 tunc
1690 2763 192 51 cognoscimus
1843 2763 90 51 per
1882 2763 166 51 intellectum

1133 2807 173 57 singulare
1266 2807 133 57 absens
1359 2807 213 57 determinate.
1533 2807 67 57 ⁋
1559 2807 173 57 Praeterea
1693 2807 133 57 certum
1786 2807 93 57 est
1839 2807 107 57 quod
1906 2807 120 57 anima
1973 2807 93 57 segre

1134 2854 109 48 gata
1203 2854 68 48 a
1230 2854 150 48 corpore
1339 2854 123 48 habet
1421 2854 205 48 naturaliter
1584 2854 205 48 cognitionem
1748 2854 136 48 talium
1843 2854 205 48 singularium
1993 2854 55 48 et

1140 2894 181 57 recordatur:
1285 2894 72 57 se
1321 2894 133 57 fecisse
1418 2894 85 57 hoc
1466 2894 72 57 et
1502 2894 109 57 illud
1575 2894 157 57 peccatum.
1696 2894 85 57 vbi
1744 2894 145 57 videtra.
1853 2894 109 57 anima
1925 2894 97 57 iude
1974 2894 60 57 re-

1137 2939 148 45 cordatur
1248 2939 74 45 se
1285 2939 173 45 prodidisse
1421 2939 161 45 christum:
1545 2939 74 45 et
1582 2939 124 45 odisse
1669 2939 99 45 eum:
1730 2939 74 45 et
1767 2939 161 45 similiter
1891 2939 74 45 de
1928 2939 111 45 aliis
1990 2939 62 45 que

1134 2984 182 55 concurrunt.
1279 2984 121 55 igitur
1364 2984 109 55 habet
1437 2984 145 55 notitiam
1546 2984 73 55 de
1582 2984 133 55 persona
1679 2984 158 55 singulari
1801 2984 145 55 christi:
1910 2984 73 55 et
1934 2984 109 55 aliorum

1134 3025 221 53 singularium
1311 3025 236 53 determinate:
1503 3025 133 53 circa
1591 3025 118 53 quae
1665 3025 118 53 suos
1739 3025 147 53 habuit
1842 3025 133 53 malos
1930 3025 147 53 actus:

1139 3071 91 52 et
1184 3071 106 52 hoc
1245 3071 182 52 testatur
1382 3071 197 52 scriptura
1533 3071 91 52 de
1579 3071 121 52 illo
1655 3071 152 52 diuite
1761 3071 167 52 epulone
1882 3071 106 52 qui
1928 3071 121 52 recor
