2486 3553
387 269 156 73 dabatur
500 269 156 73 fratrum
613 269 156 73 suorum:
727 269 85 73 et
769 269 99 73 cui
826 269 142 73 Abraam
925 269 142 73 dixit.
1024 269 184 73 recordare
1165 269 113 73 quia
1222 269 85 73 rece

384 342 120 52 pisti
463 342 106 52 bona
530 342 80 52 in
570 342 106 52 vita
636 342 93 52 tua
689 342 80 52 et
729 342 146 52 lamarus
835 342 173 52 similiter
968 342 120 52 mala.
1048 342 80 52 Et
1088 342 133 52 certum
1180 342 93 52 est
1220 342 80 52 quod

382 392 98 43 non
438 392 224 43 recordabatur
620 392 112 43 tunc
690 392 98 43 per
746 392 168 43 memoriam
871 392 210 43 sensitivam:
1039 392 98 43 sed
1095 392 140 43 tantum
1193 392 98 43 per
1235 392 70 43 in-

377 420 194 52 tellectum.
529 420 138 52 igitur
626 420 166 52 actualem
751 420 152 52 habebat
861 420 166 52 notitiam
986 420 249 52 intellectualem
1193 420 83 52 de
1221 420 83 52 sin-

387 469 170 56 gularibus
518 469 209 56 sensibilibus
688 469 209 56 determinate:
858 469 78 56 et
897 469 118 56 eadem
975 469 144 56 ratione
1080 469 118 56 anima
1145 469 157 56 communiun-

394 507 84 58 ta
436 507 98 58 per
492 507 210 58 intellectum
661 507 140 58 potest
759 507 126 58 nosse
843 507 126 58 talia
927 507 168 58 absentia
1053 507 210 58 singulatia.
1222 507 70 58 ⁋
1250 507 84 58 Ad

390 554 191 57 auctoritates
545 554 107 57 autem
616 554 143 57 adductas
724 554 167 57 respondeo.
855 554 60 57 ⁋
878 554 71 57 Ad
914 554 119 57 primam
997 554 119 57 potest
1081 554 83 57 vno
1128 554 95 57 modo
1188 554 95 57 dici
1236 554 71 57 quod

388 595 114 55 nec.
459 595 85 55 P.
502 595 100 55 nec
558 595 213 55 Commentator
729 595 185 55 loquuntur
871 595 85 55 de
914 595 85 55 2a
957 595 213 55 perfectione
1113 595 185 55 intellectus

391 643 178 50 vniversaliter
537 643 73 50 sed
579 643 63 50 de
611 643 63 50 ea
642 643 105 50 tantum
715 643 84 50 quae
768 643 73 50 est
810 643 126 50 secundum
904 643 115 50 habitum
988 643 178 50 scientificum:
1135 643 63 50 et
1166 643 84 50 illa
1208 643 84 50 vtique

394 680 78 54 est
439 680 179 54 vniversalis:
584 680 67 54 et
618 680 90 54 quod
674 680 78 54 ita
719 680 78 54 sit
763 680 112 54 patet.
842 680 90 54 quia
898 680 112 54 primam
976 680 179 54 perfectionem
1122 680 112 54 sensus
1189 680 112 54 comparat

394 729 138 50 cientiae
497 729 80 50 que
543 729 80 50 est
589 729 138 50 habitus.
692 729 80 50 non
738 729 103 50 autem
807 729 138 50 potentie
910 729 195 50 intellectiue:
1071 729 69 50 et
1105 729 80 50 2am
1139 729 161 50 perfectionem

383 769 125 55 sensus
471 769 150 55 scilicet
584 769 138 55 sentire
684 769 150 55 comparat
796 769 113 55 actui
871 769 88 55 qui
921 769 88 55 est
971 769 188 55 considerare
1121 769 150 55 secundum
1221 769 88 55 habi-

377 822 94 42 tum
430 822 174 42 scientie.
564 822 80 42 et
604 822 80 42 ad
645 822 121 42 illum
725 822 121 42 actum
805 822 147 42 concedo
912 822 201 42 intellectum
1073 822 134 42 moueri
1154 822 147 42 immediate

382 863 57 46 a
404 863 102 46 rebus
472 863 204 46 vniversalibus:
643 863 79 46 que
688 863 91 46 sunt
745 863 68 46 in
779 863 68 46 eo
813 863 91 46 siue
870 863 91 46 sint
926 863 114 46 plures
1006 863 170 46 vniversales
1142 863 136 46 species:
1233 863 68 46 siue

377 902 128 55 habitus
471 902 187 55 vniversalium
622 902 82 55 vel
669 902 140 55 quicquid
774 902 82 55 sit
821 902 117 55 illud:
902 902 70 55 et
937 902 128 55 concedo
1031 902 93 55 quod
1089 902 105 55 talis
1159 902 128 55 notitia
1241 902 58 55 est

382 949 204 47 vniversalis.
548 949 89 47 sed
599 949 89 47 cum
650 949 89 47 hoc
701 949 102 47 stat
765 949 102 47 quod
829 949 191 47 intellectus
982 949 128 47 habeat
1071 949 115 47 aliam
1148 949 153 47 notitiam
1250 949 51 47 de

385 993 229 50 singularibus
571 993 229 50 determinate:
756 993 100 50 nec
814 993 186 50 oppositum
957 993 157 50 volunt.
1071 993 114 50 Alio
1142 993 114 50 modo
1200 993 114 50 potest

378 1032 91 58 dici
435 1032 148 58 supposito
549 1032 91 58 quod
606 1032 160 58 loqueretur
731 1032 194 58 vniversaliter
891 1032 68 58 de
925 1032 125 58 secunda
1016 1032 171 58 perfectione
1141 1032 160 58 intellectus:

376 1080 110 49 quod
445 1080 110 49 ipse
514 1080 96 49 non
569 1080 124 49 dicit
651 1080 96 49 nec
707 1080 165 49 intendit
830 1080 151 49 dicere:
940 1080 110 49 quod
1009 1080 206 49 intellectus
1174 1080 96 49 non
1216 1080 96 49 mouea

381 1118 99 54 tur
438 1118 71 54 a
466 1118 142 54 formis
565 1118 270 54 indiuidualibus:
793 1118 99 54 ita
850 1118 114 54 quod
921 1118 85 54 in
963 1118 99 54 hoc
1020 1118 185 54 differatr
1162 1118 71 54 a
1176 1118 128 54 sensum:

392 1167 91 51 qui
444 1167 104 51 ille
509 1167 65 51 a
535 1167 117 51 rebus
613 1167 233 51 particularibus
807 1167 156 51 mouetur:
924 1167 104 51 iste
989 1167 117 51 autem
1067 1167 104 51 non.
1131 1167 91 51 sed
1183 1167 91 51 ait
1222 1167 78 51 quod

374 1205 102 52 iste
438 1205 190 52 intellectus
590 1205 140 52 mouetur
692 1205 63 52 a
717 1205 114 52 rebus
793 1205 229 52 vniversalibus.
984 1205 127 52 volens
1073 1205 102 52 quod
1136 1205 102 52 ista
1199 1205 89 52 sit
1238 1205 63 52 dif

372 1246 188 57 ferentia:
516 1246 116 57 quod
588 1246 144 57 sensus
689 1246 101 57 non
747 1246 159 57 mouetur
862 1246 87 57 ab
906 1246 260 57 vniuersalibus:
1122 1246 87 57 et
1166 1246 101 57 hoc
1209 1246 101 57 mani-

380 1294 133 52 feste
469 1294 147 52 innuit
572 1294 191 52 exclusiua
719 1294 177 52 locutio:
851 1294 103 52 qua
910 1294 103 52 ait
969 1294 88 52 de
1013 1294 133 52 sensu
1102 1294 118 52 quod
1175 1294 103 52 non
1220 1294 88 52 moue

383 1341 99 49 tur
439 1341 113 49 nisi
510 1341 113 49 motu
581 1341 99 49 qui
637 1341 155 49 dicitur
750 1341 226 49 comprehensio
934 1341 71 49 a
962 1341 127 49 rebus
1047 1341 268 49 particularibus.
1259 1341 56 49 Et

381 1384 104 50 hec
440 1384 163 50 solutio
559 1384 119 50 mihi
633 1384 89 50 ad
678 1384 133 50 pilus
766 1384 163 50 placet:
885 1384 89 50 et
930 1384 133 50 magis
1018 1384 178 50 conuenit
1152 1384 133 50 aliis
1226 1384 74 50 di-

388 1428 115 49 ctis
459 1428 129 49 suis:
546 1428 86 49 vt
589 1428 158 49 patebit
704 1428 86 49 in
747 1428 230 49 sequentibus.
934 1428 72 49 ⁋
962 1428 86 49 Ad
1005 1428 101 49 2am
1063 1428 129 49 primo
1149 1428 144 49 potest
1235 1428 72 49 di-

389 1475 81 43 ci
429 1475 108 43 quod
496 1475 148 43 quamuis
604 1475 202 43 Commentator
766 1475 135 43 dicat:
860 1475 108 43 quod
928 1475 202 43 intellectus
1089 1475 148 43 recipit
1184 1475 121 43 formmas

391 1511 175 57 vniversales:
533 1511 77 57 non
577 1511 99 57 tamen
643 1511 99 57 negat
709 1511 77 57 eum
752 1511 131 57 recipere
851 1511 186 57 indiuiduales:
1004 1511 66 57 et
1037 1511 88 57 ideo
1092 1511 164 57 differentia
1212 1511 99 57 quantum

385 1556 84 53 ad
427 1556 98 53 hoc
483 1556 224 53 intelligenda
664 1556 112 53 est:
734 1556 112 53 quia
804 1556 154 53 materia
916 1556 154 53 recipit
1028 1556 224 53 indiuiduales
1195 1556 112 53 tantum

393 1598 161 46 intellectus
522 1598 86 46 vero
576 1598 75 46 est
619 1598 172 46 vniversales.
759 1598 54 46 ⁋
780 1598 108 46 Aliter
856 1598 97 46 adhuc
920 1598 108 46 potest
995 1598 86 46 dici
1049 1598 86 46 quod
1103 1598 194 46 Commentatoris.
1253 1598 54 46 per

379 1644 161 52 formas
492 1644 258 52 indiuiduales
702 1644 97 52 et
750 1644 145 52 istas
847 1644 226 52 intelligit
1024 1644 161 52 formas
1121 1644 194 52 sensibiles

383 1687 73 55 et
419 1687 183 55 materiales:
566 1687 98 55 quas
627 1687 98 55 quia
688 1687 134 55 recipit
786 1687 147 55 materia:
896 1687 98 55 ideo
957 1687 86 55 non
1006 1687 86 55 est
1055 1687 171 55 cognoscens
1190 1687 110 55 neque
1251 1687 61 55 di-

391 1732 83 52 st
433 1732 166 52 inguens.
557 1732 207 52 Intellectus
722 1732 124 52 autem
805 1732 97 52 non
861 1732 152 52 recipit
971 1732 138 52 tales:
1068 1732 97 52 sed
1109 1732 207 52 intentionales

381 1773 136 45 tantum:
480 1773 74 45 et
517 1773 99 45 ideo
579 1773 173 45 cognoscens
715 1773 87 45 est
765 1773 74 45 et
802 1773 198 45 distinguens:
963 1773 87 45 cum
1013 1773 87 45 hoc
1062 1773 112 45 autem
1137 1773 99 45 stat
1198 1773 99 45 quod
1248 1773 62 45 re-

377 1817 126 53 cipiat
466 1817 214 53 intentionales
642 1817 189 53 vniversales
793 1817 76 53 et
831 1817 214 53 intentionales
1007 1817 189 53 singulares:
1158 1817 76 53 et
1196 1817 101 53 quod
1246 1817 63 53 ita

382 1858 191 50 intelligat
532 1858 164 50 Comment.
655 1858 123 50 patet
737 1858 82 50 ex
778 1858 150 50 duobus.
887 1858 123 50 Primo
968 1858 82 50 ex
1009 1858 123 50 verbo
1091 1858 109 50 quod
1145 1858 164 50 praemittit

391 1902 92 53 dando
452 1902 163 53 differentiam
584 1902 92 53 inter
645 1902 122 53 materiam
737 1902 61 53 et
767 1902 163 53 intellectum.
900 1902 143 53 dicensenim
1012 1902 81 53 quod
1063 1902 112 53 materia
1144 1902 71 53 est
1185 1902 61 53 in
1205 1902 102 53 potentia

392 1953 110 43 omnes
465 1953 98 43 iste
526 1953 110 43 forme
600 1953 184 43 sensibiles:
747 1953 184 43 intellectus
894 1953 110 43 autem
967 1953 73 43 in
1004 1953 147 43 potentia
1114 1953 110 43 omnes
1176 1953 122 43 intentio

382 1991 110 49 nes.
451 1991 110 49 idem
520 1991 138 49 igitur
616 1991 165 49 intendit
740 1991 96 49 per
795 1991 193 49 sensibiles
946 1991 83 49 et
988 1991 220 49 indiuiduales
1166 1991 138 49 istas:
1249 1991 55 49 et

393 2034 94 52 idem
452 2034 82 52 per
499 2034 176 52 intentiones
639 2034 70 52 et
674 2034 117 52 formas
756 2034 187 52 vniversales.
909 2034 70 52 2o
944 2034 94 52 idem
1002 2034 70 52 et
1038 2034 129 52 fortius
1131 2034 105 52 patet
1202 2034 70 52 ex
1225 2034 82 52 causa

383 2078 101 59 quam
447 2078 152 59 assignat
560 2078 139 59 propter
662 2078 101 59 quam
725 2078 114 59 matia
801 2078 89 59 non
852 2078 89 59 est
902 2078 190 59 cognoscens.
1054 2078 89 59 Nam
1105 2078 127 59 certum
1193 2078 89 59 est
1231 2078 76 59 quod

381 2129 86 47 ex
424 2129 100 47 hoc
481 2129 114 47 quod
552 2129 100 47 est
609 2129 171 47 recipere
737 2129 143 47 formas
837 2129 228 47 intentioales
1022 2129 200 47 singulares
1179 2129 100 47 non
1222 2129 86 47 post

383 2167 130 51 argui
469 2167 188 51 recipiens
614 2167 101 51 non
672 2167 116 51 esse
744 2167 217 51 cognoscens:
918 2167 101 51 cum
976 2167 130 51 nulla
1063 2167 145 51 virtus
1150 2167 159 51 sensitiua

386 2206 149 54 recipiat
497 2206 186 54 intentiones
646 2206 186 54 vniversales
795 2206 74 54 vt
832 2206 198 54 distiguuntur
993 2206 124 54 contra
1080 2206 186 54 intentiones
1217 2206 99 54 indiui

390 2256 155 48 duales.
503 2256 99 48 Sed
559 2256 184 48 quaelibet
701 2256 184 48 sensitiua
842 2256 155 48 recipit
955 2256 212 48 intentiones
1110 2256 198 48 indiuiduales

390 2294 127 48 tantum
479 2294 76 48 vt
518 2294 140 48 habitum
619 2294 89 48 est
670 2294 127 48 supra:
760 2294 76 48 et
798 2294 115 48 tamen
874 2294 140 48 quaedam
976 2294 166 48 sensitiue
1103 2294 102 48 sunt
1154 2294 153 48 cognitiue:

390 2340 70 48 et
425 2340 93 48 ideo
483 2340 198 48 intelligendus
646 2340 81 48 est
693 2340 198 48 Commentatori.
856 2340 70 48 vt
891 2340 105 48 prius
961 2340 116 48 dictum
1042 2340 93 48 est.
1100 2340 70 48 et
1135 2340 93 48 tunc
1194 2340 81 48 est
1229 2340 81 48 verum

387 2387 114 49 dictum
467 2387 92 49 eius
524 2387 206 49 vniversaliter:
695 2387 126 49 quoniam
787 2387 103 49 nulla
856 2387 137 49 potentia
958 2387 149 49 receptiua
1073 2387 137 49 formarum
1164 2387 149 49 sensibilium

392 2428 174 44 materialium
532 2428 81 44 est
578 2428 162 44 cognoscens
705 2428 81 44 aut
752 2428 186 44 distinguens.
903 2428 70 44 Et
937 2428 93 44 ideo
995 2428 116 44 dicens
1077 2428 70 44 P.
1111 2428 70 44 2o
1146 2428 70 44 de
1181 2428 116 44 anima.
1250 2428 70 44 quod

392 2471 142 53 quilibet
499 2471 119 53 sensus
582 2471 83 53 est
630 2471 178 53 susceptiuus
772 2471 119 53 sperum
855 2471 95 53 sine
914 2471 142 53 materia.
1021 2471 83 53 vbi
1069 2471 154 53 Commment.
1187 2471 119 53 dicens
1259 2471 47 53 Si

386 2513 101 57 enim
449 2513 163 57 reciperet
575 2513 88 57 eas
625 2513 75 57 in
663 2513 151 57 materia:
776 2513 101 57 tunc
839 2513 101 57 idem
902 2513 101 57 esse
965 2513 151 57 haberent
1078 2513 75 57 in
1115 2513 113 57 anima
1191 2513 75 57 et
1216 2513 88 57 extre

396 2559 133 47 animam:
493 2559 72 47 et
529 2559 97 47 ideo
589 2559 72 47 in
625 2559 109 47 anima
698 2559 97 47 sunt
758 2559 181 47 intentiones
903 2559 72 47 et
940 2559 217 47 comphensiones:
1121 2559 72 47 et
1157 2559 109 47 extra
1217 2559 97 47 animam

392 2603 82 50 non
439 2603 94 50 sunt
498 2603 224 50 comprehensiones
686 2603 106 50 neque
757 2603 188 50 intentiones:
910 2603 82 50 sed
957 2603 82 50 res
1004 2603 165 50 materiales
1134 2603 82 50 non
1169 2603 141 50 comprehen-

389 2645 70 47 se
424 2645 129 47 omnino.
518 2645 59 47 ⁋
542 2645 70 47 Et
577 2645 70 47 si
612 2645 141 47 dicatur.
718 2645 70 47 in
753 2645 94 47 fine
812 2645 141 47 commenti
917 2645 106 47 dicti
988 2645 106 47 ipse.
1058 2645 117 47 dicens
1140 2645 94 47 quod
1187 2645 129 47 intentio-

392 2684 89 51 nes
443 2684 101 51 quas
506 2684 139 51 recipit
608 2684 190 51 intellectus
760 2684 101 51 sunt
823 2684 203 51 vniversales:
988 2684 76 51 he
1026 2684 101 51 vero
1089 2684 101 51 quas
1152 2684 139 51 recipit
1241 2684 76 51 sen-

397 2732 74 46 sus
440 2732 74 46 sut
482 2732 85 46 iste
536 2732 64 46 id
568 2732 74 46 est
610 2732 181 46 indiuiduales.
759 2732 138 46 Similiter
866 2732 64 46 3o
897 2732 64 46 de
929 2732 106 46 anima.
1004 2732 106 46 dicens
1078 2732 85 46 quod
1131 2732 106 46 virtus
1195 2732 128 46 rationalis

400 2775 158 48 distinguit
524 2775 169 48 intentiones
659 2775 180 48 vniversales.
806 2775 135 48 Dudendum
907 2775 90 48 quod
963 2775 101 48 verba
1031 2775 147 48 Commenta.
1144 2775 90 48 sunt
1200 2775 90 48 ista
1245 2775 68 48 ille

404 2820 82 54 vero
455 2820 123 54 scilicet
547 2820 82 54 quas
599 2820 113 54 recipit
681 2820 154 54 intellectus
804 2820 82 54 sunt
855 2820 164 54 vniversales:
989 2820 82 54 iste
1040 2820 82 54 vero
1091 2820 82 54 sunt
1143 2820 103 54 tantum
1214 2820 92 54 iste:
1266 2820 51 54 per

397 2863 91 48 quam
453 2863 147 48 dictionem
567 2863 159 48 exclusiuam
691 2863 102 48 patet
759 2863 91 48 quod
816 2863 170 48 differentia
952 2863 79 48 sed
997 2863 79 48 eum
1042 2863 79 48 est
1088 2863 68 48 in
1121 2863 91 48 hoc:
1178 2863 91 48 quod
1223 2863 91 48 sensus

400 2907 92 52 non
452 2907 145 52 recipit
558 2907 105 52 nisi
623 2907 224 52 indiuiduales:
807 2907 197 52 intellectus
965 2907 105 52 vero
1031 2907 92 52 non
1084 2907 131 52 tantum
1162 2907 145 52 indiuidua

400 2949 103 51 les:
464 2949 90 51 sed
516 2949 90 51 est
567 2949 205 51 vniversales.
733 2949 64 51 ⁋
759 2949 77 51 Et
797 2949 77 51 si
836 2949 141 51 alicubi
938 2949 141 51 diceret
1041 2949 103 51 quod
1105 2949 90 51 non
1156 2949 141 51 recipit
1246 2949 64 51 vel

404 2991 186 50 distinguit
550 2991 226 50 indiuiduales:
736 2991 226 50 intelligendum
922 2991 93 50 est
975 2991 93 50 cum
1028 2991 186 50 exclusione
1174 2991 80 50 id
1214 2991 93 50 est
1254 2991 66 50 non

395 3038 139 50 recipit
496 3038 126 50 tantum
585 3038 215 50 indiuiduales:
762 3038 114 50 alias
838 3038 101 50 sibi
901 3038 215 50 contradiceret
1078 3038 164 50 expresse:
1204 3038 88 50 cum
1242 3038 76 50 ipse

408 3079 123 71 dicat
491 3079 110 71 quod
559 3079 233 71 vniuersalitas
751 3079 82 71 et
792 3079 247 71 indiuidualitas
998 3079 96 71 per
1053 3079 206 71 intellectum
1203 3079 110 71 comphe

1346 259 122 80 duntur
1431 259 73 80 2o
1468 259 73 80 de
1505 259 122 80 anima.
1590 259 73 80 et
1627 259 85 80 li.
1676 259 73 80 3o
1712 259 98 80 quod
1773 259 122 80 virtus
1859 259 171 80 rationalis
1993 259 171 80 distinguit
2115 259 159 80 intentiones

1342 328 194 55 vniversales
1497 328 78 55 et
1536 328 220 55 indiuiduales:
1717 328 116 55 sicut
1795 328 78 55 in
1834 328 116 55 primo
1912 328 116 55 arti.
1989 328 91 55 est
2041 328 181 55 allegatum.
2183 328 65 55 ⁋
2196 328 78 55 Item

1343 375 110 50 eodem
1416 375 86 50 lir
1465 375 123 50 dicens
1551 375 98 50 quod
1613 375 110 50 anima
1686 375 172 50 comphendit
1821 375 159 50 alietatem
1944 375 110 50 inter
2017 375 123 50 formam
2103 375 74 50 et
2128 375 147 50 indiuiduum

1337 416 74 49 et
1374 416 99 49 quod
1435 416 172 49 comphendit
1571 416 160 49 alietatem
1694 416 111 49 inter
1768 416 86 49 duo
1817 416 172 49 necessario
1953 416 111 49 vndeo
2027 416 99 49 modo
2088 416 111 49 vnum:
2162 416 74 49 et
2187 416 86 49 multa

1351 461 89 54 alio
1406 461 100 54 modo:
1473 461 67 54 Et
1506 461 89 54 ista
1562 461 78 54 est
1606 461 156 54 dispositio
1729 461 167 54 intellectus
1862 461 67 54 in
1895 461 200 54 comprehendendo
2062 461 144 54 alietatem
2173 461 89 54 quae
2217 461 56 54 est

1335 508 128 47 inter
1420 508 142 47 formam
1519 508 85 47 et
1562 508 213 47 indiuiduum.
1732 508 85 47 Ex
1774 508 99 47 hoc
1831 508 184 47 manifeste
1972 508 128 47 patet
2057 508 113 47 quod
2128 508 113 47 ipse
2185 508 85 47 vult

1344 549 89 54 quod
1399 549 166 54 intellectus
1532 549 177 54 comprehendit
1676 549 166 54 indiuiduum.
1810 549 55 54 ⁋
1832 549 67 54 Et
1865 549 67 54 si
1898 549 100 54 dicat
1965 549 89 54 quod
2020 549 100 54 ipse.
2087 549 111 54 dicens
2164 549 89 54 quod
2209 549 55 54 in-

1341 591 178 53 tellectus
1478 591 219 53 comprehendit
1657 591 192 53 indiuiduum
1808 591 165 53 mediante
1931 591 137 53 sensu:
2027 591 110 53 dico
2095 591 110 53 quod
2164 591 123 53 istud

1344 631 84 54 non
1392 631 120 54 tollit
1476 631 180 54 propositum:
1620 631 96 54 quin
1680 631 180 54 intellectus
1824 631 192 54 comprehendat
1980 631 180 54 indiuiduum:
2124 631 108 54 sicut
2184 631 84 54 etiam

1343 681 126 49 sensus
1432 681 164 49 communis:
1558 681 101 49 quem
1621 681 88 49 pro
1671 681 126 49 simili
1760 681 88 49 ibi
1810 681 139 49 adducit
1911 681 164 49 Commenta.
2037 681 202 49 comprehendit
2189 681 88 49 sensi

1352 726 119 48 bilia
1431 726 172 48 exteriora
1563 726 198 48 mediantibus
1722 726 159 48 sensibus
1841 726 251 48 particularibus:
2052 726 79 48 et
2092 726 119 48 tamen
2171 726 106 48 vere
2224 726 53 48 in

1342 766 80 50 eo
1382 766 93 50 est
1435 766 186 50 comprehemo
1581 766 213 50 sensibilium:
1754 766 120 50 sicut
1834 766 120 50 licem
1914 766 160 50 mediante
2034 766 120 50 sensu
2100 766 173 50 intellectus

1355 811 175 50 oprehendat
1492 811 187 50 indiuiduum:
1641 811 175 50 veruntamen
1778 811 187 50 intellectus
1928 811 175 50 comphendit
2065 811 112 50 illud
2127 811 150 50 comprehen-

1347 858 127 49 sione
1432 858 183 49 existente
1573 858 85 49 in
1615 858 113 49 ipso
1685 858 198 49 intellectu
1841 858 212 49 subiectiue:
2010 858 127 49 alias
2095 858 99 49 nec
2151 858 127 49 esset
2222 858 56 49 ve

1343 894 91 52 rum
1395 894 104 52 quod
1460 894 233 52 comprehenderet
1654 894 182 52 indiuiduum
1797 894 91 52 nec
1849 894 104 52 quod
1914 894 195 52 cognosceret
2069 894 169 52 alietatem
2186 894 91 52 inter

1349 946 90 47 mam
1401 946 77 47 id
1439 946 90 47 est
1490 946 180 47 indiuiduum
1632 946 77 47 et
1670 946 141 47 formam:
1773 946 90 47 non
1824 946 116 47 plurs
1901 946 103 47 quam
1966 946 103 47 quod
2030 946 128 47 sensus
2107 946 154 47 comphende-

1336 982 98 53 ret
1392 982 140 53 formam
1490 982 168 53 mediante
1616 982 210 53 intellectu:
1784 982 84 53 et
1827 982 182 53 alietatem
1967 982 126 53 inter
2051 982 140 53 formam
2149 982 84 53 et
2177 982 98 53 indi-

1348 1031 155 47 uiduum.
1461 1031 99 47 Nam
1517 1031 113 47 tunc
1588 1031 212 47 intellectus
1758 1031 254 47 comprehenderet
1969 1031 113 47 vnum
2040 1031 170 47 extremum
2153 1031 113 47 tantum

1340 1070 169 53 alietatis
1470 1070 78 53 et
1509 1070 130 53 sensus
1601 1070 130 53 aliud.
1692 1070 78 53 Et
1731 1070 104 53 ideo
1796 1070 91 53 non
1848 1070 117 53 plurs
1926 1070 169 53 diceretur
2057 1070 195 53 intellectus
2200 1070 65 53 ap-

1347 1119 182 53 pehendere
1487 1119 182 53 alietates
1628 1119 154 53 illorum
1740 1119 112 53 quam
1810 1119 154 53 sensus.
1922 1119 70 53 ⁋
1950 1119 98 53 Sed
2006 1119 112 53 tunc
2077 1119 154 53 videtur
2175 1119 98 53 stare

1339 1159 132 53 articum
1435 1159 96 53 quod
1495 1159 120 53 saltem
1579 1159 72 53 in
1615 1159 144 53 absentia
1723 1159 168 53 sensibilis
1856 1159 180 53 intellectus
2000 1159 84 53 non
2048 1159 180 53 apprehendit
2180 1159 72 53 indi

1352 1210 138 40 uiduum.
1453 1210 100 40 quia
1515 1210 125 40 dicens
1603 1210 163 40 Commenta.
1728 1210 100 40 quod
1791 1210 188 40 intellectus
1942 1210 188 40 apprehendit
2092 1210 113 40 ipsum
2155 1210 125 40 mediante

1348 1244 124 48 sensum
1434 1244 148 48 scilicet
1545 1244 198 48 particulari.
1706 1244 86 48 sed
1755 1244 124 48 dictum
1842 1244 86 48 est
1891 1244 99 48 quod
1953 1244 99 48 ille
2015 1244 86 48 non
2064 1244 161 48 apphendit
2175 1244 99 48 sensi-

1343 1290 106 51 bile
1409 1290 145 51 absens.
1514 1290 66 51 ⁋
1541 1290 158 51 Dicendum
1660 1290 106 51 quod
1726 1290 92 51 hoc
1778 1290 224 51 intelligentum
1963 1290 92 51 est
2016 1290 79 51 de
2056 1290 211 51 comphensione
2214 1290 66 51 qua

1350 1333 106 58 primo
1421 1333 177 58 intellectus
1563 1333 189 58 comprehendit
1717 1333 154 58 singulare
1835 1333 165 58 sensibile:
1965 1333 95 58 tunc
2024 1333 95 58 enim
2083 1333 165 58 necessario
2201 1333 71 58 con-

1353 1376 138 53 currit
1450 1376 221 53 comprehenuio
1629 1376 152 53 eiusdem
1739 1376 193 53 singularis
1891 1376 193 53 sensibilis
2043 1376 97 53 per
2098 1376 152 53 sensum.
2208 1376 97 53 Sed

1361 1420 101 51 post
1424 1420 126 51 primam
1512 1420 227 51 comphensionem:
1701 1420 126 51 habita
1789 1420 126 51 specie
1877 1420 126 51 illius
1965 1420 189 51 sensibilis:
2104 1420 176 51 intellectus.

1353 1466 138 52 potest
1450 1466 125 52 ipsum
1533 1466 235 52 apprehendere.
1727 1466 111 52 esto
1796 1466 111 52 quod
1865 1466 111 52 tunc
1934 1466 125 52 illud
2017 1466 138 52 sensus
2114 1466 97 52 non
2156 1466 125 52 apphen-

1348 1509 110 52 dat.
1417 1509 69 52 ⁋
1444 1509 82 52 Et
1486 1509 96 52 per
1541 1509 96 52 hoc
1595 1509 124 52 patet
1678 1509 82 52 ad
1719 1509 96 52 3am
1774 1509 220 52 auctoritatem
1952 1509 179 52 inductam.
2090 1509 69 52 ⁋
2117 1509 82 52 Ad
2145 1509 137 52 vltimam.

1355 1559 148 41 dicendum
1466 1559 99 41 quod
1528 1559 99 41 illa
1590 1559 161 41 proportio
1713 1559 111 41 debet
1787 1559 173 41 intelligi.
1923 1559 111 41 sicut
1998 1559 148 41 intentio
2097 1559 185 41 indiuidualis:

1344 1598 78 55 non
1388 1598 78 55 est
1433 1598 122 55 intenuo
1521 1598 166 55 vniversalis
1654 1598 78 55 nec
1698 1598 144 55 econverso
1809 1598 78 55 sic
1853 1598 111 55 virtus
1931 1598 177 55 apprehendens
2075 1598 111 55 tantum
2141 1598 133 55 indiuidua-

1362 1642 84 52 tem
1410 1642 193 52 intentionem:
1567 1642 72 52 et
1603 1642 84 52 est
1652 1642 133 52 sensus:
1748 1642 84 52 non
1796 1642 84 52 est
1845 1642 121 52 virtus
1929 1642 181 52 comphendens
2074 1642 181 52 vniversalem
2207 1642 72 52 qua-

1362 1683 86 48 lis
1411 1683 86 48 est
1460 1683 197 48 intellectus.
1620 1683 86 48 Non
1669 1683 98 48 vult
1730 1683 111 48 autem
1804 1683 160 48 Commenta.
1927 1683 98 48 quod
1988 1683 111 48 sicut
2062 1683 123 48 aliqua
2136 1683 147 48 comprehen-

1358 1726 97 48 dens
1419 1726 195 48 indiuidualem
1577 1726 85 48 non
1626 1726 170 48 comphendit
1760 1726 195 48 vniversalem:
1918 1726 85 48 sic
1966 1726 207 48 comprehendens
2125 1726 158 48 vniversalem

1346 1772 83 53 non
1393 1772 165 53 comphendit
1523 1772 201 53 indiuidualem.
1688 1772 94 53 quia
1747 1772 106 53 tamen
1818 1772 142 53 proprium
1924 1772 83 53 est
1971 1772 177 53 intellectui
2101 1772 177 53 vniversaliter

1355 1814 190 52 comphendere:
1509 1814 83 52 sic
1557 1814 95 52 quod
1616 1814 107 52 nulla
1687 1814 95 52 alia
1746 1814 118 52 virtus
1829 1814 190 52 comprehendat
1983 1814 213 52 vniversaliter:
2161 1814 71 52 et
2196 1814 71 52 in
2220 1814 59 52 hoc

1347 1853 225 58 distinguitur
1530 1853 84 58 ab
1572 1853 126 58 aliis
1656 1853 197 58 virtutibus
1810 1853 225 58 apphensiuis.
1993 1853 112 58 ideo
2063 1853 211 58 frequenter.
2218 1853 56 58 P.

1358 1907 74 48 et
1395 1907 136 48 Commen.
1493 1907 123 48 dicunt
1580 1907 99 48 quod
1641 1907 185 48 intellectus
1789 1907 173 48 comphendit
1925 1907 185 48 intentiones
2073 1907 185 48 vniversales
2208 1907 62 48 non

1361 1942 145 47 semper:
1466 1942 92 47 cum
1519 1942 92 47 hoc
1572 1942 171 47 dicentes:
1703 1942 105 47 quod
1769 1942 211 47 comprehendit
1940 1942 224 47 indiuiduales:
2125 1942 105 47 quia
2191 1942 79 47 in
2217 1942 66 47 hoc

1347 1992 169 49 conuenit
1474 1992 99 49 non
1530 1992 226 49 distinguitur
1714 1992 85 49 ab
1756 1992 141 49 aliis.
1855 1992 169 49 Sufficit
1982 1992 127 49 autem
2066 1992 99 49 eis
2109 1992 169 49 assignare:

1358 2030 207 55 comphensionem
1528 2030 146 55 propriam
1638 2030 109 55 eius:
1711 2030 73 55 et
1747 2030 122 55 maxime
1832 2030 122 55 quando
1917 2030 122 55 volunt
2002 2030 195 55 differentiam
2161 2030 97 55 eius
2221 2030 73 55 ad

1350 2079 136 54 alias
1440 2079 181 54 virtutes
1576 2079 241 54 comphensiuas
1772 2079 196 54 ostedere.
1923 2079 75 54 ⁋
1953 2079 90 54 Ad
1998 2079 181 54 rationem
2134 2079 136 54 supra
2210 2079 75 54 fa-

1353 2125 93 45 ctam
1412 2125 82 45 pro
1458 2125 93 45 isto
1516 2125 105 45 dubio
1586 2125 140 45 dicendum
1691 2125 93 45 quod
1749 2125 93 45 illa
1808 2125 186 45 consequentia
1959 2125 105 45 nihil
2029 2125 116 45 valet.
2110 2125 105 45 alias
2180 2125 82 45 per
2215 2125 70 45 ean-

1359 2160 94 57 dem
1412 2160 161 57 rationem
1533 2160 202 57 probaretur:
1695 2160 108 57 quod
1762 2160 94 57 nec
1816 2160 161 57 angelus:
1937 2160 94 57 nec
1990 2160 121 57 anima
2071 2160 161 57 seperata
2178 2160 108 57 posset

1348 2205 217 51 intelligere
1521 2205 159 51 aliquod
1636 2205 188 51 singulare
1781 2205 188 51 sensibile
1925 2205 231 51 determinate:
2113 2205 101 51 cum
2156 2205 130 51 species

1351 2253 80 52 in
1391 2253 93 52 eis
1444 2253 107 52 sint
1511 2253 187 52 abstracte:
1657 2253 120 52 sicut
1737 2253 107 52 ille
1804 2253 107 52 quae
1870 2253 107 52 sunt
1937 2253 80 52 in
1977 2253 187 52 intellectu
2123 2253 147 52 nostro.
2217 2253 53 52 Et

1356 2296 121 52 constat
1444 2296 88 52 quod
1499 2296 99 52 illud
1565 2296 154 52 consequens
1686 2296 77 52 est
1730 2296 121 52 falsum.
1818 2296 88 52 dico
1872 2296 88 52 ergo
1927 2296 88 52 quod
1982 2296 121 52 quamuis
2070 2296 99 52 omnis
2136 2296 121 52 species
2213 2296 66 52 exi-

1364 2339 120 48 stens
1444 2339 80 48 in
1484 2339 187 48 intellectu
1630 2339 93 48 sit
1683 2339 173 48 abstracta
1817 2339 80 48 ab
1857 2339 147 48 omnibus
1963 2339 120 48 illis
2043 2339 227 48 conditionibus
2230 2339 80 48 in

1356 2386 136 46 essendo
1455 2386 99 46 quia
1517 2386 149 46 scilicet
1628 2386 87 46 nec
1678 2386 87 46 est
1727 2386 124 46 quanta
1814 2386 173 46 extensiue:
1950 2386 87 46 nec
2000 2386 112 46 situm
2074 2386 124 46 habet:
2161 2386 74 46 et
2198 2386 87 46 sic
2235 2386 50 46 de

1364 2425 106 50 aliis
1435 2425 200 50 conditionibus
1600 2425 188 50 materialibus
1753 2425 71 50 et
1788 2425 200 50 corporalibus)
1953 2425 82 50 non
2000 2425 153 50 quaelibet
2118 2425 106 50 tamen
2189 2425 82 50 est
2224 2425 59 50 sic

1356 2475 166 49 absoluta
1481 2475 83 49 in
1522 2475 263 49 repraesentando.
1744 2475 97 49 sed
1799 2475 125 49 sicut
1882 2475 97 49 per
1937 2475 152 49 aliquam
2048 2475 152 49 speciem
2145 2475 138 49 inexten-

1365 2513 94 51 sam
1418 2513 81 51 et
1459 2513 229 51 indiuisibilem
1648 2513 229 51 representatur
1837 2513 121 51 nobis
1918 2513 94 51 res
1972 2513 121 51 quata
2053 2513 81 51 et
2093 2513 162 51 extensa:
2201 2513 81 51 quam

1373 2552 120 49 etiam
1453 2552 93 49 per
1506 2552 240 49 intellectionem
1706 2552 227 49 indiuisibilem
1893 2552 80 49 et
1933 2552 187 49 inextensam
2080 2552 227 49 intelligimus:

1363 2599 91 49 sic
1415 2599 91 49 per
1467 2599 143 49 aliquas
1571 2599 143 49 species
1676 2599 117 49 rerum
1754 2599 169 49 sensibium
1884 2599 182 49 inextensas
2027 2599 78 49 et
2067 2599 78 49 ab
2106 2599 143 49 omnibus
2197 2599 91 49 condi

1364 2643 161 48 tionibus
1484 2643 214 48 materialibus
1658 2643 188 48 abstractas
1806 2643 80 48 in
1846 2643 107 48 esse
1913 2643 188 48 singulatis
2060 2643 107 48 illa
2127 2643 80 48 et
2167 2643 94 48 cum
2208 2643 80 48 suis

1360 2689 227 55 conditionibus
1546 2689 213 55 singularibus
1719 2689 80 55 et
1759 2689 213 55 materialibus
1933 2689 213 55 intelligimus
2092 2689 187 55 determinate.

1367 2731 84 54 Et
1409 2731 126 54 vltra
1493 2731 112 54 dico
1563 2731 112 54 quod
1633 2731 84 54 in
1675 2731 196 54 intellectu
1829 2731 112 54 sunt
1899 2731 154 54 species
2011 2731 210 54 determinate
2165 2731 112 54 aliqua

1365 2774 170 48 singulatia
1498 2774 243 48 repraesentantes:
1705 2774 85 48 sic
1754 2774 97 48 quod
1814 2774 121 48 aliqua
1899 2774 134 48 species
1997 2774 85 48 sic
2045 2774 182 48 determinate
2179 2774 97 48 repre-

1355 2820 136 50 sentat
1451 2820 109 50 vnum
1519 2820 177 50 singulare
1655 2820 109 50 quod
1723 2820 136 50 nullum
1819 2820 123 50 aliud
1900 2820 232 50 repraesentat:
2091 2820 109 50 siue
2146 2820 136 50 eiusdem-

1363 2863 153 51 rationis
1478 2863 89 51 sit
1529 2863 102 51 siue
1592 2863 166 51 alterius:
1720 2863 153 51 alioquin
1834 2863 140 51 oportet
1936 2863 166 51 concedere
2064 2863 89 51 vel
2114 2863 102 51 quod
2165 2863 115 51 nullius

1365 2906 238 46 singularis
1552 2906 204 46 absentis
1705 2906 255 46 determinate
1908 2906 187 46 habemus
2027 2906 255 46 recordationem

1364 2950 94 44 aut
1417 2950 162 44 memoriam
1539 2950 94 44 vel
1593 2950 148 44 aliquam
1701 2950 216 44 cognitionem:
1876 2950 108 44 quod
1944 2950 121 44 patet
2025 2950 229 44 multipliciter
2200 2950 81 44 esse

1361 2994 147 47 falsum
1464 2994 88 47 ex
1508 2994 161 47 dictis:
1625 2994 103 47 vel
1684 2994 117 47 quod
1757 2994 103 47 non
1816 2994 220 47 desineremus
1992 2994 191 47 meminisse
2123 2994 147 47 alicuius

1367 3040 200 46 determinate
1527 3040 93 46 vel
1580 3040 133 46 nosse:
1673 3040 107 46 quin
1740 3040 120 46 simul
1820 3040 133 46 omnium
1913 3040 187 46 perderemus
2060 3040 160 46 notitiam
2180 3040 80 46 et
2206 3040 67 46 me-

1366 3087 110 57 moriam:
1446 3087 100 57 contra
1516 3087 80 57 quod
1567 3087 70 57 est
1607 3087 100 57 omnium
1677 3087 120 57 communis
1767 3087 161 57 experientia.
1898 3087 60 57 Et
1928 3087 161 57 consequentia
2058 3087 100 57 patet:
2128 3087 80 57 quia
2179 3087 60 57 si
2209 3087 70 57 non
2239 3087 50 57 sit
