2472 3525
201 207 125 57 aliqua
288 207 113 57 talis
363 207 138 57 species
463 207 100 57 vnum
526 207 200 57 singulariter
688 207 213 57 representans:
863 207 113 57 omnis
938 207 138 57 species
1026 207 88 57 erit.

192 264 230 53 repraesentatiua
386 264 157 53 multorum:
507 264 73 53 et
543 264 85 53 qua
591 264 133 53 ratione
688 264 145 53 aliquot:
797 264 109 53 eadem
870 264 133 53 ratione
967 264 121 53 omnium
1039 264 73 53 quae

192 306 104 48 sunt
257 306 117 48 vnius
335 306 169 48 rationis:
465 306 78 48 vt
504 306 130 48 omnium
595 306 169 48 albedinum
726 306 91 48 vna
778 306 143 48 species
882 306 104 48 erit
934 306 169 48 repraesenta

198 351 104 55 tiua:
268 351 69 55 et
302 351 115 55 omnium
383 351 150 55 similiter
498 351 162 55 nigredinum
625 351 92 55 vna:
683 351 69 55 et
718 351 81 55 sic
764 351 69 55 de
798 351 115 55 aliis.
879 351 92 55 tunc
937 351 115 55 igitur
1018 351 81 55 vel
1052 351 58 55 per

195 399 135 50 talem
285 399 165 50 speciem
405 399 150 50 nullum
510 399 195 50 singulare
660 399 225 50 determinate
840 399 165 50 poterit
945 399 165 50 cognosci:

205 439 65 53 et
238 439 131 53 habentur
336 439 98 53 prima
402 439 87 53 pars
456 439 186 53 consequentis:
609 439 76 53 aut
653 439 142 53 quodlibet
762 439 175 53 determinate:
904 439 65 53 et
936 439 76 53 per
969 439 131 53 consequens

202 479 141 51 quandiu
305 479 103 51 illa
369 479 141 51 species
472 479 167 51 prmanebit
600 479 77 51 et
638 479 90 51 per
690 479 90 51 eam
741 479 141 51 poterit
843 479 141 51 aliquod
946 479 115 51 eorum
1010 479 90 51 deter

189 527 124 51 minate
275 527 161 51 cognosci:
399 527 136 51 poterit
499 527 74 51 et
536 527 174 51 quodlibet.
672 527 74 51 et
709 527 124 51 quando
796 527 87 51 non
846 527 161 51 quodlibet
970 527 99 51 tunc
1019 527 87 51 neque

199 568 140 48 aliquod.
304 568 70 48 et
339 568 117 48 habter
421 568 128 48 secunda
515 568 93 48 pars
573 568 198 48 consequentis:
736 568 82 48 nec
783 568 105 48 magis
853 568 105 48 debet
923 568 82 48 hoc
970 568 140 48 reputari
1063 568 47 48 in

193 607 191 44 conueniens
343 607 109 44 quam
411 607 82 44 de
452 607 286 44 intellectionibus:
697 607 136 44 quarum
792 607 150 44 constat
901 607 163 44 oportere
1010 607 109 44 dicere

192 652 138 54 aliquam
292 652 88 54 ita
342 652 88 54 est
392 652 88 54 est
442 652 175 54 singularem
579 652 225 54 intellectionem
767 652 113 54 vnius
842 652 188 54 singularis:
992 652 100 54 quod
1042 652 63 54 non

196 695 91 56 est
248 695 196 56 intellectio
405 695 157 56 alicuius
522 695 170 56 alterius:
653 695 78 56 et
692 695 131 56 aliqua
784 695 157 56 cuiusdam
901 695 157 56 alterius
1006 695 104 56 singu-

192 736 108 62 laris
264 736 119 62 tantum
347 736 155 62 similiter
467 736 72 62 vt
503 736 108 62 docet
574 736 191 62 experientia.
730 736 60 62 â‹
754 736 72 62 Ad
789 736 84 62 hoc
837 736 108 62 etiam
909 736 84 62 est
957 736 131 62 auctia.
1040 736 60 62 Aug

190 783 81 57 pr
231 783 68 57 o
258 783 81 57 de
299 783 108 57 tri.
366 783 95 57 vbi
420 783 108 57 vult
488 783 108 57 quod
556 783 149 57 notitia
664 783 95 57 qua
718 783 108 57 mens
786 783 122 57 nouit
867 783 81 57 se
908 783 95 57 non
962 783 95 57 est
1002 783 95 57 noti-

189 829 179 53 alicuius
323 829 179 53 alterius
457 829 194 53 essentie:
606 829 104 53 nec
666 829 164 53 tanquam
785 829 313 53 cognoscibilitatis
1038 829 75 53 nec

195 871 157 58 tanquam
309 871 157 58 obiecti
423 871 171 58 cogniti.
551 871 114 58 Unde
622 871 114 58 ait.
693 871 100 58 nec
750 871 171 58 alterius
878 871 171 58 essentie
1006 871 100 58 est
1049 871 57 58 no

186 917 122 57 titia
268 917 108 57 eius
335 917 95 57 non
390 917 135 57 solum:
484 917 108 57 quia
552 917 108 57 ipsa
620 917 135 57 nouit.
715 917 95 57 sed
769 917 81 57 et
809 917 108 57 quia
864 917 135 57 seipsam.

179 940 114 104 sro
244 940 163 104 quarto
358 940 147 104 dubio
456 940 196 104 scilicet
603 940 196 104 qualiter
751 940 261 104 intelligimus
947 940 163 104 sensibis

531 998 104 56 que
590 998 104 56 nec
650 998 207 56 actualiter
812 998 192 56 sentimus:
960 998 104 56 nec
1005 998 118 56 vnquam

194 1041 165 57 sensimus.
321 1041 165 57 praemitto
448 1041 101 57 quod
511 1041 139 57 aliquam
612 1041 89 57 rem
663 1041 165 57 intelligi
790 1041 63 57 a
815 1041 114 57 nobis
891 1041 127 57 potest
967 1041 152 57 dupliciter

198 1083 182 61 contingere.
343 1083 85 61 Uno
392 1083 97 61 modo
452 1083 97 61 quod
513 1083 194 61 intelligatur
670 1083 157 61 immediate
791 1083 73 61 in
828 1083 133 61 seipsa.
924 1083 97 61 Alio
985 1083 97 61 modo
1033 1083 73 61 quod

194 1129 205 59 intelligatur
361 1129 77 59 in
399 1129 103 59 alio
464 1129 115 59 medio
541 1129 154 59 cognito.
656 1129 77 59 Et
695 1129 90 59 hoc
746 1129 180 59 dupliciter
887 1129 128 59 potest
977 1129 115 59 esse:
1041 1129 77 59 quia

191 1175 91 48 vel
243 1175 118 48 illud
322 1175 131 48 medium
413 1175 91 48 est
465 1175 144 48 species
570 1175 91 48 rei
622 1175 131 48 illius
713 1175 144 48 recepta
818 1175 78 48 in
857 1175 183 48 intellectu
1001 1175 78 48 ab
1027 1175 78 48 illa

186 1217 91 50 re:
238 1217 91 50 vel
290 1217 91 50 est
341 1217 129 50 aliqua
432 1217 116 50 forma
509 1217 91 50 vel
561 1217 168 50 conceptus
690 1217 129 50 fictus
781 1217 91 50 vel
833 1217 155 50 formatus
949 1217 78 50 ab
988 1217 103 50 ipso
1039 1217 65 50 in-

192 1264 156 47 tellectu.
312 1264 72 47 Et
348 1264 84 47 hoc
396 1264 120 47 iterum
481 1264 180 47 dupliciter:
625 1264 96 47 quia
685 1264 84 47 vel
733 1264 96 47 ille
793 1264 156 47 conceptus
914 1264 84 47 est
962 1264 132 47 simplex
1046 1264 60 47 vel

196 1306 189 45 compositus
345 1306 81 45 ex
386 1306 162 45 pluribus
507 1306 216 45 conceptibus:
683 1306 243 45 qualitercumque
885 1306 122 45 recte
966 1306 122 45 dicat
1034 1306 81 45 ali-

200 1350 88 54 quis
255 1350 143 54 conceptus
365 1350 165 54 compositus.
498 1350 55 54 â‹
520 1350 88 54 Item
575 1350 121 54 aliquid
663 1350 110 54 potest
740 1350 143 54 intelligi
850 1350 132 54 dupliter
950 1350 132 54 scilicet
1038 1350 77 54 intel

195 1389 139 57 lectione
300 1389 128 57 propria
393 1389 70 57 et
428 1389 163 57 distincta:
555 1389 81 57 qua
602 1389 139 57 scilicet
706 1389 104 57 ipsum
776 1389 139 57 praecise
880 1389 174 57 determinate
1020 1389 70 57 et
1043 1389 58 57 di-

185 1436 141 54 stincte
288 1436 218 54 intelligatur:
467 1436 90 54 aut
519 1436 128 54 aliqua
609 1436 103 54 sibi
673 1436 192 54 equivalenti
827 1436 77 54 ad
865 1436 115 54 ipsum
942 1436 167 54 distincte
1058 1436 51 54 co

193 1481 157 47 gnoscendum
316 1481 67 47 et
350 1481 191 47 intellectione
507 1481 157 47 vniversali
631 1481 79 47 aut
676 1481 124 47 communi
766 1481 90 47 sibi
822 1481 67 47 et
856 1481 112 47 aliis.
934 1481 90 47 Tunc
979 1481 124 47 respondeo

203 1525 60 53 ad
233 1525 100 53 dubium
303 1525 80 53 sub.
353 1525 60 53 4.
383 1525 190 53 conclusionibus.
543 1525 50 53 â‹
563 1525 90 53 Prima
623 1525 130 53 conclusio
723 1525 70 53 est
763 1525 80 53 quod
813 1525 70 53 non
853 1525 70 53 est
893 1525 150 53 naturaliter
1003 1525 110 53 possibile

200 1569 107 49 quod
266 1569 147 49 aliquis
373 1569 187 49 intelligat
520 1569 173 49 immediate
653 1569 80 49 in
693 1569 133 49 seipso
787 1569 147 49 aliquod
894 1569 133 49 absens
974 1569 133 49 sensibi-

190 1601 89 57 le:
241 1601 114 57 alias
317 1601 89 57 non
367 1601 152 57 sensatum
481 1601 76 57 ab
519 1601 89 57 eo.
570 1601 63 57 â‹
595 1601 101 57 hanc
658 1601 114 57 probo
734 1601 114 57 primo
810 1601 152 57 ratione:
924 1601 101 57 quia
987 1601 76 57 si
1012 1601 89 57 detur

196 1657 164 45 oppositum
322 1657 151 45 sequitur
436 1657 101 45 quod
499 1657 113 45 cecus
574 1657 63 45 a
599 1657 176 45 natiuitate
738 1657 126 45 posset
826 1657 189 45 intelligere
964 1657 139 45 distincte

194 1695 155 48 colores:
310 1695 77 48 et
349 1695 129 48 surdus
439 1695 129 48 sonos.
530 1695 181 48 consequens
672 1695 90 48 est
724 1695 142 48 falsum.
827 1695 77 48 vt
866 1695 116 48 docet
930 1695 168 48 experientia

187 1741 181 48 consequentia
334 1741 147 48 probatur.
447 1741 90 48 quia
503 1741 68 48 ad
537 1741 102 48 talem
605 1741 136 48 notitiam
706 1741 68 48 si
740 1741 147 48 haberetur
853 1741 158 48 nullatenus
977 1741 124 48 seuiret
1057 1741 56 48 sen

196 1779 103 47 sus:
261 1779 90 47 cum
312 1779 129 47 igitur
403 1779 77 47 in
441 1779 116 47 nullo
519 1779 103 47 alio
583 1779 90 47 non
635 1779 116 47 cecus
713 1779 181 47 praemineat
855 1779 116 47 ceco:
932 1779 77 47 si
971 1779 90 47 non
1010 1779 90 47 cecus

194 1823 135 53 poterit
292 1823 122 53 habere
377 1823 110 53 talem
451 1823 159 53 notitiam:
573 1823 135 53 poterit
671 1823 86 53 est
720 1823 122 53 cecus.
805 1823 61 53 â‹
830 1823 73 53 2o
866 1823 86 53 non
915 1823 86 53 est
952 1823 159 53 naturaliter

188 1870 200 48 possibile
342 1870 170 48 aliquem
465 1870 108 48 sic
527 1870 231 48 intelligere
712 1870 170 48 aliquod
835 1870 200 48 sensibile
974 1870 123 48 absens

185 1911 120 50 alias
265 1911 80 50 ab
305 1911 107 50 ipso
371 1911 173 50 sensatum.
504 1911 133 50 igitur
598 1911 120 50 multo
678 1911 120 50 magis
758 1911 93 50 non
811 1911 93 50 est
864 1911 173 50 possibile
984 1911 120 50 aliquem

189 1950 128 47 intel
274 1950 142 47 ligere
374 1950 185 47 immediate
516 1950 157 47 aliquod
630 1950 185 47 sensibile
773 1950 142 47 absens
872 1950 157 47 numquam
986 1950 85 47 ab
1015 1950 85 47 ipso

189 1989 143 49 sensatum.
299 1989 176 49 consequentia
442 1989 88 49 nota
497 1989 88 49 est.
552 1989 154 49 antecedens
672 1989 110 49 patet.
749 1989 88 49 quia
804 1989 99 49 alias
870 1989 154 49 absentibus
980 1989 132 49 sensibili-

193 2038 92 51 bus
245 2038 157 51 possemus
363 2038 131 51 nosse:
455 2038 79 51 an
495 2038 131 51 essent
586 2038 92 51 vel
639 2038 105 51 non:
704 2038 79 51 et
744 2038 92 51 vbi
796 2038 79 51 et
836 2038 171 51 qualiter:
967 2038 79 51 et
1006 2038 92 51 sic
1046 2038 52 51 de

187 2081 116 46 aliis
264 2081 193 46 veritatibus
419 2081 244 46 contingentibus.
624 2081 64 46 â‹
650 2081 77 46 3o
689 2081 103 46 quia
753 2081 103 46 tunc
817 2081 90 46 per
869 2081 193 46 intellectus
1010 2081 103 46 absque

184 2123 140 53 sensu:
282 2123 140 53 posset
380 2123 168 53 inductio
505 2123 140 53 haberi
603 2123 126 53 circa
687 2123 196 53 singularia
841 2123 210 53 sensibitia:
1008 2123 84 53 et
1036 2123 70 53 per

190 2168 138 49 consequens
299 2168 119 49 cognosci
388 2168 148 49 vniversalis
507 2168 138 49 propositio
615 2168 59 49 de
645 2168 168 49 sensibilibus:
784 2168 69 49 que
823 2168 69 49 est
863 2168 138 49 principium
971 2168 129 49 scientie:
1060 2168 40 49 ac

185 2212 96 47 per
240 2212 96 47 hoc
295 2212 123 47 nihil
376 2212 205 47 repugnaret:
540 2212 109 47 quin
609 2212 205 47 naturaliter
772 2212 137 47 aliqui
868 2212 123 47 sensu
950 2212 137 47 carens
1032 2212 68 47 ha-

187 2255 115 46 beret
264 2255 166 46 scientiam
391 2255 191 46 sensibilium
545 2255 204 46 pertinentium
710 2255 77 46 ad
749 2255 115 46 illum
825 2255 140 46 sensum:
927 2255 89 46 hoc
978 2255 115 46 autem
1042 2255 64 46 est

188 2299 124 49 contra
274 2299 211 49 experientiam.
448 2299 74 49 Et
485 2299 87 49 hec
535 2299 112 49 ratio
610 2299 99 49 tota
672 2299 124 49 potest
758 2299 124 49 haberi
845 2299 74 49 ab
883 2299 99 49 Arum
945 2299 112 49 primo
1007 2299 99 49 poste.

193 2340 94 47 hec
246 2340 121 47 etiam
327 2340 94 47 est
381 2340 162 47 intentio
503 2340 108 47 Aug.
570 2340 121 47 primo
651 2340 135 47 retho.
746 2340 94 47 vbi
800 2340 108 47 vult
867 2340 108 47 quod
935 2340 121 47 anima
1016 2340 81 47 de
1043 2340 67 47 his

196 2385 168 53 artibus:
322 2385 98 53 qua
378 2385 84 53 ad
420 2385 140 53 sensus
518 2385 168 53 corporum
644 2385 196 53 pertinent:
798 2385 126 53 sicut
882 2385 126 53 multa
952 2385 154 53 medicine:

188 2428 86 54 sed
237 2428 171 54 astrologie
371 2428 122 54 omnia:
457 2428 98 54 nisi
518 2428 98 54 quod
580 2428 86 54 hic
629 2428 159 54 didicerit
751 2428 147 54 scilicet
861 2428 86 54 per
910 2428 147 54 corporis
1008 2428 98 54 sensus

196 2472 91 52 non
248 2472 130 52 potest
339 2472 130 52 dicere
429 2472 78 52 ea
468 2472 104 52 vero
533 2472 91 52 que
585 2472 104 52 sola
650 2472 220 52 intelligentia
831 2472 130 52 capit:
922 2472 91 52 cum
973 2472 65 52 a
986 2472 117 52 seipsa:

203 2513 89 54 vel
254 2513 76 54 ab
292 2513 102 54 alio
356 2513 127 54 fuerit
445 2513 102 54 bene
508 2513 191 54 interrogata
661 2513 178 54 respondet.
801 2513 64 54 â‹
826 2513 76 54 4o
864 2513 153 54 sequitur
979 2513 102 54 quod
1030 2513 76 54 fru-

189 2561 97 42 stra
249 2561 73 42 et
286 2561 170 42 superuacue
419 2561 121 42 essent
504 2561 121 42 sensus
589 2561 73 42 in
625 2561 182 42 animalibus:
771 2561 97 42 quod
831 2561 121 42 patet:
916 2561 97 42 quia
977 2561 85 42 nec
1025 2561 73 42 ad
1050 2561 48 42 co

203 2604 164 52 gnitionem
329 2604 189 52 praesentium
480 2604 189 52 sensibilium
631 2604 126 52 essent
719 2604 176 52 necesarii:
857 2604 88 52 nec
908 2604 189 52 sensibilium
1046 2604 63 52 ab-

198 2647 144 56 sentium.
306 2647 72 56 et
342 2647 84 56 per
390 2647 168 56 consequens
523 2647 84 56 nec
571 2647 72 56 ad
607 2647 180 56 cognitionem
751 2647 192 56 singularium:
908 2647 84 56 sed
956 2647 132 56 propter
1040 2647 60 56 ni-

194 2690 80 48 hil
239 2690 103 48 aliud
308 2690 91 48 sunt
365 2690 171 48 nececsarii:
502 2690 68 48 vt
536 2690 114 48 patet.
616 2690 125 48 igitur.
707 2690 171 48 Auctoritate
844 2690 114 48 quoque
924 2690 91 48 idem
981 2690 114 48 patet.
1049 2690 57 48 ait

197 2737 109 49 enim
266 2737 109 49 Aug.
334 2737 96 49 xi.
388 2737 82 49 de
429 2737 109 49 tri.
498 2737 123 49 neque
580 2737 109 49 enim
648 2737 96 49 vel
702 2737 205 49 intelligere
866 2737 137 49 possem
948 2737 164 49 narrantem:

201 2776 72 45 si
237 2776 72 45 ea
273 2776 84 45 que
321 2776 120 45 dicit:
405 2776 72 45 et
442 2776 72 45 si
478 2776 144 45 contexta
586 2776 96 45 tunc
646 2776 120 45 primum
730 2776 144 45 audirem:
838 2776 84 45 non
887 2776 108 45 tamen
947 2776 156 45 generaliter

197 2814 149 58 singula
306 2814 203 58 meminissem:
468 2814 95 58 qui
522 2814 108 58 enim
590 2814 108 58 mihi
658 2814 149 58 narrat.
766 2814 108 58 vebi
834 2814 149 58 gratia.
942 2814 149 58 modotem
1037 2814 81 58 ali-

200 2864 108 53 que
261 2864 138 53 silua
353 2864 154 53 exutum
461 2864 92 53 et
507 2864 138 53 oleis
599 2864 185 53 indutum:
738 2864 92 53 ei
784 2864 154 53 narrat
892 2864 108 53 qui
938 2864 169 53 meminerim

192 2910 130 52 species
287 2910 71 52 et
322 2910 154 52 modotium:
441 2910 71 52 et
476 2910 154 52 siluarum:
594 2910 71 52 et
630 2910 142 52 olearum:
736 2910 95 52 quae
795 2910 71 52 si
831 2910 130 52 oblitus
926 2910 106 52 essem
997 2910 95 52 quid
1044 2910 59 52 di-

203 2949 118 55 ceret
282 2949 131 55 omnino
374 2949 171 55 nescirem.
505 2949 79 55 et
545 2949 105 55 ideo
610 2949 184 55 narratione
755 2949 118 55 illam
834 2949 158 55 cogitare
952 2949 92 55 non
992 2949 118 55 possen:

189 2999 97 59 ita
244 2999 97 59 fit
300 2999 83 59 vt
341 2999 124 59 omnis
424 2999 97 59 qui
479 2999 193 59 corporalia
630 2999 165 59 cogitat:
755 2999 110 59 siue
823 2999 110 59 ipse
892 2999 152 59 aliquid
989 2999 124 59 confin

1156 216 114 65 gat:
1227 216 114 65 siue
1298 216 128 65 legat
1384 216 100 65 aut
1441 216 157 65 audiat:
1554 216 100 65 vel
1611 216 199 65 praeterita
1768 216 185 65 narrantem
1910 216 100 65 vel
1953 216 114 65 futura

1151 264 255 56 praenunciante:
1363 264 85 56 ad
1406 264 170 56 memoriam
1533 264 113 56 suam
1604 264 184 56 recurrat:
1746 264 85 56 et
1788 264 99 56 ibi
1845 264 198 56 repraeriat
1986 264 71 56 mo-

1144 318 100 45 dum
1201 318 129 45 atque
1287 318 172 45 mensuram
1416 318 143 45 omnium
1517 318 187 45 formarum:
1660 318 115 45 quas
1732 318 172 45 cogitans
1861 318 187 45 intuetur.
1990 318 72 45 Nam

1150 361 128 49 neque
1235 361 156 49 colorem
1349 361 114 49 quem
1420 361 156 49 numquam
1534 361 171 49 viderit:
1662 361 128 49 neque
1747 361 156 49 figuram
1861 361 185 49 corporis:
1989 361 71 49 nec

1156 397 124 47 sonum
1239 397 110 47 quem
1307 397 151 47 numquam
1417 397 165 47 audiuit:
1541 397 96 47 nec
1595 397 137 47 sapore
1691 397 110 47 quem
1760 397 151 47 numquam
1870 397 178 47 gustauit:
1993 397 69 47 nec

1151 443 133 47 odorem
1244 443 107 47 quem
1311 443 147 47 numquam
1418 443 160 47 olfecit:
1538 443 93 47 nec
1591 443 120 47 vllam
1671 443 240 47 contractatione
1871 443 160 47 corporis
1978 443 80 47 quam

1152 492 127 53 numquam
1245 492 127 53 sensit:
1337 492 115 53 potest
1418 492 138 53 quisquam
1522 492 115 53 omnino
1602 492 150 53 cogitare.
1718 492 69 53 Et
1752 492 92 53 post
1810 492 115 53 dicit:
1891 492 92 53 quod
1937 492 127 53 praeterea

1143 534 115 44 nemo
1215 534 159 44 aliquid
1330 534 188 44 corporale
1474 534 173 44 cogitat:
1604 534 115 44 nisi
1676 534 115 44 quod
1749 534 159 44 sensit:
1864 534 115 44 quia
1936 534 115 44 nemo
1994 534 72 44 me-

1156 573 121 48 minit
1236 573 175 48 corporale
1371 573 162 48 aliquid:
1492 573 108 48 nisi
1560 573 108 48 quod
1627 573 148 48 sensit.
1735 573 81 48 Ex
1775 573 94 48 his
1829 573 121 48 patet
1910 573 108 48 quod
1964 573 108 48 nullus

1158 617 129 58 potest
1249 617 207 58 intelligere:
1417 617 90 58 aut
1468 617 155 58 cogitare
1585 617 129 58 aliqua
1675 617 155 58 absentia
1792 617 181 58 corporalia
1934 617 103 58 quae
1985 617 78 58 nun-

1157 656 96 53 quam
1217 656 132 53 sensit:
1313 656 84 53 aut
1361 656 108 53 etiam
1432 656 72 53 si
1468 656 120 53 sensit
1552 656 84 53 non
1600 656 108 53 tamen
1672 656 144 53 meminit:
1780 656 96 53 quod
1839 656 108 53 magis
1911 656 120 53 probat
1983 656 72 53 pro-

1155 707 138 51 positum.
1259 707 58 51 â‹
1282 707 92 51 Item
1340 707 104 51 idem.
1409 707 69 51 2.
1444 707 69 51 de
1478 707 81 51 li.
1524 707 92 51 arb.
1582 707 150 51 expresse.
1697 707 115 51 dicens
1778 707 92 51 quod
1836 707 104 51 ratio
1905 707 81 51 non
1951 707 115 51 posset
2020 707 58 51 di-

1147 748 165 48 scernere
1271 748 124 48 inter
1353 748 151 48 colorem
1463 748 82 48 et
1504 748 165 48 visionem
1628 748 165 48 colorum:
1751 748 110 48 nisi
1820 748 124 48 color
1902 748 82 48 ei
1930 748 137 48 referre-

1151 790 89 55 tur
1202 790 89 55 per
1253 790 153 55 oculorum
1367 790 140 55 sensum:
1469 790 76 55 et
1507 790 89 55 per
1558 790 178 55 consequens
1698 790 89 55 non
1749 790 191 55 cognosceret
1902 790 140 55 colorem
1991 790 76 55 nisi

1156 827 122 52 illum
1238 827 163 52 sentiret
1360 827 108 52 homo
1427 827 95 52 per
1482 827 135 52 visum.
1576 827 68 52 â‹
1603 827 122 52 Item.
1685 827 81 52 P.
1725 827 81 52 in
1766 827 81 52 de
1807 827 122 52 sensu
1888 827 81 52 et
1929 827 108 52 sen.
1983 827 81 52 ait.

1162 872 87 49 Nec
1211 872 99 49 enim
1273 872 173 49 intelligit
1409 872 198 49 intellectus:
1570 872 87 49 que
1620 872 149 49 exterius
1732 872 99 49 nisi
1793 872 87 49 cum
1843 872 112 49 sensu
1917 872 74 49 id
1955 872 87 49 est
1992 872 74 49 sine

1150 918 115 47 sensu:
1230 918 69 47 et
1264 918 80 47 hec
1310 918 103 47 omnia
1379 918 149 47 probantur
1494 918 80 47 per
1539 918 195 47 experientiam.
1700 918 57 47 â‹
1723 918 69 47 2a
1757 918 149 47 conclusio
1872 918 80 47 est
1918 918 92 47 quod
1964 918 103 47 sensibi

1156 959 94 53 lia
1209 959 67 53 a
1236 959 121 53 nobis
1316 959 94 53 non
1370 959 161 53 sensata:
1491 959 94 53 non
1544 959 161 53 possumus
1665 959 188 53 cognoscere
1812 959 80 53 in
1853 959 174 53 speciebus
1973 959 94 53 rece-

1152 1007 102 52 ptis
1216 1007 64 52 a
1242 1007 166 52 sensibus.
1370 1007 64 52 â‹
1395 1007 90 52 hoc
1446 1007 153 52 probatur
1561 1007 128 52 primo:
1651 1007 102 52 quia
1715 1007 90 52 aut
1766 1007 90 52 hoc
1817 1007 115 52 esset
1894 1007 77 52 in
1919 1007 141 52 speciebus

1144 1047 156 61 causatis
1261 1047 78 61 ab
1300 1047 117 61 ipsis
1378 1047 208 61 sensibilibus
1548 1047 91 61 non
1600 1047 169 61 sensatis:
1730 1047 91 61 aut
1782 1047 78 61 in
1821 1047 169 61 speciebus
1939 1047 130 61 causatis

1140 1095 73 46 ab
1176 1095 85 46 his
1225 1095 97 46 quae
1286 1095 158 46 sensimus.
1408 1095 85 46 non
1456 1095 110 46 primo
1529 1095 110 46 modo:
1602 1095 97 46 quia
1663 1095 183 46 naturaliter
1809 1095 110 46 nulla
1882 1095 85 46 res
1919 1095 146 46 sensibilis

1150 1138 136 47 causat
1246 1138 82 47 in
1287 1138 123 47 nobis
1369 1138 150 47 speciem
1478 1138 109 47 nisi
1546 1138 95 47 dum
1600 1138 95 47 eam
1655 1138 164 47 sentimus
1778 1138 82 47 in
1819 1138 150 47 seipsa:
1928 1138 123 47 alias
1996 1138 68 47 ce-

1144 1178 90 58 cus
1195 1178 64 58 a
1221 1178 179 58 natiuitate
1362 1178 128 58 posset
1451 1178 64 58 a
1477 1178 192 58 visibilibus
1630 1178 166 58 acquirere
1758 1178 141 58 species
1860 1178 128 58 eorum:
1950 1178 102 58 quod
2001 1178 64 58 est

1150 1221 136 60 falsum.
1249 1221 87 60 Nec
1298 1221 124 60 potest
1385 1221 99 60 dici
1447 1221 99 60 quod
1509 1221 74 60 in
1546 1221 161 60 speciebus
1670 1221 149 60 causatis
1782 1221 74 60 ab
1819 1221 124 60 aliis:
1906 1221 99 60 quia
1968 1221 87 60 vel
2005 1221 62 60 hoc

1150 1269 117 45 esset
1228 1269 91 45 per
1280 1269 155 45 proprias
1396 1269 143 45 species
1500 1269 143 45 illorum
1604 1269 91 45 non
1655 1269 194 45 sensatorum:
1811 1269 91 45 aut
1863 1269 91 45 per
1915 1269 104 45 spes
1966 1269 104 45 sensa-

1151 1314 122 53 torum.
1236 1314 122 53 Primum
1321 1314 85 53 non
1370 1314 122 53 potest
1455 1314 110 53 esse:
1528 1314 97 53 quia
1589 1314 97 53 vnum
1650 1314 158 53 sensibile
1772 1314 85 53 non
1820 1314 122 53 potest
1906 1314 134 53 causare
1991 1314 73 53 pro-

1160 1351 117 58 priam
1238 1351 143 58 speciem
1342 1351 156 58 alterius
1459 1351 195 58 sensibilis:
1615 1351 78 58 vt
1654 1351 117 58 sonus
1732 1351 143 58 speciem
1836 1351 156 58 coloris:
1953 1351 91 58 aut
1992 1351 65 58 al-

1144 1396 113 48 bedo
1215 1396 212 48 nigredinis.
1384 1396 99 48 Nec
1441 1396 85 48 2o
1483 1396 127 48 modo:
1568 1396 113 48 quia
1639 1396 156 48 species
1752 1396 127 48 vnius
1837 1396 212 48 sensibilis:
1992 1396 71 48 non

1141 1441 96 56 est
1196 1441 137 56 medium
1292 1441 206 56 cognoscendi
1457 1441 123 56 aliud
1539 1441 192 56 sensibile:
1690 1441 165 56 alioquin
1813 1441 123 56 cecus
1895 1441 96 56 per
1937 1441 123 56 species

1156 1480 148 54 sonorum
1263 1480 135 54 posset
1358 1480 189 54 cognoscere
1506 1480 162 54 colores:
1628 1480 81 54 et
1668 1480 135 54 surdus
1763 1480 94 54 per
1817 1480 148 54 speciem
1925 1480 148 54 colorum
2019 1480 54 54 so

1150 1527 102 53 nos.
1214 1527 77 53 Et
1253 1527 90 53 qui
1304 1527 153 53 vidisset
1419 1527 179 53 albedinem:
1559 1527 77 53 et
1598 1527 141 53 haberet
1700 1527 102 53 eius
1764 1527 141 53 speciem
1866 1527 128 53 posset
1956 1527 90 53 per
1994 1527 64 53 il-

1149 1569 100 55 lam
1206 1569 200 55 cognoscere
1363 1569 171 55 puniceum
1491 1569 100 55 vel
1548 1569 186 55 ceruleum.
1691 1569 114 55 esto
1762 1569 114 55 quod
1834 1569 157 55 nunquam
1934 1569 128 55 aliquid

1144 1614 140 46 talium
1242 1614 183 46 vidisset:
1383 1614 98 46 qua
1439 1614 126 46 omnia
1523 1614 112 46 sunt
1593 1614 140 46 falsa.
1692 1614 70 46 â‹
1720 1614 84 46 Ad
1762 1614 98 46 hoc
1818 1614 126 46 valet
1888 1614 169 46 auctoritas

1150 1654 108 61 Aug.
1217 1654 81 61 ad
1257 1654 189 61 nebridium.
1406 1654 175 61 epistola.
1540 1654 67 61 8
1567 1654 81 61 7.
1608 1654 121 61 prima
1689 1654 121 61 etate
1769 1654 121 61 cecim
1850 1654 94 61 cum
1904 1654 81 61 de
1945 1654 108 61 luce
1999 1654 67 61 co-

1150 1697 181 43 loribusque
1292 1697 232 43 interrogantur:
1486 1697 103 43 quid
1550 1697 194 43 respondeant
1705 1697 90 43 non
1757 1697 181 43 inueniunt:
1899 1697 90 43 non
1951 1697 103 43 enim
2002 1697 65 43 co-

1158 1742 157 55 oratas
1268 1742 142 55 vllas
1363 1742 205 55 patiuntur
1520 1742 205 55 imagines:
1677 1742 110 55 qui
1740 1742 142 55 sensu
1835 1742 205 55 senserunt
1976 1742 79 55 nul

1151 1781 104 51 las.
1216 1781 65 51 â‹
1242 1781 78 51 2o
1282 1781 157 51 quisquis
1399 1781 118 51 nouit
1477 1781 144 51 aliquam
1582 1781 91 51 rem
1634 1781 78 51 in
1673 1781 131 51 aliqua
1765 1781 131 51 specie
1856 1781 183 51 necessario
1987 1781 91 51 actu:

1157 1829 97 54 vel
1212 1829 138 54 habitu
1309 1829 124 54 nouit
1392 1829 124 54 illam
1475 1829 152 54 speciem
1585 1829 110 54 esse
1654 1829 152 54 speciem
1764 1829 97 54 vel
1819 1829 166 54 imaginem
1944 1829 97 54 seu
1985 1829 69 54 si-

1150 1872 104 54 gnum
1215 1872 143 54 illius:
1318 1872 91 54 sed
1370 1872 130 54 nullus
1461 1872 91 54 qui
1513 1872 130 54 aliqua
1604 1872 194 54 sensibitius
1759 1872 91 54 non
1811 1872 130 54 sensit
1902 1872 78 54 in
1940 1872 78 54 se
1966 1872 104 54 potest

1145 1913 116 55 nosse
1223 1913 103 55 illa
1287 1913 78 55 in
1326 1913 129 55 aliqua
1417 1913 142 55 specie.
1520 1913 116 55 Maior
1598 1913 116 55 patet
1675 1913 78 55 ex
1714 1913 129 55 dictis
1804 1913 78 55 ad
1843 1913 78 55 2m
1882 1913 129 55 dubium
1960 1913 103 55 dictum

1158 1953 95 54 eni.
1217 1953 95 54 fuit
1276 1953 83 54 ibi
1324 1953 95 54 quod
1383 1953 83 54 per
1430 1953 106 54 illam
1501 1953 106 54 solam
1572 1953 142 54 notitiam
1679 1953 130 54 speciei
1773 1953 201 54 cognoscebatur
1939 1953 83 54 res
1974 1953 95 54 extra-

1156 2002 93 47 per
1209 2002 107 47 quam
1276 2002 160 47 notitiam
1396 2002 200 47 cognoscitur
1556 2002 160 47 species:
1676 2002 80 47 vt
1716 2002 93 47 est
1769 2002 120 47 imago
1850 2002 173 47 alterius.
1970 2002 93 47 talem

1145 2042 116 55 autem
1222 2042 154 55 notitiam
1338 2042 129 55 nullus
1428 2042 129 55 habere
1518 2042 141 55 potest:
1621 2042 103 55 nisi
1685 2042 90 55 qui
1737 2042 167 55 cognoscit
1865 2042 103 55 actu
1929 2042 90 55 vel
1968 2042 90 55 habi-

1145 2084 87 57 tum
1194 2084 111 57 illam
1268 2084 136 57 speciem
1368 2084 99 57 esse
1429 2084 149 57 imaginem
1541 2084 136 57 illius.
1640 2084 111 57 Minor
1714 2084 111 57 autem
1789 2084 111 57 patet
1863 2084 74 57 de
1900 2084 87 57 se.
1950 2084 87 57 Qui
1987 2084 74 57 enim

1148 2128 162 59 viderit
1266 2128 177 59 imaginem
1399 2128 177 59 herculis
1532 2128 89 59 in
1577 2128 162 59 pariete
1695 2128 89 59 et
1739 2128 162 59 numquam
1857 2128 177 59 vidisset
1975 2128 89 59 her-

1150 2172 138 56 culem:
1247 2172 96 56 non
1302 2172 110 56 plus
1370 2172 138 56 noscet
1467 2172 124 56 illam
1549 2172 110 56 esse
1618 2172 165 56 imaginem
1742 2172 110 56 eius
1810 2172 110 56 quam
1879 2172 165 56 hectoris
1989 2172 69 56 vel

1151 2216 167 56 achillis.
1280 2216 64 56 â‹
1306 2216 129 56 Contra
1396 2216 103 56 ista
1460 2216 129 56 potest
1550 2216 129 56 argui:
1640 2216 77 56 ex
1679 2216 77 56 eo
1718 2216 103 56 quod
1782 2216 116 56 dicit
1859 2216 116 56 Auic.
1936 2216 77 56 6.
1962 2216 116 56 natura-

1159 2258 110 49 ium.
1228 2258 96 49 vbi
1283 2258 110 49 ait.
1351 2258 110 49 quod
1420 2258 96 49 vis
1475 2258 192 49 estimatiua
1626 2258 206 49 apprehendit
1790 2258 206 49 intentiones
1955 2258 96 49 non
1996 2258 82 49 sen-

1150 2302 128 48 satas
1235 2302 86 48 in
1278 2302 171 48 singulis
1407 2302 243 48 sensibilibus:
1606 2302 128 48 sicut
1692 2302 100 48 vis
1749 2302 114 48 quae
1820 2302 100 48 est
1877 2302 86 48 in
1920 2302 100 48 oue
1963 2302 114 48 duudi-

1159 2345 100 45 cans
1221 2345 100 45 quod
1283 2345 75 45 ab
1321 2345 87 45 hoc
1371 2345 100 45 lupo
1433 2345 87 45 est
1483 2345 175 45 fugiendum:
1620 2345 75 45 et
1658 2345 100 45 quod
1720 2345 112 45 huius
1795 2345 100 45 agni
1857 2345 87 45 est
1895 2345 162 45 miserendum.

1154 2388 76 59 Et
1192 2388 101 59 idem
1256 2388 114 59 dicit
1332 2388 114 59 parte
1408 2388 89 59 4a.
1458 2388 76 59 c.
1496 2388 127 59 primo.
1585 2388 89 59 vbi
1636 2388 101 59 ait.
1699 2388 101 59 quod
1763 2388 101 59 ouis
1826 2388 139 59 iudicat
1927 2388 76 59 de
1953 2388 101 59 inimi-

1150 2435 113 48 citia
1226 2435 101 48 lupi
1289 2435 88 48 per
1339 2435 189 48 intentionem
1490 2435 101 48 quam
1553 2435 189 48 apprehendit
1704 2435 75 48 de
1742 2435 164 48 inimicius
1867 2435 113 48 eius.
1943 2435 75 48 Et
1968 2435 88 48 tamen

1144 2482 149 50 constat
1253 2482 109 50 quod
1321 2482 122 50 illam
1402 2482 95 50 non
1456 2482 136 50 sentit
1551 2482 136 50 aliquo
1646 2482 122 50 sensu
1728 2482 190 50 exteriori.
1877 2482 68 50 â‹
1891 2482 176 50 Commentator

1148 2521 117 49 etiam
1226 2521 117 49 dicit
1304 2521 78 49 in
1343 2521 78 49 de
1382 2521 143 49 memoria
1485 2521 78 49 et
1524 2521 78 49 re
1563 2521 104 49 quod
1628 2521 143 49 propter
1732 2521 208 49 admirationem
1887 2521 169 49 imaginatiue

1155 2561 189 49 cogitatiue
1303 2561 81 49 et
1343 2561 189 49 memoratiue
1491 2561 81 49 in
1532 2561 175 49 quibusdam
1666 2561 162 49 homnibus
1788 2561 229 49 praesentantur
1963 2561 94 49 forme

1157 2607 119 57 rerum
1236 2607 211 57 sensibilium:
1408 2607 106 57 quas
1474 2607 145 57 numquam
1579 2607 185 57 senserunt:
1725 2607 92 57 sed
1777 2607 172 57 solummodo
1910 2607 145 57 fuerunt
2015 2607 79 57 ad

1159 2649 111 55 ipsos
1233 2649 160 55 translate
1356 2649 86 55 per
1405 2649 135 55 auditum
1503 2649 209 55 dispositiones
1676 2649 123 55 eorum.
1762 2649 74 55 Et
1799 2649 123 55 subdit
1885 2649 98 55 quod
1934 2649 123 55 secundum

1155 2694 113 47 hunc
1226 2694 128 47 modum
1311 2694 142 47 potest
1410 2694 184 47 imaginari
1552 2694 184 47 elefantem
1693 2694 99 47 qui
1750 2694 156 47 nunquam
1864 2694 142 47 sensit
1949 2694 113 47 ipsum.

1162 2738 65 50 â‹
1188 2738 168 50 Praeterea
1317 2738 90 50 dem
1369 2738 77 50 2o
1407 2738 77 50 de
1446 2738 129 50 anima.
1537 2738 116 50 dicit
1614 2738 103 50 quod
1679 2738 181 50 cogitatiua
1821 2738 142 50 recipit
1924 2738 77 50 et
1950 2738 116 50 distin-

1164 2778 109 55 guit
1233 2778 205 55 intentiones
1396 2778 218 55 indiuiduales
1574 2778 246 55 vniuscuiusque.
1778 2778 150 55 ideitum
1874 2778 177 55 praedicamer

1167 2821 113 63 torum:
1246 2821 68 63 et
1280 2821 79 63 per
1325 2821 158 63 consequens
1450 2821 170 63 intentionem
1586 2821 181 63 indiuidualem
1733 2821 147 63 subiecte.
1846 2821 125 63 Constat
1936 2821 102 63 autem
1993 2821 68 63 quod

1159 2867 167 48 subiectam
1288 2867 116 48 nullo
1365 2867 116 48 sensu
1442 2867 154 48 sentimus
1557 2867 77 48 in
1596 2867 90 48 se.
1647 2867 77 48 Ex
1686 2867 90 48 his
1737 2867 141 48 videtur
1840 2867 128 48 haberi
1930 2867 103 48 quod
1981 2867 77 48 ali-

1158 2910 140 55 quorum
1256 2910 211 55 sensibilium
1425 2910 169 55 habeamus
1551 2910 155 55 species
1664 2910 98 55 per
1720 2910 112 55 quas
1790 2910 112 55 illa
1860 2910 169 55 nouimus:
1973 2910 84 55 quae

1151 2952 124 49 tamen
1234 2952 194 49 sensibilia
1386 2952 152 49 numquam
1497 2952 180 49 sensimus.
1635 2952 69 49 â‹
1663 2952 83 49 Ad
1704 2952 111 49 ista
1774 2952 180 49 dicendum.
1912 2952 83 49 Ad
1940 2952 124 49 primum.

1162 2997 110 55 potest
1239 2997 99 55 primo
1305 2997 99 55 dici:
1371 2997 88 55 quod
1426 2997 77 55 non
1470 2997 77 55 est
1514 2997 110 55 contra
1591 2997 110 55 dicta:
1668 2997 88 55 quia
1723 2997 132 55 secundum
1822 2997 143 55 veritatem
1932 2997 66 55 et
1954 2997 110 55 eudemmet
