2467 3520
206 267 100 67 quod
269 267 88 67 aut
319 267 113 67 totum
394 267 125 67 simul:
482 267 88 67 aut
532 267 125 67 partes
620 267 75 67 ex
657 267 163 67 aliquibus
782 267 113 67 rebus
858 267 125 67 aliqua
945 267 100 67 modo
995 267 138 67 didicerit

205 322 101 56 iam.
269 322 76 56 Et
306 322 139 56 subdit.
408 322 152 56 quamquam
521 322 101 56 enim
584 322 101 56 homo
648 322 101 56 tale
711 322 139 56 aliquid
812 322 126 56 animal
900 322 126 56 possit
976 322 139 56 cogitando

210 367 97 55 siue
270 367 145 55 pingendo
379 367 109 55 quale
452 367 133 55 numquam
549 367 85 55 sit
597 367 182 55 confingere:
743 367 157 55 nequequam
864 367 109 55 tamen
936 367 97 55 hoec
997 367 121 55 facere
1070 367 48 55 va

199 411 110 49 let:
268 411 110 49 nisi
337 411 193 49 componendo
489 411 83 49 in
530 411 83 49 eo
571 411 138 49 partes
668 411 110 49 quas
737 411 83 49 ex
778 411 124 49 rebus
861 411 124 49 alias
944 411 165 49 cognitis
1054 411 55 49 in

205 458 167 47 memoriam
330 458 181 47 attraxit.
470 458 70 47 ⁋
497 458 111 47 Item
567 458 125 47 inter
651 458 153 47 species
762 458 167 47 receptas
887 458 70 47 a
915 458 139 47 rebus:
1013 458 84 47 et
1040 458 70 47 fi-

204 501 95 50 ctas
264 501 71 50 ab
299 501 107 50 anima
371 501 83 50 est
418 501 95 50 alia
478 501 179 50 differentia
621 501 107 50 valet
692 501 95 50 quod
752 501 107 50 nulla
823 501 131 50 species
919 501 131 50 recepta
1014 501 107 50 ducit
1073 501 48 50 in

197 545 151 47 notitiam
311 545 151 47 alicuius
424 545 88 47 rei
474 545 88 47 ex:
525 545 101 47 nisi
588 545 126 47 illius
676 545 176 47 singularis
814 545 151 47 praecise
927 545 101 47 quod
978 545 138 47 sentiendo

209 584 104 60 ipsa
274 584 143 60 species
378 584 91 60 est
430 584 143 60 recepta
534 584 78 60 in
573 584 130 60 mente:
664 584 78 60 vt
702 584 143 60 species
806 584 104 60 quam
871 584 156 60 memoriua
988 584 156 60 recipit:

192 630 96 47 dum
247 630 109 47 quis
315 630 109 47 actu
384 630 123 47 videt
466 630 109 47 hanc
534 630 178 47 albedinem
671 630 233 47 demonstratam:
863 630 96 47 non
917 630 123 47 ducit
1000 630 82 47 in
1027 630 82 47 noti

190 672 92 58 tiam
247 672 137 58 alicuius
350 672 137 58 alterius
453 672 149 58 albedinis
568 672 69 58 ab
602 672 92 58 illa
659 672 92 58 quae
717 672 126 58 sensata
808 672 92 58 tunc
865 672 92 58 est.
923 672 69 58 et
957 672 80 58 hic
1003 672 80 58 est
1037 672 69 58 quod

199 718 81 44 tot
246 718 104 44 tales
315 718 127 44 species
407 718 104 44 habet
477 718 139 44 quilibet
581 718 69 44 in
615 718 139 44 menodmia
719 718 92 44 quot
777 718 139 44 singutia
881 718 150 44 sensibius
996 718 81 44 per
1031 718 81 44 illas

192 755 163 57 cognoscere
320 755 128 57 potest:
413 755 81 57 sic
460 755 128 57 probari
553 755 116 57 potest
634 755 70 57 ex
669 755 70 57 eo
704 755 93 57 quod
762 755 116 57 dictum
844 755 81 57 est
890 755 70 57 in
925 755 151 57 solutione
1030 755 93 57 ratio-

200 805 97 51 nis.
261 805 61 51 ⁋
285 805 73 51 Ad
321 805 73 51 3m
358 805 134 51 dubium:
455 805 85 51 cui
504 805 134 51 quaeque
601 805 109 51 fauet
674 805 122 51 dictum
759 805 109 51 Augu.
832 805 85 51 xi.
881 805 73 51 de
918 805 97 51 tri.
978 805 122 51 dicens
1051 805 49 51 qu

199 847 102 50 non
258 847 176 50 possumus
390 847 190 50 meminisse
536 847 176 50 corporum
668 847 161 50 species
785 847 117 50 nisi
858 847 102 50 tot
916 847 117 50 quot
975 847 117 50 sensim

193 892 82 44 et
234 892 150 44 quantas
344 892 178 44 sensimus.
480 892 82 44 Ex
521 892 164 44 corporis
644 892 109 44 enim
713 892 123 44 sensu
795 892 96 44 eas
849 892 82 44 in
890 892 164 44 memoriam
1000 892 109 44 combi-

192 926 85 55 bit
241 926 134 55 animus:
338 926 85 55 hoc
387 926 110 55 autem
460 926 122 55 dictum
546 926 110 55 verum
619 926 85 55 non
668 926 98 55 est:
729 926 85 55 nec
778 926 110 55 causa
851 926 98 55 eius
912 926 171 55 assignata:
1034 926 73 55 nisi

199 974 79 50 qui
244 974 124 50 species
334 974 79 50 rei
379 974 157 50 sensibilis
502 974 124 50 recepta
592 974 79 50 per
637 974 112 50 sensum
716 974 180 50 repraesentat
862 974 157 50 singuliter
985 974 124 50 tantum:
1064 974 45 50 et

197 1016 74 58 in
234 1016 124 58 illius
321 1016 174 58 singularis
457 1016 149 58 praecise
569 1016 112 58 ducit
643 1016 161 58 notitiam:
767 1016 99 58 quod
830 1016 137 58 sensatu
929 1016 99 58 tunc
991 1016 99 58 est.
1041 1016 74 58 vnde

198 1060 96 52 sicut
262 1060 85 52 illa
316 1060 128 52 sensatio
412 1060 75 52 est
455 1060 128 52 praecise
551 1060 107 52 illius
625 1060 160 52 singularis:
754 1060 75 52 sic
796 1060 75 52 est
839 1060 64 52 et
871 1060 117 52 species
956 1060 85 52 tunc
999 1060 107 52 causata.

195 1105 131 60 species
290 1105 107 60 autem
362 1105 107 60 ficta
434 1105 72 60 ab
469 1105 107 60 anima
541 1105 83 60 non
588 1105 119 60 tantum
672 1105 107 60 ducit
743 1105 72 60 in
779 1105 143 60 notitiam
887 1105 119 60 illius
958 1105 155 60 singularis:

188 1148 81 53 vel
235 1148 127 53 illorum
327 1148 115 53 tantum
407 1148 92 53 quae
465 1148 104 53 prius
534 1148 92 53 nota
592 1148 92 53 sunt
649 1148 69 53 in
684 1148 81 53 se:
730 1148 81 53 sed
776 1148 104 53 etiam
845 1148 138 53 aliorum:
949 1148 69 53 vt
983 1148 104 53 supra
1041 1148 69 53 fre-

189 1193 133 51 quenter
285 1193 84 51 est
334 1193 157 51 allegatum
454 1193 84 51 per
503 1193 97 51 Aug.
563 1193 97 51 Unde
623 1193 157 51 huiusmodi
744 1193 133 51 species
841 1193 109 51 ficte
913 1193 157 51 comperata
1022 1193 84 51 rece-

202 1241 104 53 ptorum
274 1241 83 53 sunt
326 1241 83 53 quas
378 1241 166 53 vniversales:
513 1241 114 53 quamuis
596 1241 73 53 non
638 1241 125 53 perfcaum
731 1241 197 53 vniversalitate:
897 1241 73 53 cum
939 1241 62 53 in
970 1241 73 53 eis
1011 1241 73 53 non
1042 1241 73 53 conue

198 1281 95 58 niant
262 1281 126 58 perfecte
356 1281 95 58 omnia
419 1281 158 58 singulatia:
546 1281 84 58 quod
598 1281 137 58 contingit
703 1281 116 58 propter
787 1281 95 58 earum
851 1281 147 58 coniunctam
956 1281 147 58 repraesenta:

182 1324 120 56 tionem
266 1324 132 56 plurium
362 1324 180 56 sensibitum:
506 1324 84 56 non
554 1324 96 56 enim
614 1324 192 56 representant
771 1324 132 56 colorem
867 1324 132 56 tantum:
963 1324 84 56 aut
999 1324 108 56 figuran

191 1363 140 53 tantum:
293 1363 89 53 vel
344 1363 204 53 quantitatem:
510 1363 89 53 sed
561 1363 140 53 colorem
663 1363 191 53 determinate
816 1363 191 53 quantitatis
969 1363 76 53 et
994 1363 115 53 figure:

186 1414 74 49 et
223 1414 86 49 sic
272 1414 74 49 de
309 1414 111 49 aliis
383 1414 160 49 speciebus
506 1414 123 49 fictis
592 1414 74 49 de
629 1414 111 49 aliis
703 1414 209 49 singularibus:
875 1414 98 49 quia
937 1414 111 49 tamen
1011 1414 86 49 non
1047 1414 62 49 du-

199 1454 84 50 cit
247 1454 179 50 determinate
390 1454 72 50 in
426 1454 107 50 huius
497 1454 167 50 singularis
629 1454 143 50 notitiam
736 1454 179 50 sensibilis:
879 1454 107 50 sicut
951 1454 155 50 quaelibet
1058 1454 48 50 re

191 1497 112 56 cepta
265 1497 124 56 facit:
352 1497 87 56 sed
401 1497 74 56 in
439 1497 149 56 notitiam
550 1497 149 56 confusam
662 1497 161 56 aliquorum
786 1497 87 56 aut
836 1497 149 56 alicuius
947 1497 112 56 quasi
1009 1497 87 56 vaga-

182 1538 140 59 quaedam
284 1538 241 59 representatione
487 1538 89 59 (vt
538 1538 127 59 quidam
627 1538 140 59 dicunt)
729 1538 127 59 potest
818 1538 102 59 dici
881 1538 114 59 talis
957 1538 102 59 spes
1008 1538 89 59 ficta

186 1587 146 48 quidammo
296 1587 195 48 vniversalis:
454 1587 98 48 siue
515 1587 85 48 aut
564 1587 134 48 species
661 1587 98 48 iste
722 1587 110 48 ficte
795 1587 98 48 sint
856 1587 73 48 in
893 1587 183 48 intellectu:
1027 1587 73 48 siue

190 1631 79 49 in
229 1631 118 49 parte
308 1631 171 49 sensitiua
440 1631 131 49 anime:
532 1631 131 49 preter
624 1631 92 49 eas
676 1631 118 49 tamen
755 1631 158 49 fatendum
873 1631 92 49 est
926 1631 79 49 in
952 1631 158 49 intellectu

183 1674 101 48 esse
246 1674 113 48 alias
322 1674 126 48 fictas
410 1674 214 48 abstractiones
586 1674 164 48 obiectiue
712 1674 75 48 et
749 1674 239 48 vniversaliores:
951 1674 113 48 licet
1014 1674 75 48 peri

183 1714 253 48 abstractionem
392 1714 104 48 non
451 1714 104 48 sic
511 1714 119 48 sint
585 1714 134 48 nobis
674 1714 268 48 perceptibiles:
898 1714 119 48 siue
957 1714 149 48 vocentur

191 1757 146 47 species
297 1757 106 47 siue
363 1757 199 47 intentiones
522 1757 93 47 seu
575 1757 119 47 forme
654 1757 93 47 vel
707 1757 185 47 conceptus:
853 1757 106 47 quod
919 1757 146 47 vltimum
1011 1757 93 47 voca-

190 1798 125 52 bulum
274 1798 111 52 nunc
343 1798 111 52 apud
413 1798 167 52 modernos
538 1798 97 52 est
593 1798 125 52 magis
677 1798 83 52 in
719 1798 111 52 vsu:
788 1798 153 52 quamuis
899 1798 153 52 omnibus
997 1798 97 52 prime

181 1840 175 50 nominatis
315 1840 81 50 et
355 1840 161 50 pluribus
476 1840 121 50 aliis
557 1840 202 50 inueniantur
718 1840 148 50 antiqui
826 1840 94 50 vsi
880 1840 134 50 fuisse
974 1840 81 50 in
1001 1840 94 50 eadem

186 1886 253 51 significatione:
399 1886 80 51 in
439 1886 93 51 qua
492 1886 147 51 moderni
599 1886 147 51 vtuntur
706 1886 93 51 hoc
759 1886 133 51 nomine
853 1886 187 51 conceptus.
986 1886 120 51 forman-

191 1926 90 49 tur
243 1926 116 49 autem
320 1926 103 49 isti
385 1926 168 49 conceptus
514 1926 77 49 in
553 1926 181 49 intellectu
695 1926 77 49 ex
733 1926 220 49 apprehensione
914 1926 142 49 plurium
1005 1926 90 49 singu

190 1970 128 51 larium
280 1970 154 51 similium
395 1970 154 51 fingendo
511 1970 218 51 similitudinem
690 1970 154 51 quandam:
806 1970 90 51 seu
857 1970 167 51 conceptum
973 1970 128 51 communem

176 2020 151 48 cuilibet
290 2020 189 48 singularium
441 2020 138 48 illorum
541 2020 76 48 et
579 2020 138 48 aliorum
680 2020 101 48 sibi
743 2020 164 48 similium:
868 2020 88 48 qui
919 2020 164 48 conceptus
1032 2020 63 48 nul

179 2055 87 49 lum
228 2055 186 49 determinate
377 2055 136 49 illorum
476 2055 211 49 repraesentat:
650 2055 87 49 sed
700 2055 136 49 confuse
799 2055 74 49 et
836 2055 161 49 comuniter
960 2055 112 49 omnia
1022 2055 87 49 sicut

186 2104 194 46 apprehensis
341 2104 194 46 albedinibus
496 2104 155 46 pluribus
612 2104 207 46 singularibus
780 2104 77 46 et
819 2104 116 46 earum
896 2104 207 46 conuenientia
1051 2104 52 46 in

185 2143 87 55 hoc
234 2143 99 55 quod
296 2143 87 55 est
346 2143 99 55 esse
408 2143 174 55 albedinem:
544 2143 149 55 formatur
656 2143 161 55 conceptus
780 2143 149 55 communis
892 2143 161 55 albedinis
1003 2143 87 55 cuile

180 2188 150 53 albedini
292 2188 137 53 similis
392 2188 75 53 et
429 2188 112 53 talis
504 2188 75 53 in
542 2188 100 53 esse
604 2188 237 53 repraesentatiuo
804 2188 125 53 qualis
892 2188 87 53 est
942 2188 125 53 albedo
1017 2188 87 53 extra

180 2232 69 48 in
214 2232 92 48 esse
271 2232 115 48 reali:
352 2232 103 48 sicut
421 2232 80 48 suo
467 2232 92 48 modo
524 2232 115 48 dictum
604 2232 80 48 est
650 2232 69 48 de
685 2232 149 48 speciebus
799 2232 115 48 fictis
880 2232 69 48 in
903 2232 195 48 praecedentibus.

183 2276 82 53 vt
224 2276 123 53 tamen
306 2276 109 53 dixi
375 2276 109 53 iste
443 2276 96 53 est
498 2276 219 53 abstractior:
676 2276 137 53 quando
772 2276 123 53 talis
854 2276 178 53 conceptus
977 2276 123 53 formari

185 2320 122 51 potest
270 2320 73 51 in
306 2320 182 51 intellectum
452 2320 73 51 de
489 2320 158 51 albedine:
611 2320 85 51 per
659 2320 97 51 quem
720 2320 85 51 nec
769 2320 158 51 quantitas
890 2320 122 51 aliqua
975 2320 85 51 nec
1012 2320 85 51 figu-

181 2362 69 49 ra
216 2362 81 49 aut
262 2362 116 49 omnino
343 2362 127 49 aliquid
436 2362 104 49 aliud
505 2362 127 49 praeter
597 2362 150 49 essentiam
713 2362 150 49 albedinis
829 2362 243 49 repraesentabitur:
1025 2362 81 49 sicut

190 2403 197 51 experientia
348 2403 132 51 probat
440 2403 79 51 in
479 2403 211 51 aimaduertere
651 2403 158 51 volente:
769 2403 79 51 et
808 2403 92 51 ita
861 2403 92 51 est
914 2403 79 51 de
953 2403 132 51 aliis:
1032 2403 66 51 sic

176 2450 107 52 autem
247 2450 166 52 abstractus
378 2450 154 52 conceptus
496 2450 83 52 per
544 2450 142 52 virtutem
650 2450 166 52 sensitiuam
781 2450 119 52 haberi
864 2450 83 52 non
911 2450 130 52 potest:
1006 2450 83 52 sed
1042 2450 59 52 per

178 2492 113 49 solum
254 2492 201 49 intellectum:
417 2492 75 49 vt
454 2492 163 49 dicebatur
580 2492 113 49 sicut
655 2492 188 49 experientia
806 2492 125 49 docet:
893 2492 100 49 quod
956 2492 113 49 etiam
1019 2492 75 49 eui-

179 2538 128 44 denter
269 2538 116 44 patet
346 2538 90 44 per
397 2538 116 44 illud
475 2538 103 44 quod
539 2538 116 44 dicit
616 2538 103 44 Aug.
680 2538 77 44 in
719 2538 90 44 li.
770 2538 77 44 de
808 2538 180 44 quantitate
950 2538 128 44 anime.
1027 2538 64 44 Nam

185 2576 174 57 longitudo
318 2576 120 57 nulla
399 2576 94 57 est
452 2576 80 57 in
492 2576 80 57 re
532 2576 107 57 sine
599 2576 201 57 latitudinie
760 2576 80 57 et
800 2576 214 57 altitudinie:
974 2576 94 57 nec
1014 2576 80 57 esse

193 2630 125 51 potest:
284 2630 80 51 nec
329 2630 80 51 est
375 2630 114 51 aliqua
454 2630 102 51 sensu
523 2630 148 51 cogitari.
637 2630 68 51 et
671 2630 102 51 tamen
739 2630 148 51 longitudo
853 2630 80 51 sic
898 2630 148 51 intelligi
1001 2630 91 51 potest

180 2668 75 52 vt
217 2668 87 52 pro
267 2668 100 52 tunc
329 2668 87 52 nec
379 2668 100 52 lata
442 2668 87 52 nec
492 2668 100 52 alta
554 2668 100 52 esse
616 2668 200 52 concipiatur:
779 2668 75 52 et
816 2668 100 52 isti
878 2668 162 52 conceptus
991 2668 112 52 proprie

183 2713 87 45 sunt
238 2713 175 45 vniversales:
380 2713 65 45 et
412 2713 76 45 qui
456 2713 131 45 vocantur
554 2713 175 45 vniversalia:
696 2713 98 45 sicut
762 2713 76 45 suo
805 2713 87 45 loco
860 2713 131 45 patebit.
958 2713 65 45 Et
991 2713 87 45 ideo
1034 2713 55 45 pro

178 2757 105 44 nunc
244 2757 79 44 de
283 2757 92 44 hoc
336 2757 92 44 hec
389 2757 198 44 sufficiant.
547 2757 66 44 ⁋
573 2757 171 44 huiusmodi
705 2757 132 44 quoque
797 2757 184 44 conceptuum
942 2757 132 44 quidam
1021 2757 79 44 sunt

185 2796 185 53 simplices:
330 2796 132 53 quidam
422 2796 106 53 vero
488 2796 79 53 ex
528 2796 158 53 pluribus
647 2796 198 53 simplicibus
805 2796 185 53 compositi:
950 2796 119 53 sicut
1016 2796 66 53 suo

190 2844 75 53 de
228 2844 113 53 aliis
303 2844 175 53 dicebatur.
441 2844 75 53 Et
478 2844 175 53 simplicium
616 2844 125 53 quidam
703 2844 200 53 communiores.
866 2844 125 53 quidam
953 2844 100 53 vero
1003 2844 88 53 minus

186 2885 156 54 communes.
306 2885 156 54 Similiter
426 2885 192 54 compositorum
582 2885 120 54 quidam
665 2885 72 54 ex
701 2885 168 54 quibusdam:
833 2885 120 54 quidam
917 2885 72 54 ex
953 2885 120 54 aliis.
1025 2885 60 54 Sed

178 2935 77 48 de
217 2935 140 48 omnibus
319 2935 115 48 istis
395 2935 102 48 nunc
459 2935 179 48 discernere
600 2935 89 48 non
651 2935 89 48 est
702 2935 166 48 pertinens
830 2935 77 48 ad
868 2935 192 48 propositum.
1008 2935 77 48 Sicu

180 2975 115 49 autem
257 2975 141 49 species
360 2975 115 49 ficte
437 2975 180 49 dicebantur
578 2975 167 49 conuenire
706 2975 90 49 cum
757 2975 167 49 receptis:
886 2975 77 49 et
924 2975 90 49 est
963 2975 128 49 differre

188 3016 130 56 quantum
283 3016 71 56 ad
318 3016 118 56 habere
401 3016 118 56 illas:
483 3016 71 56 et
519 3016 130 56 quantum
613 3016 71 56 ad
649 3016 94 56 alia
708 3016 177 56 intelligere
849 3016 83 56 per
896 3016 118 56 illas:
979 3016 83 56 sic
1014 3016 83 56 etiam

177 3057 86 69 suo
226 3057 98 69 modo
287 3057 73 69 de
324 3057 86 69 his
372 3057 98 69 quae
434 3057 73 69 in
470 3057 171 69 intellectu
605 3057 98 69 sunt
666 3057 86 69 est
715 3057 171 69 sentiedum.
849 3057 73 69 Ex
886 3057 86 69 his
935 3057 110 69 patet
996 3057 98 69 statim

1159 283 123 61 onclusio
1251 283 143 61 proposita.
1364 283 61 61 Et
1394 283 113 61 quantum
1476 283 102 61 quidem
1548 283 61 61 ad
1579 283 102 61 primam
1651 283 102 61 partem
1722 283 133 61 probatur:
1825 283 82 61 quia
1876 283 154 61 impossibile
1999 283 72 61 est
2030 283 51 61 nos

1165 331 126 57 habere
1254 331 152 57 proprium
1368 331 152 57 conceptu
1482 331 164 57 aliquorum
1608 331 202 57 sensibilium:
1772 331 101 57 nisi
1836 331 126 57 aliqua
1924 331 126 57 talium
2000 331 76 57 sint

1161 376 133 53 sensata:
1261 376 66 53 vt
1294 376 66 53 ex
1327 376 111 53 dictis
1405 376 111 53 patet:
1482 376 66 53 et
1515 376 78 53 per
1560 376 155 53 consequens
1681 376 78 53 nec
1726 376 89 53 illa
1781 376 66 53 in
1814 376 133 53 proposio
1914 376 133 53 conceptu
2003 376 66 53 sim-

1160 424 111 45 plici
1234 424 136 45 possunt
1333 424 62 45 a
1358 424 111 45 nobis
1432 424 161 45 cognosci.
1556 424 161 45 Alioquin:
1680 424 74 45 vt
1717 424 124 45 dictum
1804 424 99 45 est:
1865 424 111 45 cecus
1940 424 62 45 a
1952 424 124 45 natiuita

1163 466 73 46 te
1199 466 122 46 posset
1284 466 73 46 de
1321 466 158 46 coloribus
1443 466 146 46 proprium
1552 466 122 46 habere
1637 466 170 46 conceptum.
1771 466 73 46 2a
1807 466 97 46 pars
1868 466 109 46 patet
1941 466 73 46 ex
1966 466 109 46 dictis.

1162 504 94 52 Nam
1215 504 81 52 ex
1256 504 175 52 aliquibus
1390 504 161 52 sensatis
1511 504 161 52 possumus
1631 504 148 52 formare
1739 504 161 52 conceptu
1860 504 161 52 communem
1967 504 94 52 illis

1158 548 66 50 et
1191 548 99 50 aliis
1257 548 143 50 similibus
1368 548 132 50 secundum
1467 548 121 50 speciem
1555 548 77 50 aut
1599 548 110 50 genus:
1677 548 88 50 quae
1732 548 121 50 sensata
1820 548 66 50 in
1853 548 66 50 se
1886 548 77 50 non
1931 548 99 50 sunt.
1997 548 55 50 ⁋
2008 548 55 50 Und

1151 597 103 50 quis
1215 597 90 50 qui
1267 597 116 50 vidit
1344 597 141 50 aliquas
1447 597 167 50 albedines
1575 597 128 50 potest
1665 597 103 50 sibi
1729 597 141 50 sormare
1832 597 154 50 conceptu
1935 597 128 50 communem

1161 639 121 47 omnibus
1249 639 176 47 albedinibus:
1392 639 77 47 qui
1436 639 110 47 quidem
1513 639 66 47 in
1546 639 154 47 vniversali
1668 639 99 47 omnes
1734 639 66 47 et
1767 639 121 47 confuse
1855 639 143 47 nullamque
1954 639 121 47 distincte

1162 686 263 47 repraesentabit.
1384 686 97 47 Nec
1439 686 83 47 ad
1481 686 180 47 formandum
1620 686 125 47 talem
1703 686 180 47 conceptum
1841 686 222 47 speculatiuum
2008 686 55 47 ne

1159 724 106 50 cesse
1230 724 82 50 est
1277 724 94 50 quod
1335 724 106 50 omnes
1406 724 153 50 albedines
1523 724 94 50 sint
1582 724 94 50 vise
1641 724 141 50 secundum
1746 724 82 50 se.
1793 724 153 50 Similiter
1911 724 70 50 ex
1934 724 141 50 visionibus

1153 767 167 58 aliquarum
1282 767 167 58 specierum
1410 767 141 58 coloris
1513 767 128 58 potest
1603 767 167 58 generalem
1731 767 167 58 conceptum
1860 767 141 58 coloris
1950 767 128 58 formare:

1158 810 98 51 esto
1219 810 98 51 quod
1280 810 86 51 non
1329 810 135 51 viderit
1427 810 171 51 cuiuslibet
1561 810 135 51 speciei
1659 810 135 51 coloris
1757 810 122 51 aliqua
1843 810 122 51 singa.
1928 810 73 51 Et
1965 810 98 51 quia
2014 810 61 51 ta-

1159 851 78 49 les
1203 851 144 49 conceptus
1314 851 89 49 sunt
1369 851 122 49 signtia
1458 851 122 49 illarum
1546 851 111 49 rerum:
1624 851 66 49 et
1657 851 111 49 taptia
1735 851 66 49 in
1768 851 89 49 esse
1823 851 144 49 apparenti
1934 851 66 49 et
1956 851 122 49 represen-

1152 898 124 53 tatiue
1238 898 124 53 quales
1325 898 99 53 sunt
1387 898 87 53 res
1437 898 99 53 ille
1499 898 74 53 in
1536 898 137 53 ealiter
1636 898 74 53 et
1673 898 137 53 virtute
1772 898 137 53 notitia
1871 898 174 53 habitualis
1996 898 74 53 ali-

1148 944 120 51 quorum
1232 944 120 51 quarum
1317 944 96 51 sunt
1377 944 108 51 signa
1449 944 193 51 cognoscuntur
1605 944 96 51 esse
1666 944 108 51 signa
1738 944 132 51 illorum
1834 944 72 51 et
1870 944 84 51 eis
1918 944 157 51 similium:
2027 944 48 51 et

1146 988 82 53 ad
1187 988 123 53 tatia
1269 988 219 53 significanda
1447 988 178 53 formantur
1584 988 123 53 tales
1666 988 192 53 conceptus:
1817 988 151 53 idcirco
1926 988 96 53 per
1967 988 96 53 illos

1151 1028 93 48 res
1204 1028 133 48 aliqua
1297 1028 93 48 non
1350 1028 146 48 sensate
1456 1028 146 48 possunt
1562 1028 66 48 a
1589 1028 120 48 nobis
1669 1028 186 48 intelligi:
1815 1028 80 48 vt
1855 1028 80 48 ex
1894 1028 120 48 supra
1961 1028 106 48 dictis

1158 1074 149 45 apparet.
1269 1074 62 45 ⁋
1294 1074 149 45 Ueruntm:
1406 1074 99 45 quia
1468 1074 99 45 illi
1530 1074 161 45 conceptus
1654 1074 99 45 sunt
1716 1074 149 45 communes
1827 1074 161 45 aliquibus
1939 1074 124 45 sensatis

1155 1113 201 52 singularibus
1319 1113 75 52 et
1357 1113 164 52 quibusdam
1482 1113 88 52 non
1533 1113 164 52 sensatis:
1659 1113 75 52 et
1696 1113 101 52 hec:
1759 1113 75 52 et
1797 1113 113 52 illa:
1872 1113 75 52 vt
1910 1113 126 52 dictum
1986 1113 75 52 est:

1154 1157 198 46 repraesentant
1318 1157 128 46 confuse
1411 1157 70 46 et
1446 1157 187 46 indistincte:
1598 1157 93 46 ideo
1656 1157 82 46 per
1703 1157 82 46 eos
1750 1157 105 46 talia
1820 1157 117 46 quibus
1902 1157 93 46 sunt
1948 1157 117 46 communes

1146 1204 92 49 non
1198 1204 144 49 possunt
1303 1204 170 49 distincte
1434 1204 170 49 cognosci.
1564 1204 105 49 vnde
1630 1204 92 49 per
1682 1204 157 49 communem
1800 1204 170 49 conceptum
1917 1204 144 49 albedinis

1146 1245 97 45 non
1202 1245 139 45 possum
1299 1245 181 45 distincte
1438 1245 125 45 nosse
1521 1245 194 45 albedinem:
1674 1245 111 45 quae
1743 1245 97 45 est
1799 1245 83 45 in
1841 1245 139 45 camera
1924 1245 139 45 guiller-

1154 1288 77 54 mi
1193 1288 77 54 si
1231 1288 89 54 qua
1282 1288 89 54 ibi
1333 1288 102 54 est:
1397 1288 89 54 aut
1448 1288 115 54 aliam
1525 1288 140 54 aliquam
1627 1288 77 54 in
1665 1288 166 54 speciali.
1793 1288 89 54 nec
1844 1288 89 54 per
1895 1288 166 54 conceptum
2010 1288 51 54 co

1153 1331 128 47 loris
1238 1331 142 47 possum
1337 1331 184 47 distincte
1479 1331 142 47 omnes:
1578 1331 113 47 immo
1649 1331 99 47 nec
1706 1331 156 47 aliquam
1819 1331 156 47 speciem
1918 1331 142 47 coloris:

1146 1376 185 44 cognoscere:
1293 1376 98 44 quia
1355 1376 74 44 si
1392 1376 135 44 aliquam
1490 1376 123 44 possem
1577 1376 74 44 et
1614 1376 111 44 omnes
1687 1376 209 44 indresponter:
1860 1376 86 44 cum
1897 1376 172 44 indresponter

1146 1416 163 54 quamlibet
1272 1416 213 54 repraesentet.
1447 1416 138 54 Constat
1547 1416 113 54 autem
1622 1416 125 54 multas
1710 1416 100 54 esse
1772 1416 138 54 species
1872 1416 138 54 colorum
1960 1416 100 54 quarum

1142 1462 129 47 nullam
1232 1462 77 47 in
1271 1462 155 47 speciali
1387 1462 129 47 possum
1478 1462 129 47 habere
1568 1462 168 47 notitiam.
1697 1462 194 47 Confirmatur
1852 1462 103 47 hoc.
1916 1462 103 47 quia
1968 1462 90 47 alias

1150 1504 84 46 cum
1198 1504 108 46 cecus
1270 1504 120 46 possit
1354 1504 120 46 habere
1439 1504 72 46 in
1475 1504 72 46 se
1511 1504 144 46 communem
1619 1504 156 46 conceptum
1739 1504 168 46 qualitatis
1872 1504 168 46 sequeretur
1992 1504 72 46 quod

1156 1550 146 42 distincte
1268 1550 112 42 posset
1347 1550 101 42 nosse
1414 1550 135 42 colores:
1515 1550 79 42 qui
1560 1550 90 42 sunt
1616 1550 124 42 species
1706 1550 168 42 qualitatis.
1841 1550 157 42 consequens
1964 1550 79 42 est
1998 1550 56 42 fa-

1138 1590 102 48 sum.
1202 1590 64 48 ⁋
1227 1590 76 48 4a
1265 1590 165 48 conclusio
1392 1590 89 48 est
1443 1590 102 48 quod
1507 1590 165 48 sensibiua
1634 1590 64 48 a
1659 1590 114 48 nobis
1735 1590 89 48 non
1786 1590 140 48 sensata
1888 1590 89 48 non
1926 1590 127 48 possumus

1138 1638 201 51 naturaliter
1298 1638 187 51 cognoscere
1445 1638 80 51 in
1485 1638 134 51 aliquo
1579 1638 160 51 conceptu
1699 1638 174 51 composito
1833 1638 107 51 sibi
1900 1638 160 51 proprio:
2007 1638 53 51 in

1140 1676 159 46 conceptu
1259 1676 146 46 communi
1365 1676 172 46 composito
1498 1676 172 46 possumus:
1630 1676 93 46 sed
1683 1676 93 46 non
1736 1676 172 46 distincte
1869 1676 93 46 non
1922 1676 106 46 curo
1975 1676 80 46 nunc

1154 1717 116 53 vtrum
1231 1717 167 53 conceptus
1360 1717 142 53 dicatur
1463 1717 180 53 compositus
1605 1717 232 53 essentialiter:
1798 1717 90 53 vel
1850 1717 116 53 solum
1914 1717 142 53 obiectiue

1152 1761 71 48 et
1188 1761 201 48 equiualenter:
1353 1761 106 48 sicut
1424 1761 71 48 de
1460 1761 189 48 propositione
1613 1761 142 48 mentali.
1720 1761 71 48 q.
1755 1761 106 48 prima
1826 1761 130 48 prologi
1921 1761 118 48 dictum
1992 1761 71 48 est:

1144 1805 79 46 qui
1189 1805 124 46 quantum
1279 1805 68 46 ad
1313 1805 158 46 propositum
1438 1805 147 46 tantumdem
1551 1805 102 46 valet
1619 1805 147 46 vtrumque.
1732 1805 57 46 ⁋
1755 1805 68 46 Ad
1789 1805 158 46 euidentiam
1902 1805 158 46 conclusionis

1142 1848 104 50 huius
1212 1848 81 50 est
1258 1848 139 50 sciendu:
1362 1848 93 50 quod
1420 1848 81 50 qui
1466 1848 104 50 debet
1536 1848 116 50 aliqua
1617 1848 162 50 cognoscere
1744 1848 69 50 in
1778 1848 139 50 conceptu
1883 1848 162 50 composito:
1998 1848 58 50 ne-

1143 1893 111 47 cesse
1217 1893 86 47 est
1266 1893 86 47 eum
1315 1893 123 47 habere
1401 1893 74 47 in
1438 1893 111 47 mente
1512 1893 111 47 talem
1586 1893 172 47 conceptum:
1721 1893 74 47 et
1758 1893 86 47 cum
1808 1893 86 47 hoc
1857 1893 123 47 habere
1931 1893 123 47 notitiam

1150 1937 172 50 actualem
1279 1937 101 50 aut
1336 1937 201 50 habitualem
1495 1937 101 50 qua
1552 1937 129 50 nouit
1638 1937 115 50 hunc
1710 1937 187 50 conceptum
1854 1937 115 50 esse
1911 1937 144 50 alicuius

1138 1983 92 50 rei
1190 1983 144 50 signum:
1295 1983 79 50 et
1334 1983 105 50 ista
1400 1983 131 50 vtique
1492 1983 183 50 seperantur
1636 1983 183 50 abinuicem.
1780 1983 92 50 Nam
1832 1983 105 50 quis
1898 1983 131 50 potest
1976 1983 79 50 for-

1142 2020 102 48 mare
1206 2020 140 48 aliquem
1307 2020 165 48 conceptum
1434 2020 190 48 compositum:
1586 2020 76 48 et
1625 2020 165 48 ignorare:
1751 2020 76 48 an
1790 2020 89 48 per
1840 2020 114 48 ipsum
1916 2020 127 48 aliqua
1993 2020 63 48 res

1148 2061 188 54 significet:
1298 2061 138 54 quamuis
1398 2061 113 54 sciat
1473 2061 88 54 per
1523 2061 163 54 quamlibet
1648 2061 100 54 eius
1710 2061 125 54 partem
1798 2061 138 54 aliquod
1885 2061 175 54 significari:

1137 2105 92 50 immo
1195 2105 115 50 potest
1276 2105 104 50 scire
1345 2105 92 50 quod
1403 2105 92 50 ille
1460 2105 150 50 conceptus
1576 2105 127 50 nullius
1668 2105 81 50 rei
1714 2105 92 50 est.
1772 2105 58 50 ⁋
1795 2105 138 50 Exemplum
1899 2105 115 50 primi.
1968 2105 92 50 potest

1138 2148 103 59 quis
1202 2148 128 59 habens
1292 2148 167 59 conceptum
1420 2148 141 59 circuli
1523 2148 77 59 et
1561 2148 167 59 conceptum
1689 2148 167 59 quandrati
1817 2148 77 59 et
1856 2148 167 59 conceptum
1971 2148 77 59 equa

1142 2195 146 50 litatis
1248 2195 172 50 componere
1381 2195 80 50 ex
1420 2195 93 50 his
1473 2195 172 50 conceptum
1606 2195 119 50 vnum:
1686 2195 133 50 qualis
1778 2195 172 50 conceptus
1911 2195 119 50 esset
1977 2195 80 50 ille

1138 2243 98 54 cui
1194 2243 225 54 subordinatur
1377 2243 98 54 hoc
1433 2243 112 54 toum
1503 2243 84 54 in
1545 2243 126 54 voce:
1630 2243 169 54 circulus
1756 2243 155 54 equalis
1868 2243 183 54 quadrato:
1995 2243 56 54 et

1148 2281 83 49 hoc
1195 2281 154 49 experitur
1314 2281 83 49 hic
1361 2281 142 49 quilibet
1467 2281 83 49 cum
1515 2281 83 49 hoc
1562 2281 106 49 tamen
1633 2281 118 49 potest
1716 2281 154 49 ignorare:
1834 2281 71 49 an
1870 2281 95 49 iste
1917 2281 130 49 conceptus

1146 2323 96 54 sit
1201 2323 179 54 conceptus
1339 2323 165 54 alicuius
1463 2323 110 54 rei:
1532 2323 124 54 sicut
1615 2323 124 54 multi
1697 2323 110 54 hunc
1766 2323 179 54 conceptum
1890 2323 152 54 formantes

1144 2368 174 53 ignorant:
1278 2368 80 53 an
1318 2368 134 53 aliqua
1412 2368 94 53 res
1465 2368 94 53 sit
1519 2368 94 53 vel
1572 2368 134 53 possit
1666 2368 107 53 esse
1733 2368 161 53 circulus
1854 2368 147 53 equalis
1948 2368 107 53 quadra

1142 2412 86 46 to.
1191 2412 62 46 ⁋
1216 2412 148 46 Exemplum
1327 2412 148 46 secundi.
1438 2412 74 46 si
1475 2412 99 46 quis
1536 2412 123 46 habeat
1622 2412 160 46 conceptum
1746 2412 136 46 circuli
1844 2412 74 46 et
1881 2412 160 46 conceptum
1992 2412 62 46 an-

1142 2458 99 45 guli
1204 2458 74 45 et
1241 2458 136 45 coponat
1340 2458 149 45 vtrumque
1451 2458 124 45 simul:
1538 2458 74 45 vt
1575 2458 99 45 fiat
1637 2458 161 45 conceptus
1760 2458 186 45 compositus:
1909 2458 124 45 qualis
1983 2458 62 45 est

1141 2502 94 46 hec
1194 2502 135 46 oratio
1289 2502 81 46 in
1329 2502 121 46 voce:
1410 2502 162 46 circulus
1531 2502 189 46 angularis.
1680 2502 135 46 certum
1774 2502 94 46 est
1828 2502 108 46 quod
1895 2502 108 46 iste
1949 2502 108 46 potest

1135 2546 114 59 scire
1211 2546 101 59 quod
1275 2546 114 59 nulla
1351 2546 89 59 res
1402 2546 101 59 est:
1465 2546 89 59 aut
1516 2546 101 59 esse
1579 2546 127 59 potest
1668 2546 89 59 cui
1718 2546 165 59 conueniat
1845 2546 101 59 iste
1896 2546 152 59 conceptus:

1153 2585 69 47 et
1188 2585 69 47 in
1223 2585 127 47 vtroque
1315 2585 92 47 casu
1373 2585 150 47 haberetur
1488 2585 150 47 conceptus
1603 2585 173 47 compositus:
1742 2585 81 47 non
1788 2585 104 47 tamen
1857 2585 196 47 cognosceretur
2007 2585 46 47 in

1152 2629 94 61 illo
1211 2629 82 61 res
1258 2629 117 61 aliqua
1340 2629 105 61 extra
1410 2629 117 61 animam
1492 2629 82 61 per
1539 2629 105 61 illum
1609 2629 82 61 qui
1656 2629 105 61 talem
1726 2629 152 61 conceptum
1843 2629 141 61 haberet.
1949 2629 59 61 ⁋
1960 2629 94 61 Scitur

1143 2672 100 49 autem
1210 2672 67 49 de
1243 2672 112 49 aliquo
1321 2672 123 49 hosmodi
1411 2672 134 49 conceptu
1511 2672 100 49 ipsum
1578 2672 89 49 esse
1634 2672 145 49 conceptum
1746 2672 134 49 alicuius
1846 2672 89 49 rei:
1902 2672 112 49 quando
1969 2672 78 49 scitu

1139 2715 126 54 ipsum
1223 2715 84 54 de
1265 2715 112 54 ipsa
1334 2715 84 54 re
1376 2715 209 54 verificari:
1544 2715 126 54 sicut
1627 2715 112 54 tunc
1697 2715 112 54 quis
1767 2715 126 54 nouit
1851 2715 112 54 quod
1906 2715 140 54 coceptus

1152 2767 62 40 n
1176 2767 112 40 mente
1251 2767 87 40 qui
1301 2767 87 40 est
1351 2767 187 40 diffinitio.
1501 2767 112 40 verbi
1576 2767 125 40 gratia
1663 2767 125 40 animal
1751 2767 162 40 rationale
1875 2767 87 40 est
1913 2767 137 40 conceptus

1136 2806 147 47 hominis:
1246 2806 123 47 quando
1332 2806 111 47 nouit
1406 2806 98 47 quod
1467 2806 98 47 homo
1529 2806 86 47 est
1578 2806 123 47 animal
1664 2806 172 47 rationale.
1799 2806 86 47 quo
1848 2806 135 47 cognito
1946 2806 86 47 dum
1983 2806 74 47 post

1141 2848 120 49 modum
1221 2848 120 49 illum
1300 2848 173 49 conceptum
1434 2848 186 49 compositum
1580 2848 160 49 intuetur
1700 2848 173 49 cognoscit
1833 2848 80 49 in
1873 2848 107 49 ipso
1939 2848 93 49 rem
1979 2848 67 49 que

1131 2891 84 51 est
1179 2891 108 51 homo.
1251 2891 60 51 ⁋
1275 2891 96 51 Item
1335 2891 156 51 aliquando
1455 2891 120 51 potest
1539 2891 108 51 talis
1610 2891 156 51 conceptus
1730 2891 144 51 proprius
1838 2891 132 51 alicui:
1922 2891 120 51 cognosci

1140 2936 95 49 esse
1199 2936 154 49 conceptus
1318 2936 142 49 alicuius
1424 2936 71 49 ex
1460 2936 83 49 hoc
1507 2936 95 49 quod
1566 2936 177 49 cognoscitur
1708 2936 106 49 ipsum
1779 2936 166 49 verificari
1909 2936 71 49 de
1933 2936 118 49 conceptu

1143 2976 118 57 entis
1222 2976 236 57 particulariter
1418 2976 144 57 sumpto:
1523 2976 118 57 sicut
1602 2976 131 57 siquis
1694 2976 131 57 nosset
1786 2976 105 57 quod
1851 2976 144 57 aliquod
1956 2976 92 57 ens
1995 2976 66 57 est

1134 3027 150 54 animal
1239 3027 210 54 rationale:
1404 3027 90 54 de
1449 3027 105 54 quo
1509 3027 135 54 magis
1599 3027 165 54 patebit
1718 3027 90 54 in
1763 3027 240 54 sequentibus.
1958 3027 75 54 ⁋
1988 3027 90 54 Ex

1144 3065 80 59 bis
1189 3065 126 59 probari
1281 3065 114 59 posset
1361 3065 149 59 conclusio
1475 3065 80 59 quo
1521 3065 69 59 ad
1555 3065 114 59 primam
1635 3065 114 59 partem
1715 3065 91 59 sic.
1772 3065 171 59 Impossibile
1909 3065 80 59 est
1943 3065 103 59 aliquem
