2466 3523
189 251 114 74 tius
260 251 157 74 moueret
374 251 157 74 sensum.
488 251 114 74 vnde
559 251 185 74 responsio
701 251 199 74 questionis
858 251 171 74 supponit
972 251 128 74 aliquam

199 314 100 51 vnam
262 314 100 51 esse
325 314 138 51 primam.
425 314 75 51 Si
462 314 113 51 tamen
537 314 175 51 ponerentur
675 314 125 51 plures
763 314 100 51 eque
825 314 125 51 prime:
913 314 100 51 tunc
975 314 113 51 omnes
1038 314 75 51 ille

197 355 132 49 essent
289 355 119 49 etiam
368 355 171 49 intuitiue
500 355 79 49 et
540 355 79 49 de
579 355 211 49 singularibus
751 355 224 49 sensibilibus.
936 355 106 49 vnde
1001 355 92 49 nec
1041 355 66 49 sic

205 397 132 59 variatur
304 397 132 59 intentio
403 397 176 59 quaestionis:
547 397 77 59 nec
591 397 176 59 responsionis
734 397 132 59 eiusdem.
833 397 55 59 â‹
855 397 66 59 Ad
889 397 110 59 primum
955 397 143 59 quaestionis

203 443 132 53 articum
299 443 96 53 nego
359 443 180 53 antecedens.
504 443 72 53 Ad
540 443 180 53 probationem
684 443 96 53 dico
744 443 108 53 quod.
816 443 72 53 P.
852 443 84 53 non
901 443 108 53 facit
961 443 144 53 comparatio

200 485 81 47 nem
247 485 127 47 aliquam
339 485 104 47 inter
409 485 139 47 notitiam
513 485 174 47 vniversalis
652 485 70 47 et
687 485 139 47 notitiam
791 485 174 47 singularis:
930 485 70 47 vt
953 485 151 47 distiguitur

193 526 140 57 singulare
301 526 108 57 contra
377 526 162 57 vniversale:
507 526 76 57 sed
550 526 97 57 inter
615 526 130 57 notitiam
712 526 97 57 magis
777 526 162 57 vniversalis
906 526 65 57 et
939 526 130 57 notitiam
1025 526 76 57 minus

196 571 190 47 niversalis:
348 571 101 47 quod
411 571 114 47 vocat
487 571 164 47 singulare
614 571 76 47 in
652 571 202 47 comparatione
816 571 76 47 ad
854 571 114 47 magis
930 571 190 47 vniversale:
1069 571 51 47 vt

200 618 115 56 expresse
287 618 87 56 dicit
345 618 67 56 ibi
383 618 173 56 Commentatoris.
528 618 67 56 cum
566 618 67 56 ibi
605 618 87 56 dixit
662 618 115 56 scilicet
749 618 96 56 Arguit
816 618 96 56 inquit
884 618 173 56 Commentatoris.
1018 618 87 56 particu

201 657 108 47 laria
273 657 84 47 non
321 657 144 47 intendit
428 657 167 47 indiuidua:
560 657 84 47 sed
608 657 132 47 vltimas
703 657 144 47 species:
811 657 84 47 aut
859 657 96 47 illa
919 657 96 47 quae
978 657 96 47 sunt
1026 657 84 47 quasi

194 700 118 56 vltime
277 700 141 56 species.
383 700 71 56 et
418 700 118 56 statim
501 700 106 56 post:
571 700 71 56 et
607 700 83 56 res
654 700 177 56 vniversales
795 700 94 56 sunt
854 700 141 56 notiores
961 700 94 56 apud
1008 700 94 56 intel-

196 742 122 48 lectum:
285 742 89 48 quam
340 742 177 48 particulares
484 742 133 48 scilicet
584 742 133 48 species.
683 742 89 48 ecce
739 742 89 48 quod
794 742 122 48 exponit
883 742 111 48 iterum
949 742 155 48 particulares

195 788 78 53 per
239 788 133 53 species:
339 788 67 53 et
373 788 67 53 ad
406 788 100 53 istam
473 788 167 53 intentionem
606 788 133 53 exponit.
706 788 67 53 P.
739 788 78 53 ibi
784 788 78 53 per
828 788 111 53 notum.
906 788 89 53 Item
950 788 156 53 conseuenere.

194 832 73 53 5.
230 832 110 53 adhuc
304 832 122 53 innuit
389 832 135 53 ratiom:
487 832 110 53 quia.
561 832 73 53 P.
597 832 147 53 loquitur
707 832 86 53 ibi
756 832 73 53 de
793 832 135 53 notitia
891 832 98 53 quae
952 832 147 53 pertinet
1062 832 73 53 ad

185 871 163 56 scientiam:
313 871 128 56 notitia
406 871 105 56 autem
476 871 128 56 propria
569 871 163 56 singularis
697 871 81 56 non
744 871 140 56 pertinet
848 871 70 56 ad
883 871 163 56 scientiam:
1011 871 81 56 cum
1046 871 58 56 non

183 915 115 58 possit
264 915 92 58 esse
322 915 92 58 pars
379 915 161 58 sillogismi
506 915 207 58 demonstratiui:
678 915 127 58 quamuis
770 915 115 58 possit
851 915 92 58 esse
908 915 161 58 principium
1023 915 81 58 acqui

185 953 122 57 sitionis
276 953 162 57 vniversalis:
408 953 81 57 quod
459 953 71 57 est
499 953 142 57 principium
611 953 122 57 doctrine
702 953 183 57 demonstratiue:
854 953 61 57 vt
885 953 101 57 dicit:
956 953 61 57 et
986 953 81 57 ideo
1027 953 71 57 patet

191 1000 131 50 dictum.
286 1000 71 50 P.
322 1000 83 50 non
369 1000 95 50 esse
429 1000 71 50 ad
464 1000 178 50 propositum.
607 1000 95 50 vnde
666 1000 95 50 esto
726 1000 95 50 quod
785 1000 107 50 magis
856 1000 131 50 commune
952 1000 83 50 sit
999 1000 107 50 prius
1058 1000 48 50 no

186 1047 79 52 tum
231 1047 181 52 intellectui:
378 1047 90 52 quam
434 1047 102 52 minus
502 1047 136 52 commune:
604 1047 79 52 non
649 1047 102 52 tamen
717 1047 79 52 est
762 1047 102 52 prius
830 1047 102 52 notum
898 1047 90 52 quam
943 1047 158 52 indiuiduum.-

185 1089 70 51 Io
220 1089 163 51 quaoelibet
348 1089 128 51 communi
441 1089 105 51 prius
511 1089 105 51 notum
581 1089 81 51 est
627 1089 128 51 aliquod
720 1089 174 51 indiuiduum:
860 1089 93 51 quod
918 1089 105 51 etiam
988 1089 105 51 patet
1046 1089 58 51 per

198 1131 96 53 verbum
265 1131 105 53 commun.
342 1131 67 53 iam
380 1131 124 53 allegatum
476 1131 115 53 scilicet
562 1131 77 53 quod
610 1131 134 53 indiuiduum
715 1131 67 53 est
754 1131 134 53 principium
859 1131 163 53 acquisitionis
984 1131 124 53 vniversalis

179 1177 94 54 quod
238 1177 105 54 verum
308 1177 82 54 est
355 1177 199 54 vniversaliter
519 1177 70 54 de
554 1177 129 54 notitia
648 1177 152 54 incoplexa
765 1177 152 54 indiuidui
882 1177 152 54 respectum
987 1177 117 54 acquisi-

193 1224 106 50 tionis
268 1224 159 50 vniversalis
395 1224 159 50 incomplexi:
522 1224 64 50 et
554 1224 74 50 per
596 1224 149 50 consequens
713 1224 95 50 etiam
777 1224 138 50 complexi:
883 1224 64 50 Et
915 1224 64 50 de
946 1224 117 50 notitia
1021 1224 74 50 etiam

191 1263 170 58 incomplexa
324 1263 158 58 indiuidui
445 1263 109 58 etiam
518 1263 73 58 in
555 1263 121 58 multis
639 1263 85 58 est
688 1263 109 58 verum
761 1263 158 58 respectum
882 1263 182 58 vniversalis
1015 1263 85 58 cople

193 1309 69 54 xi:
232 1309 88 54 sicut
291 1309 88 54 patet
350 1309 59 54 ex
379 1309 127 54 sumptione
477 1309 157 54 vniversalis:
605 1309 78 54 quod
654 1309 69 54 est
693 1309 137 54 principium
801 1309 88 54 artis
860 1309 59 54 et
889 1309 127 54 scientie:
987 1309 59 54 et
1017 1309 69 54 non
1046 1309 49 54 est

182 1348 85 61 per
231 1348 73 61 se
267 1348 122 61 notum.
353 1348 110 61 Utrum
426 1348 110 61 autem
499 1348 146 61 notitiam
609 1348 159 61 principum
731 1348 85 61 per
780 1348 73 61 se
816 1348 98 61 noti
877 1348 159 61 praecedat
987 1348 110 61 notitia

188 1392 141 54 alicuius
294 1392 82 54 sui
341 1392 165 54 singularis
471 1392 153 54 complexi:
589 1392 130 54 quamuis
683 1392 106 54 ipsum
754 1392 165 54 vniversale
883 1392 82 54 non
930 1392 94 54 fiat
989 1392 106 54 notum
1048 1392 59 54 per

190 1434 127 51 illam
274 1434 99 51 non
331 1434 113 51 curo
401 1434 99 51 pro
457 1434 113 51 nunc
528 1434 197 51 discutere.
683 1434 70 51 â‹
711 1434 84 51 Ad
753 1434 84 51 2m
795 1434 113 51 dico
866 1434 84 51 vt
908 1434 141 51 haberi
992 1434 113 51 potest

191 1482 89 55 de
236 1482 209 55 intentione
400 1482 179 55 Augusti.
534 1482 104 55 14.
593 1482 89 55 de
638 1482 179 55 trinita.
772 1482 119 55 quod
847 1482 149 55 mentem
951 1482 119 55 esse
1011 1482 89 55 sibi

189 1526 213 61 presentem
353 1526 164 61 potest
467 1526 229 61 dupliciter
648 1526 229 61 intelligi.
828 1526 115 61 vno
893 1526 131 61 modo
975 1526 98 61 de
1008 1526 82 61 pre

178 1566 157 58 sentia
288 1566 235 58 essentiali.
476 1566 125 58 Alio
554 1566 125 58 modo
632 1566 94 58 de
679 1566 219 58 praesentia
852 1566 219 58 obiectiua.
1008 1566 94 58 pri-

181 1615 100 48 mo
231 1615 133 48 modo
314 1615 133 48 mens
397 1615 116 48 est
464 1615 133 48 sibi
547 1615 166 48 semper
663 1615 199 48 presens:
813 1615 183 48 quamuis
946 1615 116 48 non
995 1615 100 48 pro-

178 1654 131 54 prie
260 1654 148 54 forte
358 1654 180 54 dicatur
489 1654 180 54 aliquid
620 1654 197 54 praesens
768 1654 197 54 sibimet:
916 1654 115 54 sed
965 1654 131 54 potius

187 1700 115 50 non
252 1700 164 50 absens
367 1700 147 50 sibi:
465 1700 197 50 secundum
613 1700 147 50 tamen
711 1700 197 50 vsitatum
858 1700 147 50 modum
940 1700 164 50 loquendi

184 1738 73 56 et
220 1738 121 56 maxime
305 1738 73 56 ab
342 1738 134 56 August.
439 1738 73 56 et
475 1738 85 56 sic
524 1738 97 56 mens
585 1738 121 56 potest
670 1738 97 56 dici
730 1738 97 56 sibi
791 1738 146 56 praesens
901 1738 134 56 semper.
998 1738 73 56 2o
1022 1738 85 56 autem

196 1781 82 50 modo
247 1781 72 50 non
288 1781 103 50 semper
360 1781 82 50 mens
411 1781 72 50 est
453 1781 82 50 sibi
504 1781 134 50 praesens:
607 1781 92 50 sicut
668 1781 72 50 non
709 1781 103 50 semper
781 1781 72 50 est
822 1781 62 50 in
853 1781 134 50 conspectu
956 1781 113 50 proprio
1038 1781 62 50 id
1059 1781 51 50 est

189 1822 80 56 non
234 1822 114 56 semper
314 1822 69 56 se
349 1822 149 56 conspicit
463 1822 91 56 actu
520 1822 80 56 seu
566 1822 137 56 cogitat:
669 1822 91 56 tunc
726 1822 91 56 enim
783 1822 114 56 tantum
863 1822 126 56 sibimet
954 1822 80 56 est
989 1822 114 56 praesens

183 1865 108 53 quando
259 1865 86 53 actu
312 1865 65 53 se
345 1865 129 53 cogitat:
442 1865 65 53 et
474 1865 86 53 hanc
528 1865 161 53 praesentiam
657 1865 86 53 voco
711 1865 161 53 obiectiuam.
840 1865 75 53 Cum
883 1865 108 53 igitur
958 1865 118 53 dicitur
1033 1865 65 53 quod

196 1912 92 56 nihil
257 1912 92 56 prius
318 1912 102 56 potest
389 1912 81 56 dici
440 1912 122 56 praesens
532 1912 81 56 esse
583 1912 92 56 menti
644 1912 81 56 quam
695 1912 92 56 ipsa:
756 1912 61 56 si
786 1912 61 56 de
817 1912 92 56 prima
878 1912 143 56 praesentia
980 1912 122 56 loquaereis

191 1948 130 60 concedo.
288 1948 65 60 Et
321 1948 76 60 cum
364 1948 140 60 infertur.
472 1948 108 60 igitur
547 1948 76 60 nec
591 1948 119 60 aliquid
677 1948 86 60 sibi
731 1948 97 60 prius
796 1948 108 60 notum.
871 1948 108 60 potest
947 1948 130 60 secundum
1033 1948 65 60 eum-

185 1996 85 56 dem
233 1996 97 56 Aug.
294 1996 121 56 ibidem
379 1996 158 56 distingui
500 1996 73 56 de
537 1996 97 56 esse
597 1996 109 56 notum
670 1996 146 56 scilicet
779 1996 194 56 habitualiter
937 1996 73 56 et
961 1996 146 56 actualiter

194 2046 84 47 quod
247 2046 95 47 dicit
310 2046 84 47 esse
363 2046 147 47 cogitatum.
478 2046 95 47 primo
542 2046 105 47 potest
615 2046 116 47 concedi
699 2046 147 47 consequens
815 2046 95 47 nihil
878 2046 84 47 enim
931 2046 95 47 prius
994 2046 95 47 notum
1046 2046 53 47 est

180 2084 119 61 menti
259 2084 146 61 notitia
365 2084 106 61 tali
431 2084 119 61 quasi
511 2084 185 61 habituali:
657 2084 106 61 quam
723 2084 106 61 mens
789 2084 119 61 illa:
869 2084 93 61 sed
922 2084 119 61 illud
1001 2084 93 61 non
1041 2084 66 61 est

187 2127 83 48 ad
229 2127 207 48 propositum:
394 2127 165 48 loquimur
518 2127 110 48 enim
587 2127 83 48 de
628 2127 193 48 actualiter
780 2127 152 48 cognito
890 2127 83 48 ab
918 2127 179 48 intellectu-

191 2171 72 56 2o
227 2171 108 56 autem
299 2171 96 56 modo
360 2171 169 56 accipiendo
492 2171 96 56 esse
553 2171 108 56 notum
625 2171 133 56 neganda
721 2171 84 56 est
770 2171 205 56 consequentia.
938 2171 133 56 Quamuis
1023 2171 72 56 enim

180 2212 106 55 nihil
251 2212 83 55 sit
298 2212 106 55 prius
369 2212 142 55 praesens
476 2212 106 55 menti
547 2212 165 55 praesentia
677 2212 177 55 essentiali:
818 2212 95 55 quam
877 2212 95 55 ipsa
937 2212 106 55 sibi:
996 2212 106 55 aliquid

180 2255 97 50 tamen
245 2255 107 50 potest
320 2255 86 50 esse
373 2255 64 50 ei
406 2255 129 50 praesens
502 2255 97 50 prius
567 2255 150 50 praesentia
685 2255 139 50 obiectiua
792 2255 86 50 quam
845 2255 129 50 ipsamet.
942 2255 86 50 quod
996 2255 75 50 est
1028 2255 75 50 patet

187 2305 87 51 per
236 2305 125 51 eundem
324 2305 100 51 Aug.
386 2305 75 51 et
424 2305 137 51 proxime
523 2305 200 51 praecedente.
685 2305 125 51 dicens
773 2305 100 51 quod
835 2305 100 51 mens
897 2305 75 51 in
935 2305 125 51 pueris
1010 2305 87 51 seper

179 2349 76 49 est
223 2349 87 49 sibi
277 2349 130 49 praesens
374 2349 76 49 hac
418 2349 152 49 praesentia
537 2349 130 49 scilicet
635 2349 65 49 et
667 2349 87 49 sibi
721 2349 174 49 habitualiter
862 2349 98 49 nota:
927 2349 76 49 non
971 2349 98 49 tamen
1036 2349 65 49 se
1058 2349 43 49 co

176 2395 139 49 gitat.
274 2395 112 49 vnde
343 2395 84 49 in
385 2395 125 49 fine.
469 2395 84 49 4.
511 2395 84 49 c.
552 2395 125 49 dicit
636 2395 112 49 sic.
706 2395 125 49 Nihil
789 2395 139 49 inquit
887 2395 98 49 tam
943 2395 125 49 nouit
1012 2395 98 49 mens:

172 2430 116 54 nisi
245 2430 116 54 quod
318 2430 131 54 sibi.
405 2430 145 54 presto
506 2430 116 54 est:
579 2430 102 54 nec
637 2430 131 54 menti
724 2430 131 54 magis
811 2430 174 54 quicquam
941 2430 145 54 presto
1028 2430 73 54 est

188 2475 103 54 quam
252 2475 103 54 ipsa
317 2475 116 54 sibi.
394 2475 77 54 Et
433 2475 129 54 statim
523 2475 154 54 sequenti
639 2475 154 54 capitulo
754 2475 129 54 mouet.
845 2475 77 54 q.
883 2475 103 54 sic.
948 2475 103 54 Quid
999 2475 103 54 itaque

178 2516 173 52 dicendum
308 2516 87 52 de
351 2516 173 52 infantis
481 2516 144 52 mente:
582 2516 87 52 Et
625 2516 188 52 respondet
770 2516 87 52 an
813 2516 130 52 etiam
900 2516 116 52 ipsa
972 2516 87 52 se
1001 2516 101 52 nosse

183 2561 181 53 credenda
319 2561 121 53 est:
394 2561 106 53 sed
455 2561 166 53 intenta
576 2561 136 53 nimis
666 2561 91 53 in
711 2561 106 53 eas
772 2561 106 53 res
832 2561 121 53 quas
908 2561 106 53 per
953 2561 151 53 corporis

183 2603 150 55 sensus
288 2603 135 55 tanto
378 2603 165 55 maphise
498 2603 150 55 quanto
603 2603 165 55 nouiore
722 2603 135 55 cepit
812 2603 240 55 delectatione
992 2603 105 55 senti

184 2648 92 55 re.
236 2648 92 55 non
289 2648 157 55 ignorare
407 2648 79 55 se
446 2648 144 55 potest:
551 2648 92 55 sed
604 2648 157 55 cogitare
722 2648 79 55 se
761 2648 92 55 non
813 2648 144 55 potest.
918 2648 79 55 Et
958 2648 131 55 infra.
1036 2648 66 55 Ita

186 2691 85 53 et
228 2691 85 53 in
271 2691 128 53 aliis
357 2691 171 53 corporis
485 2691 171 53 sensibus
613 2691 157 53 quantum
727 2691 128 53 sinit
812 2691 114 53 illa
883 2691 114 53 etas
940 2691 157 53 intensius

189 2739 98 51 se
238 2739 147 51 quasi
336 2739 197 51 coartant
483 2739 147 51 anime
582 2739 246 51 paruulorum:
778 2739 98 51 vt
828 2739 197 51 quidquid
975 2739 115 51 per
1024 2739 82 51 car

193 2778 117 48 nem
260 2778 201 48 offendit
411 2778 117 48 aut
478 2778 201 48 allicit:
629 2778 117 48 hec
696 2778 151 48 solum
796 2778 251 48 abhorreant:
981 2778 117 48 autem

193 2823 238 48 vehementer
380 2823 221 48 appetant:
550 2823 119 48 sua
618 2823 136 48 vero
704 2823 221 48 interiora
874 2823 119 48 non
925 2823 187 48 cogitent.

205 2864 78 55 â‹
237 2864 203 55 Similiter
393 2864 172 55 constat
518 2864 125 55 quod
596 2864 125 55 tali
674 2864 219 55 praesentia
845 2864 125 55 deus
923 2864 109 55 est
970 2864 125 55 semper

194 2906 188 56 presens
331 2906 171 56 menti:
451 2906 120 56 nec
519 2906 154 56 tamen
622 2906 120 56 est
691 2906 154 56 prius
794 2906 154 56 notus
896 2906 86 56 a
931 2906 171 56 mente.
1033 2906 69 56 Si

199 2948 124 53 vero
276 2948 216 53 antecedens
446 2948 139 53 illud
538 2948 247 53 intelligatur
739 2948 93 53 de
786 2948 216 53 praesentia
940 2948 170 53 obiectiua

188 2994 202 65 negandum
339 2994 134 65 est.
423 2994 118 65 Nam
490 2994 151 65 multa
591 2994 151 65 menti
692 2994 151 65 prius
793 2994 269 65 obiiciuntur:
994 2994 101 65 quam

190 3036 111 66 mens
260 3036 125 66 ipsa:
343 3036 83 66 vt
385 3036 125 66 patet
468 3036 83 66 ex
510 3036 208 66 antedictis.
676 3036 83 66 Et
718 3036 97 66 sic
773 3036 167 66 finitur.
898 3036 83 66 q.
926 3036 153 66 praesens.

1158 252 146 73 â‹
1216 252 526 73 Distinctionis.
1655 252 175 73 I.
1742 252 351 73 Questio.
1976 252 88 73 I

1382 319 189 90 Ostquam
1519 319 206 90 quesitum
1673 319 120 90 est
1742 319 103 90 de
1794 319 137 90 modo
1862 319 206 90 cognoscen-

1642 361 93 56 di
1689 361 218 56 creaturas:
1860 361 186 56 videndum
1984 361 78 56 est

1387 409 81 53 de
1427 409 108 53 modo
1494 409 202 53 cognoscendi
1656 409 121 53 deum.
1737 409 81 53 Et
1777 409 108 53 ideo
1844 409 148 53 quaero.
1952 409 81 53 An
1979 409 81 53 deum

1391 452 149 53 possimus
1502 452 174 53 cognoscere
1639 452 199 53 naturaliter.
1800 452 62 53 â‹
1825 452 149 53 Arguitur
1937 452 99 53 quod
1987 452 74 53 non:

1398 493 83 54 quia
1449 493 155 54 simpliciter
1574 493 155 54 simpliciter
1698 493 72 54 aut
1739 493 135 54 totaliter
1843 493 103 54 scitu:
1915 493 72 54 aut
1946 493 114 54 totaliter

1387 537 169 52 ignoratur:
1519 537 84 52 sed
1568 537 96 52 deus
1628 537 84 52 non
1676 537 120 52 potest
1760 537 60 52 a
1784 537 108 52 nobis
1856 537 156 52 totaliter
1965 537 96 52 sciri:

1378 575 94 60 cum
1431 575 174 60 comphendi
1565 575 94 60 non
1619 575 147 60 possit:
1726 575 134 60 igitur
1820 575 174 60 totaliter
1940 575 121 60 ignora-

1149 598 96 78 tur.
1209 598 108 78 maior
1281 598 120 78 patet:
1365 598 96 78 quia
1425 598 72 78 in
1461 598 144 78 simplici
1569 598 84 78 non
1616 598 120 78 potest
1700 598 96 78 esse
1760 598 96 78 pars
1820 598 108 78 scita
1892 598 72 78 et
1928 598 96 78 pars
1976 598 84 78 igno-

1146 658 108 61 rata.
1218 658 60 61 â‹
1242 658 72 61 2o
1278 658 72 61 si
1314 658 96 61 deus
1374 658 120 61 posset
1457 658 180 61 naturaliter
1601 658 60 61 a
1625 658 108 61 nobis
1697 658 156 61 cognosci:
1817 658 96 61 tunc
1876 658 180 61 naturaliter
2008 658 72 61 pos-

1145 706 120 57 semus
1225 706 187 57 cognoscere
1372 706 174 57 essentiam
1506 706 80 57 et
1546 706 94 57 dei
1600 706 201 57 quiditatem.
1760 706 187 57 consequens
1908 706 94 57 est
1948 706 107 57 falsum

1143 749 121 49 dominte
1231 749 143 49 Damascens
1341 749 88 49 liro
1397 749 66 49 p.
1430 749 88 49 quid
1485 749 77 49 est
1529 749 88 49 deus
1584 749 132 49 secundum
1683 749 165 49 substantiam
1815 749 66 49 et
1849 749 132 49 naturam:
1937 749 143 49 incomphensi

1152 788 95 60 bile
1212 788 119 60 omnino
1295 788 71 60 et
1331 788 131 60 ignotum
1426 788 95 60 est.
1485 788 190 60 consequentia
1640 788 119 60 patet:
1723 788 95 60 quia
1783 788 71 60 vt
1818 788 107 60 dicit
1890 788 95 60 Aug.
1949 788 71 60 10
1985 788 71 60 de
2009 788 71 60 tri.

1156 833 91 49 Non
1208 833 117 49 recte
1286 833 143 49 dicitur
1390 833 117 49 sciri
1468 833 130 49 aliqua
1559 833 91 49 res
1611 833 91 49 dum
1664 833 104 49 eius
1729 833 169 49 ignoratur
1859 833 169 49 subiecta.
1989 833 91 49 Et.
2028 833 52 49 P.

1164 879 63 46 7.
1196 879 95 46 meta.
1259 879 105 46 dicens
1333 879 84 46 quod
1386 879 127 46 scientia
1481 879 148 46 cuiuslibet
1597 879 74 46 est
1639 879 95 46 scire
1702 879 84 46 quod
1755 879 84 46 quid
1808 879 84 46 erat
1861 879 84 46 illi
1913 879 95 46 esse:
1977 879 84 46 siue
2019 879 42 46 vt

1157 917 105 59 habet
1227 917 129 59 littera
1321 917 152 59 commenti.
1438 917 105 59 Scire
1508 917 94 59 quid
1567 917 82 59 est
1613 917 82 59 per
1660 917 164 59 essentiam.
1789 917 152 59 Similiter
1906 917 129 59 Commen.
1987 917 94 59 ibidem

1153 967 137 55 dicens.
1252 967 99 55 quod
1314 967 87 55 res
1364 967 87 55 non
1413 967 137 55 sciunt:
1513 967 99 55 nisi
1575 967 137 55 propter
1674 967 99 55 suas
1736 967 186 55 quiditates:
1885 967 75 55 et
1922 967 124 55 certum
1997 967 62 55 est

1153 1004 112 65 hoc.
1223 1004 70 65 â‹
1251 1004 84 65 3o
1294 1004 98 65 dei
1350 1004 141 65 nullum
1448 1004 98 65 est
1504 1004 183 65 fantasma:
1645 1004 141 65 igitur
1744 1004 98 65 non
1800 1004 98 65 est
1856 1004 70 65 a
1884 1004 127 65 nobis
1954 1004 127 65 intelli

1149 1048 128 63 gibilis.
1245 1048 149 63 Antecedens
1363 1048 107 63 patet:
1437 1048 85 63 quia
1491 1048 96 63 solum
1555 1048 160 63 sensibilium
1683 1048 85 63 sunt
1736 1048 160 63 fantasmata.
1864 1048 171 63 consequentia
1992 1048 64 63 pro-

1155 1098 100 39 batur
1222 1098 89 39 per.
1278 1098 67 39 P.
1311 1098 67 39 3o
1345 1098 67 39 de
1378 1098 112 39 anima.
1456 1098 112 39 dicens
1534 1098 89 39 quod
1590 1098 145 39 nequequam
1702 1098 89 39 sine
1757 1098 156 39 fantasmate
1880 1098 156 39 intelligit
1992 1098 89 39 anima.

1144 1141 68 49 â‹
1172 1141 81 49 4o
1212 1141 81 49 si
1253 1141 108 49 deus
1321 1141 136 49 posset
1416 1141 203 49 naturaliter
1578 1141 68 49 a
1605 1141 122 49 nobis
1687 1141 176 49 cognosci:
1822 1141 95 49 aut
1877 1141 95 49 hoc
1931 1141 122 49 esset
1999 1141 81 49 quia

1142 1190 259 52 apprehenderetur
1360 1190 177 52 immediate
1496 1190 82 52 in
1537 1190 95 52 se:
1592 1190 95 52 aut
1646 1190 109 52 quia
1714 1190 231 52 cognosceretur
1905 1190 95 52 per
1945 1190 123 52 discur-

1157 1223 90 46 sum
1209 1223 77 46 ex
1247 1223 180 46 creaturis.
1389 1223 116 46 primo
1466 1223 103 46 modo
1530 1223 103 46 non:
1595 1223 103 46 quia
1659 1223 116 46 talis
1736 1223 142 46 notitia
1839 1223 77 46 de
1878 1223 90 46 deo
1929 1223 90 46 est
1968 1223 90 46 nobis

1157 1277 168 52 possibilis
1289 1277 180 52 naturaliter
1433 1277 72 52 in
1469 1277 96 52 vita
1529 1277 108 52 ista:
1601 1277 84 52 nec
1648 1277 72 52 2o
1684 1277 96 52 modo
1744 1277 84 52 tum
1792 1277 96 52 quia
1852 1277 72 52 in
1888 1277 96 52 omni
1948 1277 96 52 tali
1996 1277 60 52 con

1153 1317 168 46 gnitionem
1282 1317 129 46 medium
1373 1317 116 46 debet
1450 1317 103 46 esse
1515 1317 233 46 proportionatum
1709 1317 155 46 cognito:
1825 1317 116 46 nulla
1903 1317 116 46 autem
1968 1317 90 46 crea-

1157 1355 97 54 tura
1218 1355 85 54 est
1266 1355 207 54 proportionata
1437 1355 97 54 deo:
1497 1355 85 54 cum
1546 1355 85 54 sit
1595 1355 134 54 finita:
1692 1355 97 54 deus
1753 1355 109 54 autem
1826 1355 170 54 infinitus.
1960 1355 85 54 tum
1996 1355 73 54 quia

1150 1401 172 51 discursus
1282 1401 92 51 est
1335 1401 119 51 inter
1414 1401 172 51 complexa:
1546 1401 145 51 notitia
1652 1401 119 51 autem
1731 1401 158 51 complexi
1850 1401 132 51 exigit
1929 1401 132 51 noticiam

1153 1440 188 50 vtriusque
1297 1440 173 50 termini:
1427 1440 144 50 igitur
1528 1440 87 50 in
1571 1440 116 50 fine
1644 1440 188 50 discursus
1788 1440 188 50 oportebit
1933 1440 116 50 deum
1990 1440 87 50 esse

1148 1484 163 48 cognitum:
1274 1484 100 48 siue
1336 1484 88 48 sit
1387 1484 163 48 subiectum
1512 1484 150 48 conclusi
1625 1484 88 48 per
1675 1484 175 48 discursum:
1813 1484 100 48 siue
1875 1484 201 48 praedicatum.
2026 1484 50 48 Et

1147 1529 75 51 non
1190 1529 117 51 apparet
1275 1529 128 51 qualiter
1371 1529 75 51 sit
1414 1529 139 51 cognitum:
1520 1529 85 51 nisi
1574 1529 64 51 in
1606 1529 75 51 se.
1648 1529 85 51 quod
1702 1529 75 51 est
1744 1529 171 51 impossibile:
1883 1529 64 51 vt
1915 1529 128 51 probatum
2000 1529 64 51 est.

1133 1568 61 80 â‹
1157 1568 97 80 otra
1218 1568 97 80 deum
1278 1568 97 80 esse
1339 1568 121 80 potest
1424 1568 182 80 naturaliter
1570 1568 146 80 cognosci
1679 1568 61 80 a
1703 1568 121 80 nobis:
1788 1568 121 80 igitur
1873 1568 97 80 deus
1922 1568 133 80 naturalie

1317 1616 97 46 est
1373 1616 69 46 a
1400 1616 125 46 nobis
1483 1616 249 46 cognoscibilis.
1691 1616 194 46 Antecedens
1843 1616 125 46 patet
1926 1616 97 46 per
1968 1616 83 46 dama

1154 1649 86 51 vbi
1203 1649 123 51 supra.
1289 1649 74 51 et
1326 1649 197 51 consequentia
1485 1649 86 51 est
1535 1649 184 51 necessaria:
1682 1649 74 51 eo
1719 1649 98 51 quod
1780 1649 135 51 noticia
1879 1649 98 51 veri
1928 1649 135 51 complexi-

1154 1695 223 46 praesupponit
1335 1695 167 46 noticiam
1461 1695 209 46 incomplexam
1628 1695 125 46 eorum
1712 1695 112 46 quae
1781 1695 98 46 per
1837 1695 167 46 terminos
1949 1695 112 46 impor-

1149 1742 127 50 tantur:
1242 1742 81 50 vel
1288 1742 104 50 eius:
1357 1742 69 50 si
1392 1742 92 50 vnum
1450 1742 116 50 tantum
1531 1742 162 50 importetur
1658 1742 81 50 per
1704 1742 150 50 vtrumque.
1819 1742 58 50 â‹
1843 1742 69 50 2o
1877 1742 162 50 philosophi
1993 1742 69 50 mul-

1146 1784 74 57 ta
1183 1784 233 57 demonstrauerunt
1379 1784 74 57 de
1416 1784 98 57 deo:
1477 1784 123 57 igitur
1563 1784 184 57 cognouerunt
1711 1784 111 57 deum:
1785 1784 74 57 et
1822 1784 86 57 per
1871 1784 172 57 consequens
1994 1784 61 57 est

1151 1831 150 51 naturaliter
1271 1831 190 51 cognoscibiluis.
1431 1831 140 51 Antecedens
1541 1831 90 51 patet
1601 1831 70 51 ex.
1641 1831 70 51 12.
1681 1831 90 51 meta.
1741 1831 160 51 consequentia
1871 1831 80 51 tbet
1921 1831 60 51 vt
1941 1831 120 51 praecedens

1145 1866 85 48 hoc
1194 1866 110 48 patet
1267 1866 85 48 per
1316 1866 134 48 aporis.
1413 1866 73 48 ad
1450 1866 122 48 ratio.
1535 1866 183 48 Inuisibilia
1682 1866 85 48 dei
1731 1866 98 48 etc.
1792 1866 61 48 â‹
1816 1866 98 48 Item
1877 1866 73 48 de
1902 1866 146 48 philosophi

1144 1913 128 46 aiens.
1234 1913 103 46 quod
1298 1913 115 46 notum
1375 1913 128 46 inquit
1465 1913 90 46 est
1516 1913 90 46 dei
1567 1913 128 46 manium
1657 1913 90 46 est
1708 1913 77 46 in
1747 1913 128 46 illis.
1836 1913 103 46 glo.
1900 1913 115 46 notum
1977 1913 77 46 id
2003 1913 64 46 est

1152 1952 152 51 noscibile
1269 1952 82 51 per
1316 1952 140 51 naturam:
1421 1952 117 51 igitur
1503 1952 93 51 etc.
1561 1952 58 51 â‹
1585 1952 152 51 Praeterea
1701 1952 82 51 sic
1748 1952 105 51 dicit
1818 1952 93 51 Aug.
1877 1952 82 51 15.
1923 1952 70 51 de
1959 1952 93 51 tri.
2005 1952 47 51 at

1145 2002 133 53 guuntur
1242 2002 73 53 in
1278 2002 109 53 libro
1351 2002 158 53 sapientie
1472 2002 85 53 qui
1521 2002 73 53 de
1557 2002 85 53 his
1606 2002 85 53 qui
1654 2002 146 53 videntur
1764 2002 109 53 bona:
1836 2002 85 53 non
1885 2002 158 53 potuerunt
1994 2002 73 53 scin

1140 2040 82 50 re
1181 2040 95 50 eum
1236 2040 95 50 qui
1290 2040 109 50 est:
1358 2040 95 50 nec
1412 2040 163 50 oporibus
1535 2040 204 50 attendentes
1698 2040 204 50 cognouerunt
1861 2040 190 50 artificem.
1997 2040 68 50 Non

1151 2085 186 48 arguerentur
1299 2085 87 48 aut
1349 2085 74 48 si
1386 2085 87 48 non
1435 2085 124 48 posset
1522 2085 62 48 a
1547 2085 111 48 nobis
1621 2085 186 48 naturaliter
1770 2085 99 48 deus
1832 2085 161 48 cognosci.
1956 2085 99 48 vnde
2005 2085 62 48 ibi

1139 2130 146 63 subdit
1242 2130 88 63 in
1286 2130 132 63 dicto
1374 2130 132 63 libro
1461 2130 190 63 scribitur
1608 2130 73 63 a
1637 2130 220 63 magnitudine
1813 2130 117 63 spei
1886 2130 88 63 et
1915 2130 161 63 creature:

1150 2178 239 50 cognoscibiliter
1352 2178 139 50 poterit
1453 2178 139 50 creator
1553 2178 113 50 horum
1629 2178 139 50 videri.
1730 2178 151 50 sapriem.
1831 2178 50 50 13

1129 2197 100 100 ndeo
1192 2197 188 100 difficiltas
1343 2197 188 100 quaestionis
1494 2197 88 100 est
1544 2197 214 100 principaliter
1720 2197 75 100 de
1758 2197 138 100 notitia
1858 2197 176 100 incomplexa
1984 2197 75 100 quae

1342 2261 106 52 haberi
1416 2261 106 52 potest
1490 2261 63 52 de
1522 2261 74 52 deo
1564 2261 169 52 naturaliter.
1702 2261 74 52 Nam
1744 2261 85 52 nisi
1797 2261 106 52 aliqua
1871 2261 95 52 talis
1934 2261 95 52 esset
1987 2261 74 52 nobis

1148 2299 163 55 possibilis
1277 2299 117 55 nullam
1358 2299 152 55 veritatem
1475 2299 152 55 complexam
1591 2299 70 55 de
1626 2299 82 55 deo
1673 2299 105 55 scire
1743 2299 152 55 possemus:
1859 2299 82 55 cum
1906 2299 105 55 omnis
1964 2299 105 55 notitia

1154 2343 159 49 complexa.
1276 2343 86 49 seu
1325 2343 147 49 complexi
1436 2343 123 49 exigat
1522 2343 172 49 necessario
1656 2343 147 49 noticiam
1767 2343 184 49 incomplexam
1914 2343 98 49 rei:
1975 2343 74 49 de
2000 2343 61 49 qua

1146 2385 158 52 formatur
1264 2385 171 52 complexum
1396 2385 131 52 illud:
1488 2385 79 52 vt
1527 2385 118 52 supra
1606 2385 158 52 probatum
1724 2385 105 52 est.
1790 2385 79 52 et
1829 2385 105 52 ideo
1895 2385 92 52 non
1935 2385 131 52 sufficit

1145 2427 123 56 dicere
1231 2427 98 56 quod
1292 2427 98 56 deus
1353 2427 184 56 cognoscitur
1500 2427 86 56 per
1550 2427 159 56 discursum
1672 2427 74 56 ex
1709 2427 172 56 creaturis:
1844 2427 86 56 sed
1893 2427 135 56 oportet
1979 2427 98 56 dicere

1153 2472 83 57 et
1195 2472 166 57 vlterius
1319 2472 179 57 assignare
1457 2472 124 57 modum
1540 2472 97 57 quo
1595 2472 97 57 vel
1650 2472 110 57 ante
1719 2472 193 57 discursum:
1871 2472 97 57 vel
1926 2472 110 57 post
1981 2472 83 57 ipse

1148 2513 150 59 simplici
1260 2513 137 59 notitia
1359 2513 199 59 cognoscatur.
1522 2513 75 59 Io
1559 2513 87 59 pro
1609 2513 224 59 decularationem
1796 2513 112 59 pono.
1871 2513 75 59 5.
1895 2513 175 59 conclusiones

1151 2556 62 57 â‹
1175 2556 111 57 Prima
1249 2556 99 57 est.
1311 2556 99 57 Deus
1373 2556 86 57 non
1422 2556 86 57 est
1472 2556 62 57 a
1496 2556 111 57 nobis
1570 2556 185 57 naturaliter
1718 2556 86 57 pro
1768 2556 111 57 statu
1842 2556 86 57 vie
1879 2556 185 57 cognoscibilis

1158 2611 157 47 imediate
1275 2611 78 47 in
1314 2611 143 47 seipso.
1419 2611 65 47 â‹
1445 2611 78 47 2a
1484 2611 104 47 quod
1549 2611 91 47 non
1601 2611 91 47 est
1654 2611 222 47 cognoscibilis
1836 2611 78 47 in
1875 2611 130 47 aliqui
1954 2611 117 47 propria

1150 2638 142 58 speciem:
1257 2638 83 58 aut
1304 2638 142 58 conceptu
1411 2638 142 58 simplici
1517 2638 95 58 sibi
1576 2638 130 58 proprio
1671 2638 178 58 naturaliter
1813 2638 95 58 eius
1861 2638 201 58 repraesentatiuo

1156 2690 64 50 â‹
1182 2690 77 50 3a
1220 2690 102 50 quod
1284 2690 89 50 est
1335 2690 230 50 cognoscibillis
1527 2690 77 50 in
1565 2690 128 50 aliquo
1654 2690 153 50 conceptu
1769 2690 166 50 composito
1897 2690 102 50 sibi
1948 2690 128 50 proprio.

1150 2733 63 55 â‹
1176 2733 76 55 4a
1214 2733 101 55 quod
1277 2733 114 55 etiam
1353 2733 76 55 in
1391 2733 126 55 aliquo
1479 2733 152 55 conceptu
1593 2733 152 55 simplici
1707 2733 139 55 proprio
1808 2733 76 55 ad
1846 2733 139 55 plantum
1935 2733 126 55 institu-

1157 2778 83 48 to
1199 2778 83 48 et
1240 2778 221 48 connotatiuo.
1420 2778 69 48 â‹
1448 2778 83 48 5a
1489 2778 111 48 quod
1558 2778 97 48 est
1614 2778 235 48 cognoscibilis
1807 2778 83 48 in
1849 2778 138 48 aliquo
1932 2778 138 48 conceptu

1146 2818 127 59 communi
1238 2818 138 59 simplici
1341 2818 173 59 naturaliter
1479 2818 230 59 repraesentatiuo:
1675 2818 69 59 et
1709 2818 58 59 a
1732 2818 104 59 rebus
1801 2818 196 59 abstrahibili:
1962 2818 81 59 non
1997 2818 81 59 tamen

1150 2864 194 54 cognitione
1303 2864 153 54 propria
1414 2864 83 54 et
1455 2864 194 54 distincta:
1608 2864 97 54 sed
1664 2864 153 54 communi
1775 2864 83 54 et
1816 2864 167 54 confusa.
1941 2864 69 54 â‹
1955 2864 97 54 Prima

1155 2910 133 47 probatur
1255 2910 67 47 ex
1288 2910 111 47 dictis
1366 2910 67 47 in
1399 2910 211 47 praecedentibus.
1577 2910 67 47 q.
1610 2910 122 47 quoniam
1699 2910 89 47 omne
1755 2910 89 47 quod
1810 2910 167 47 cognoscitur
1944 2910 67 47 in
1977 2910 67 47 se
1999 2910 67 47 ipso

1158 2954 169 47 imediate
1285 2954 211 47 cognoscitur
1454 2954 197 47 intuitiue:
1609 2954 113 47 deum
1679 2954 127 47 autem
1764 2954 183 47 intuitiue
1905 2954 99 47 non
1947 2954 113 47 possu-

1149 2993 80 57 mus
1194 2993 172 57 naturaliter
1332 2993 172 57 cognoscere.
1470 2993 103 57 quare
1539 2993 92 57 etc.
1596 2993 184 57 Confirmatur:
1746 2993 92 57 quia
1803 2993 138 57 secundum
1906 2993 149 57 apsloltum
2010 2993 57 57 vi-

1155 3033 90 75 sio
1207 3033 154 75 facialis
1322 3033 90 75 dei
1374 3033 90 75 non
1425 3033 154 75 habentur
1541 3033 77 75 in
1580 3033 90 75 hac
1631 3033 116 75 vita.
1709 3033 129 75 videre
1799 3033 116 75 autem
1876 3033 90 75 deu
1915 3033 154 75 facialiter
