2457 3520
193 251 178 55 consequentia
337 251 144 55 probatur.
448 251 89 55 quia
504 251 100 55 causa
571 251 89 55 tota
626 251 122 55 propter
715 251 89 55 quam
771 251 89 55 illa
826 251 178 55 cognoscuntur
971 251 144 55 immediate
1071 251 44 55 in

194 305 139 50 seipsis
296 305 101 50 est.
359 305 101 50 quia
422 305 89 50 per
473 305 76 50 se
511 305 114 50 ipsos
587 305 177 50 praesentes
726 305 101 50 sunt
789 305 203 50 intellectui:
954 305 89 50 sed
992 305 114 50 constat

204 347 99 54 quod
266 347 99 54 deus
328 347 87 54 non
377 347 112 54 minus
452 347 87 54 est
501 347 149 54 praesens
613 347 186 54 intellectui
762 347 74 54 et
799 347 149 54 cuilibet
911 347 99 54 rei.
973 347 124 54 igitur
1047 347 62 54 etc

202 390 76 55 ⁋
232 390 91 55 4o
277 390 121 55 Aug.
353 390 91 55 8.
398 390 91 55 de
444 390 121 55 tri.
519 390 121 55 dans
595 390 136 55 modum
686 390 106 55 quo
746 390 121 55 deus
822 390 151 55 potest
928 390 76 55 a
958 390 136 55 nobis
1033 390 76 55 con

200 436 132 52 gnosci.
296 436 120 52 dicens
380 436 72 52 Cu
416 436 120 52 itaque
500 436 108 52 audis
572 436 108 52 bonum
644 436 84 52 hoc
693 436 72 52 et
729 436 108 52 bonum
801 436 120 52 illud:
885 436 96 52 quae
945 436 132 52 possunt
1029 436 84 52 alias

199 480 107 45 dici
266 480 121 45 etiam
346 480 94 45 non
400 480 121 45 bona.
481 480 121 45 verbi
561 480 148 45 gratia.
669 480 121 45 bonus
749 480 148 45 angelus
857 480 81 45 et
897 480 121 45 bonus
978 480 107 45 homo
1031 480 81 45 etc.

187 518 182 59 sequitur:
327 518 84 59 si
369 518 112 59 ergo
438 518 168 59 potueris
564 518 126 59 illis
648 518 182 59 detractis
788 518 98 59 per
844 518 154 59 seipsum
941 518 168 59 perspicere

187 560 139 55 bonum:
285 560 209 55 perspexeris
452 560 125 55 deum:
536 560 84 55 et
577 560 84 55 si
619 560 125 55 amore
703 560 181 55 inheseris
842 560 167 55 continuo
954 560 153 55 btinfica-

184 599 128 56 beris.
274 599 141 56 Constat
376 599 115 56 autem
453 599 102 56 quod
517 599 154 56 possumus
632 599 192 56 intelligere
786 599 115 56 bonum
863 599 154 56 secundum
978 599 77 56 se
1004 599 102 56 abstra

189 647 126 58 hendo
273 647 84 58 ab
315 647 140 58 angelo
413 647 84 58 et
455 647 140 58 homine
553 647 84 58 et
595 647 168 58 quolibet
722 647 126 58 alio:
806 647 112 58 quod
876 647 126 58 bonum
946 647 154 58 participa

193 693 129 49 tione
279 693 129 49 bonum
365 693 115 49 est.
436 693 86 49 Et
479 693 158 49 constat
594 693 115 49 quod
666 693 115 49 illi
737 693 115 49 bono
809 693 172 49 possumus
938 693 129 49 amore
1010 693 100 49 inhe-

190 738 120 45 rere.
270 738 133 45 igitur
363 738 80 45 et
403 738 80 45 in
443 738 107 45 bono
509 738 173 45 possibili
643 738 173 45 intelligi
776 738 67 45 a
803 738 120 45 nobis
883 738 160 45 possumus
989 738 120 45 btinfi-

192 779 128 56 cari.
277 779 100 56 sed
334 779 100 56 non
391 779 171 56 possumus
519 779 199 56 btinficari
676 779 114 56 nisi
747 779 85 56 in
790 779 100 56 deo
847 779 199 56 immediate:
1003 779 85 56 et
1032 779 71 56 non

189 822 85 60 in
231 822 142 60 aliquo
330 822 170 60 conceptu
458 822 113 60 eius
529 822 170 60 simplici
656 822 99 60 vel
713 822 184 60 complexo:
854 822 142 60 igitur
953 822 127 60 ipsum
1024 822 85 60 pos-

183 867 126 47 sumus
267 867 182 47 immediate
407 867 224 47 intelligere.
588 867 70 47 ⁋
616 867 140 47 Contra
714 867 98 47 2am
770 867 224 47 conclusionem
951 867 140 47 posset
1035 867 70 47 ar-

188 910 99 51 gui:
250 910 137 51 videtur
349 910 99 51 enim
411 910 99 51 quod
473 910 74 51 in
510 910 149 51 conceptu
622 910 149 51 simplici
734 910 137 51 proprio
833 910 99 51 deus
895 910 124 51 possit
969 910 137 51 cognosci-

203 953 82 57 Nam
250 953 152 57 conceptus
367 953 93 57 boni
425 953 140 57 secundum
530 953 70 57 se
566 953 140 57 secundum
671 953 93 57 Aug.
729 953 129 57 videtur
823 953 93 57 esse
881 953 152 57 conceptus
986 953 117 57 proprius

181 996 112 56 dei.
251 996 112 56 vnde
321 996 112 56 ait:
391 996 98 56 vbi
447 996 140 56 supra.
545 996 112 56 quid
615 996 126 56 plura
700 996 84 56 et
742 996 126 56 plura
826 996 126 56 bonum
910 996 112 56 hoc:
980 996 84 56 et
1008 996 98 56 bonum

183 1037 140 60 illud:
281 1037 126 60 tolle
365 1037 98 60 hoc
421 1037 84 60 et
464 1037 140 60 illud:
562 1037 84 60 et
604 1037 112 60 vide
674 1037 126 60 ipsum
758 1037 140 60 bonum:
856 1037 84 60 si
899 1037 126 60 potes
983 1037 98 60 ita
1025 1037 84 60 deum

189 1084 180 50 videbis:
324 1084 105 50 non
384 1084 120 50 alio
459 1084 120 50 bono
534 1084 150 50 bonum:
639 1084 105 50 sed
698 1084 135 50 omnis
788 1084 120 50 boni
863 1084 150 50 bonum:
968 1084 120 50 quod
1028 1084 75 50 non

186 1129 110 53 esset
259 1129 110 53 verum
333 1129 98 53 nisi
394 1129 159 53 conceptus
516 1129 98 53 boni
577 1129 147 53 secundum
687 1129 73 53 se
724 1129 110 53 esset
797 1129 122 53 illius
883 1129 86 53 dei
932 1129 159 53 proprius:
1042 1129 61 53 sed

178 1171 119 52 talis
257 1171 171 52 conceptus
389 1171 105 52 boni
454 1171 198 52 naturaliter
613 1171 132 52 potest
705 1171 145 52 haberi:
810 1171 79 52 vt
850 1171 119 52 docet
916 1171 184 52 experientia.

196 1212 69 54 ⁋
224 1212 180 54 Respondeo
363 1212 83 54 ad
404 1212 139 54 primum
501 1212 111 54 quod
571 1212 153 54 aliquid
682 1212 167 54 cognosci
807 1212 83 54 in
848 1212 167 54 veritate
959 1212 139 54 superna:

197 1257 110 48 poest
270 1257 159 48 intelligi
392 1257 122 48 duius.
478 1257 85 48 vno
526 1257 98 48 modo
587 1257 98 48 quod
648 1257 183 48 cognoscatur
795 1257 73 48 in
831 1257 73 48 ea
868 1257 171 48 obiectiue:
1002 1257 98 48 siue
1051 1257 49 48 vt

180 1304 82 49 in
221 1304 150 49 obiecto
331 1304 164 49 cognito:
453 1304 123 49 sicut
535 1304 96 49 res
590 1304 137 49 absens
685 1304 205 49 cognoscitur
849 1304 82 49 in
890 1304 150 49 propria
986 1304 109 49 specie

187 1342 90 52 Alio
243 1342 90 52 modo
299 1342 157 52 causaliter
422 1342 101 52 sicut
489 1342 101 52 color
556 1342 123 52 dicitur
646 1342 112 52 videri
724 1342 67 52 in
758 1342 123 52 lumine:
848 1342 78 52 non
892 1342 112 52 quidem
971 1342 90 52 quia
1016 1342 78 52 ipsum

180 1385 125 56 lumen
264 1385 167 56 videatur
389 1385 83 56 in
430 1385 83 56 eo
472 1385 153 56 tamquam
583 1385 83 56 in
625 1385 125 56 medio
709 1385 153 56 cognito
820 1385 97 56 cum
875 1385 125 56 color
945 1385 153 56 videatur.

171 1433 101 46 in
222 1433 168 46 seipso
339 1433 219 46 immediate
507 1433 101 46 vt
558 1433 151 46 supra
659 1433 185 46 habitum
793 1433 135 46 est.
877 1433 118 46 sed
945 1433 135 46 quia
1012 1433 84 46 lu-

177 1480 82 50 men
224 1480 82 50 est
271 1480 152 50 partialis
388 1480 105 50 causa
458 1480 152 50 visionis:
576 1480 82 50 qua
622 1480 105 50 color
693 1480 70 50 in
728 1480 70 50 se
763 1480 141 50 videtur:
868 1480 70 50 et
904 1480 82 50 sic
950 1480 82 50 est
986 1480 105 50 dicimus

184 1521 103 45 quod
248 1521 115 45 prima
325 1521 179 45 principiom
466 1521 103 45 sunt
530 1521 103 45 nota
594 1521 77 45 in
633 1521 115 45 lumie
710 1521 192 45 intellectus
863 1521 154 45 agentis:
979 1521 90 45 non
1017 1521 90 45 autem

168 1569 134 49 aliud
257 1569 104 49 est
317 1569 134 49 lumen
406 1569 223 49 intellectus
585 1569 179 49 agentis:
719 1569 119 49 quam
793 1569 164 49 ipsemet
897 1569 194 49 intellectus

181 1604 110 52 agens.
258 1604 66 52 et
291 1604 121 52 constat
380 1604 88 52 quod
435 1604 77 52 hoc
479 1604 77 52 non
523 1604 177 52 intelligitur
667 1604 110 52 recte:
744 1604 77 52 sic
788 1604 88 52 quod
843 1604 166 52 intellectus
976 1604 99 52 agens
1031 1604 55 52 con

182 1646 104 49 scatur
254 1646 62 49 et
286 1646 62 49 in
317 1646 62 49 eo
348 1646 114 49 cognito
431 1646 166 49 cognoscantur
566 1646 94 49 prima
628 1646 145 49 principim:
743 1646 73 49 sed
784 1646 83 49 quia
836 1646 114 49 notitia
919 1646 125 49 primorum
1002 1646 94 49 princi-

175 1694 121 46 piorum
260 1694 157 46 immediate
380 1694 157 46 causatutr
501 1694 73 46 ab
538 1694 169 46 intellectu
671 1694 121 46 agente
755 1694 121 46 saltem
840 1694 181 46 partialiter
973 1694 121 46 quicquid

179 1738 93 42 sit
232 1738 199 42 intellectus
391 1738 133 42 agens.
484 1738 66 42 ⁋
510 1738 106 42 Tunc
577 1738 80 42 ad
616 1738 186 42 propositum
762 1738 106 42 dico
829 1738 106 42 quod
895 1738 106 42 illa
961 1738 80 42 de
988 1738 106 42 quibus

180 1774 130 49 loquitur
278 1774 87 49 Aug.
332 1774 174 49 cognoscuntur
473 1774 65 49 in
506 1774 98 49 prima
571 1774 130 49 veritate
669 1774 119 49 secundo
756 1774 76 49 mod
799 1774 130 49 scilicet
897 1774 152 49 causaliter
1005 1774 98 49 quoniam

170 1822 72 52 ab
206 1822 96 52 ipsa
266 1822 144 52 causatur
374 1822 132 52 illorum
470 1822 144 52 noticia:
578 1822 84 52 non
626 1822 108 52 autem
698 1822 108 52 primo
770 1822 96 52 scil
830 1822 72 52 st
866 1822 168 52 obiectiue.
998 1822 72 52 et
1022 1822 72 52 quod

184 1861 92 52 ita
236 1861 184 52 intelligat
381 1861 105 52 Aug.
447 1861 118 52 patet
526 1861 92 52 per
578 1861 105 52 eum.
644 1861 79 52 2o
683 1861 79 52 de
723 1861 79 52 li
762 1861 92 52 ar.
815 1861 92 52 vbi
867 1861 79 52 de
907 1861 92 52 hac
959 1861 131 52 mactia
1038 1861 66 52 lo-

182 1907 128 51 quitur
272 1907 89 51 vbi
323 1907 102 51 ait.
386 1907 89 51 Non
437 1907 89 51 ido
488 1907 153 51 sequitur
603 1907 77 51 vt
642 1907 102 51 ipsa
705 1907 166 51 sapientia
833 1907 89 51 non
884 1907 89 51 sit
935 1907 89 51 vna
973 1907 115 51 communi

169 1951 165 53 omnibus:
293 1951 110 53 quia
362 1951 83 53 ea
403 1951 110 53 bona
472 1951 96 53 que
527 1951 83 53 in
568 1951 110 53 illa
637 1951 151 53 cernunt
747 1951 83 53 et
788 1951 151 53 eligunt
898 1951 151 53 homines
995 1951 96 53 multa

183 1994 86 45 et
226 1994 157 45 diuersa
340 1994 129 45 sunt.
426 1994 86 45 Si
469 1994 114 45 enim
540 1994 100 45 hoc
597 1994 143 45 putas:
698 1994 129 45 potes
783 1994 86 45 et
826 1994 86 45 de
869 1994 114 45 luce
941 1994 129 45 solis
1012 1994 86 45 dubi

168 2035 111 49 tare
237 2035 111 49 quod
306 2035 97 49 vna
362 2035 111 49 sit.
431 2035 111 49 quia
500 2035 124 49 multa
583 2035 83 49 et
624 2035 152 49 diuersa
735 2035 124 49 sunt:
818 2035 97 49 que
873 2035 83 49 in
914 2035 83 49 ea
942 2035 152 49 cernimus:

172 2079 84 52 Et
214 2079 111 52 post
283 2079 153 52 subdit.
395 2079 111 52 quod
464 2079 125 52 sicut
548 2079 125 52 multa
632 2079 84 52 et
673 2079 153 52 diuersa
785 2079 111 52 sunt
854 2079 111 52 quae
924 2079 84 52 in
966 2079 111 52 luce
1021 2079 70 52 so-

181 2129 141 49 vident
279 2129 169 49 homines:
406 2129 98 49 lux
462 2129 127 49 tamen
547 2129 113 49 ipsa
617 2129 98 49 vna
673 2129 113 49 est:
743 2129 98 49 ita
800 2129 98 49 lux
856 2129 183 49 sapientie
997 2129 84 49 in
1025 2129 70 49 qua

166 2167 91 48 ipsa
222 2167 113 48 videri
302 2167 136 48 possunt:
404 2167 125 48 omnibus
494 2167 170 48 sapientibus
630 2167 79 48 est
676 2167 79 48 vna
721 2167 147 48 communis.
834 2167 79 48 vbi
880 2167 113 48 patet:
959 2167 91 48 quod
1016 2167 79 48 sic
1050 2167 45 48 in

177 2209 92 55 luce
234 2209 150 55 sapientie
349 2209 69 55 et
384 2209 150 55 veritatis
499 2209 92 55 quae
556 2209 92 55 idem
614 2209 81 55 est
660 2209 138 55 secundum
763 2209 115 55 eundem
844 2209 127 55 ibidem:
936 2209 115 55 aliqua
1005 2209 81 55 vider

169 2253 150 51 dicuntur:
285 2253 81 51 sic
331 2253 127 51 corpora
424 2253 69 51 in
458 2253 92 51 luce
516 2253 116 51 solis:
597 2253 127 51 constat
690 2253 104 51 autem
759 2253 69 51 vt
794 2253 116 51 dictum
874 2253 92 51 est:
932 2253 92 51 quod
990 2253 69 51 in
1013 2253 81 51 luce-

158 2296 109 52 solis
231 2296 85 52 non
279 2296 146 52 videntur
389 2296 134 52 corpora
486 2296 97 52 nisi
547 2296 182 52 causaliter.
693 2296 61 52 ⁋
717 2296 97 52 Item
778 2296 109 52 patet
851 2296 85 52 hoc
899 2296 182 52 expressius.
1033 2296 61 52 14.

162 2340 77 49 de
201 2340 102 49 tri.
265 2340 90 49 vbi
316 2340 128 49 dictum
405 2340 90 49 est
456 2340 102 49 eius
520 2340 166 49 expresse:
648 2340 90 49 vbi
699 2340 90 49 nam
750 2340 102 49 sunt
814 2340 128 49 regule
904 2340 102 49 iste
955 2340 128 49 scripter

170 2383 89 54 vbi
221 2383 102 54 quid
285 2383 89 54 sit
336 2383 127 54 iustum
425 2383 76 54 et
463 2383 153 54 iniustum
577 2383 153 54 agnscit:
692 2383 89 54 vbi
743 2383 127 54 cernit
832 2383 153 54 habendum
946 2383 114 54 esse:
1010 2383 76 54 quod

162 2423 91 50 ipse
219 2423 80 50 non
264 2423 114 50 habet:
344 2423 80 50 vbi
390 2423 114 50 igitur
469 2423 125 50 scripte
561 2423 103 50 sunt:
629 2423 91 50 nisi
686 2423 68 50 in
720 2423 103 50 libro
789 2423 103 50 lucis
857 2423 114 50 illius
937 2423 91 50 quae
982 2423 103 50 veritas

158 2472 129 51 dicitur
252 2472 94 51 vnde
311 2472 106 51 omnis
381 2472 82 51 lex
428 2472 106 51 iusta
499 2472 164 51 descendit:
628 2472 70 51 et
663 2472 70 51 in
699 2472 82 51 cor
746 2472 117 51 homnis
828 2472 82 51 qui
875 2472 141 51 operatur
969 2472 129 51 iustitiam

163 2514 95 52 non
218 2514 176 52 migrando:
353 2514 95 52 sed
408 2514 149 52 tanquam
516 2514 190 52 imprimendo
665 2514 217 52 transfertur:
841 2514 122 52 sicut
923 2514 122 52 imago
1004 2514 81 52 ex
1031 2514 68 52 anu

174 2558 72 46 lo
210 2558 72 46 ea
246 2558 72 46 in
281 2558 107 46 ceram
353 2558 131 46 transit
449 2558 72 46 et
484 2558 119 46 anulum
568 2558 84 46 non
616 2558 167 46 relinquit.
747 2558 95 46 etc.
807 2558 84 46 vbi
854 2558 119 46 patet:
938 2558 95 46 quod
998 2558 72 46 ab
1021 2558 72 46 illa

172 2600 152 50 veritate
286 2600 177 50 imprimitur
425 2600 114 50 anime
501 2600 89 50 lex
552 2600 126 50 iusta:
640 2600 76 50 et
678 2600 126 50 regula
767 2600 164 50 iustitie:
893 2600 114 50 sicut
969 2600 114 50 imago
1032 2600 51 50 ab

174 2646 112 50 anulo:
252 2646 67 50 et
286 2646 78 50 sic
331 2646 123 50 notitia
420 2646 101 50 eorum
487 2646 90 50 quae
543 2646 134 50 dicuntur
644 2646 67 50 in
678 2646 90 50 illa
734 2646 146 50 cognosci.
846 2646 56 50 ⁋
868 2646 78 50 Sed
913 2646 112 50 contra
991 2646 78 50 hoc
1025 2646 56 50 di-

177 2689 105 50 cetur
248 2689 129 50 dubius.
341 2689 105 50 Primo
412 2689 94 50 hanc
470 2689 187 50 responsionem
622 2689 82 50 non
669 2689 94 50 esse
728 2689 70 50 ad
763 2689 176 50 intentionem
904 2689 94 50 Aug.
962 2689 82 50 qui
1009 2689 70 50 in
1032 2689 59 50 lo-

179 2727 90 48 cis
231 2727 219 48 praeallegatis
411 2727 155 48 princius
527 2727 155 48 intendit
643 2727 168 48 ostendere
772 2727 90 48 quo
824 2727 155 48 possumus
927 2727 155 48 cognoscere

178 2772 83 50 deum
230 2772 125 50 scilicet
323 2772 63 50 q.
355 2772 63 50 de
386 2772 83 50 tri.
438 2772 63 50 et
469 2772 73 50 quo
511 2772 115 50 probari
594 2772 104 50 potest
667 2772 83 50 deum
719 2772 83 50 esse
771 2772 125 50 scilicet
865 2772 63 50 in
896 2772 63 50 2o
928 2772 63 50 de
959 2772 63 50 li
990 2772 83 50 airo
1032 2772 52 50 hoc

178 2819 100 54 autem
245 2819 78 54 non
289 2819 145 54 haberetur
401 2819 78 54 per
446 2819 100 54 ista:
513 2819 67 54 si
546 2819 67 54 ea
580 2819 67 54 de
613 2819 112 54 quibus
691 2819 134 54 loquitur
792 2819 78 54 non
836 2819 201 54 cognoscerentur
1004 2819 67 54 in
1026 2819 56 54 deo

183 2869 153 47 obiectiue:
303 2869 77 47 aut
347 2869 109 47 saltem
424 2869 120 47 notitia
511 2869 88 47 eius
566 2869 98 47 esset
632 2869 98 47 causa
697 2869 120 47 notitia
785 2869 131 47 illorum:
883 2869 77 47 ita
927 2869 88 47 quod
982 2869 88 47 deus
1025 2869 66 47 ipse

174 2905 80 42 sit
219 2905 148 42 cognitus.
333 2905 57 42 ⁋
355 2905 68 42 2o
390 2905 91 42 quia
446 2905 68 42 si
480 2905 91 42 illa
537 2905 193 42 principaliter
696 2905 136 42 dicuntur
799 2905 91 42 nota
855 2905 68 42 in
889 2905 102 42 prima
958 2905 136 42 veritate
1049 2905 45 42 so

175 2947 91 52 lum:
231 2947 91 52 quia
288 2947 102 52 eorum
356 2947 125 52 notitia
447 2947 136 52 causatur
549 2947 68 52 ab
583 2947 79 52 ea:
628 2947 79 52 cum
674 2947 68 52 et
708 2947 125 52 notitia
798 2947 181 52 conclusionum
946 2947 136 52 causetur
1037 2947 45 52 ab

178 2995 58 54 eo
207 2995 116 54 scilicet
294 2995 77 54 deo:
343 2995 68 54 ita
381 2995 155 54 conclusiones
507 2995 106 54 possent
585 2995 77 54 dici
633 2995 77 54 note
681 2995 58 54 in
710 2995 97 54 primea
778 2995 116 54 veritate
865 2995 87 54 sicut
923 2995 87 54 prima
972 2995 106 54 principio

177 3036 87 69 quod
231 3036 76 69 non
275 3036 119 69 dicitur
361 3036 54 69 ⁋
383 3036 65 69 Ad
415 3036 108 69 primum
491 3036 97 69 dico:
556 3036 87 69 quod
610 3036 130 69 secundum
707 3036 173 69 responsionem
848 3036 97 69 magis
913 3036 119 69 habetur
989 3036 108 69 intentio

1161 262 93 67 Aug.
1220 262 93 67 quod
1278 262 105 67 patet
1348 262 70 67 in
1382 262 70 67 2o
1417 262 70 67 de
1452 262 81 67 lir
1499 262 81 67 ar.
1545 262 116 67 volens
1627 262 151 67 ostendere
1743 262 93 67 deum
1801 262 105 67 esse:
1871 262 128 67 incipit
1964 262 58 67 a
1976 262 93 67 quibus

1163 307 90 50 dam
1214 307 154 50 imediate
1330 307 128 50 notis:
1419 307 115 50 sicut
1496 307 102 50 est:
1560 307 102 50 quod
1624 307 90 50 nos
1675 307 115 50 sumus
1752 307 141 50 viuimus
1854 307 77 50 et
1880 307 192 50 intelligimus.

1153 357 67 47 vt
1186 357 100 47 patet
1253 357 122 47 ibidem:
1342 357 67 47 et
1375 357 111 47 deinde
1453 357 78 47 per
1497 357 111 47 gradus
1575 357 189 47 perfectionum:
1730 357 89 47 quia
1785 357 133 47 scilicet
1885 357 133 47 viuentia
1974 357 111 47 praestam

1155 401 90 52 tiora
1215 401 80 52 sunt
1265 401 70 52 his
1306 401 80 52 quae
1356 401 100 52 tantum
1426 401 90 52 sunt:
1486 401 60 52 et
1517 401 171 52 intelligentia
1657 401 70 52 his
1697 401 80 52 quae
1748 401 100 52 tantum
1818 401 80 52 sunt
1868 401 60 52 et
1898 401 110 52 viuunt:
1979 401 60 52 et
1999 401 80 52 tandem

1149 438 91 48 quod
1205 438 79 48 est
1251 438 136 48 veritas.
1353 438 91 48 quae
1410 438 136 48 mentibus
1512 438 125 48 nostris
1602 438 79 48 est
1648 438 193 48 praestantior:
1807 438 147 48 procedens
1920 438 147 48 concludit
2022 438 57 48 fi-

1161 489 156 44 naraliter
1281 489 96 44 deum
1341 489 108 44 esse.
1413 489 60 44 ⁋
1437 489 72 44 Ex
1473 489 120 44 quibus
1557 489 132 44 apparet
1652 489 96 44 quod
1712 489 132 44 notitia
1808 489 84 44 dei
1856 489 84 44 non
1904 489 84 44 est
1952 489 120 44 prior:
2024 489 60 44 nec

1157 531 80 49 ex
1197 531 106 49 illa
1263 531 160 49 procedit
1383 531 80 49 ad
1423 531 160 49 notitiam
1543 531 160 49 aliorum.
1662 531 93 49 Sed
1716 531 146 49 econtra
1822 531 80 49 ex
1862 531 120 49 aliis
1942 531 120 49 nobis
2008 531 67 49 no-

1153 575 79 49 tis
1198 575 136 49 probatur
1300 575 91 49 esse
1356 575 125 49 aliquam
1447 575 147 49 veritatem
1560 575 113 49 primam
1639 575 215 49 incommutabilem:
1821 575 68 49 ex
1855 575 79 49 qua
1900 575 158 49 causaliter
2013 575 68 49 nota

1158 613 100 62 sunt
1220 613 125 62 nobis:
1307 613 175 62 quaecumque
1445 613 250 62 incommutabiliter
1657 613 100 62 vera
1719 613 112 62 sunt.
1794 613 75 62 Et
1832 613 87 62 hoc
1882 613 175 62 confirmatu
2007 613 62 62 ex.

1160 662 187 59 perientia.
1306 662 93 59 Nam
1360 662 120 59 multi
1439 662 173 59 veritates
1573 662 133 59 multas
1666 662 187 59 cognoscunt
1813 662 93 59 qui
1866 662 107 59 deum
1932 662 93 59 non
1972 662 107 59 cogno-

1148 706 132 52 scunt:
1240 706 92 52 nec
1293 706 119 52 etiam
1372 706 79 52 si
1412 706 106 52 deus
1478 706 92 52 sic
1531 706 172 52 immediate
1663 706 238 52 cognosceretur:
1861 706 172 52 oporteret
1980 706 92 52 etiam

1151 749 91 46 ex
1196 749 136 46 aliis
1287 749 136 46 notis
1377 749 136 46 nobis
1468 749 166 46 probare
1589 749 121 46 deum
1664 749 136 46 esse:
1755 749 136 46 sicut
1846 749 166 46 oportet
1951 749 121 46 proba-

1146 791 73 55 re
1182 791 97 55 quod
1243 791 134 55 viuimus
1340 791 73 55 et
1377 791 206 55 intelligimus.
1547 791 73 55 Et
1583 791 85 55 per
1632 791 85 55 hoc
1680 791 109 55 patet
1753 791 109 55 etiam
1826 791 97 55 quod
1887 791 109 55 datur
1960 791 109 55 modus
2020 791 61 55 quo

1144 837 221 50 cognoscitur
1321 837 133 50 deus.
1410 837 118 50 quia
1483 837 192 50 videlicet
1631 837 88 50 in
1675 837 118 50 illo
1749 837 177 50 conceptu
1881 837 192 50 composito
2014 837 59 50 si

1152 872 86 62 bi
1195 872 158 62 proprio
1309 872 158 62 veritas
1424 872 143 62 prima:
1524 872 86 62 in
1567 872 100 62 qua
1625 872 201 62 causaliter
1782 872 115 62 nota
1854 872 115 62 sunt
1911 872 158 62 quecumque

1147 919 288 53 incommutabiliter
1391 919 115 53 vera
1463 919 129 53 sunt:
1549 919 101 53 qui
1607 919 173 53 probatur
1736 919 86 53 de
1779 919 115 53 ente
1837 919 230 53 particulariter

1147 963 147 56 sumpto.
1254 963 67 56 ⁋
1280 963 80 56 Ad
1321 963 161 56 secundam
1441 963 174 56 dicendum:
1575 963 107 56 quod
1642 963 161 56 secundum
1762 963 201 56 intentionem
1909 963 161 56 Augustini-

1147 1006 99 54 vbi
1203 1006 127 54 supra
1288 1006 85 54 de
1330 1006 99 54 li.
1387 1006 183 54 arbitrio.
1528 1006 99 54 et.
1584 1006 85 54 5.
1627 1006 155 54 confes.
1739 1006 155 54 veritas
1852 1006 127 54 prima
1937 1006 99 54 non
1979 1006 99 54 solum

1158 1049 82 48 est
1205 1049 106 48 causa
1276 1049 129 48 noticie
1369 1049 199 48 principiorum:
1534 1049 82 48 sed
1580 1049 82 48 est
1627 1049 199 48 conclusionum:
1792 1049 70 48 et
1827 1049 176 48 generaliter
1967 1049 106 48 omnis
2026 1049 47 48 ve

1146 1095 164 52 ritatis.
1270 1095 151 52 veruntm
1379 1095 110 52 quia
1448 1095 82 52 ad
1489 1095 164 52 noticiam
1612 1095 219 52 conclusionum
1790 1095 164 52 cocurrit
1900 1095 164 52 causaliter

1153 1132 98 60 etiam
1218 1132 119 60 noticia
1305 1132 185 60 principiorum:
1457 1132 65 60 et
1490 1132 76 60 non
1533 1132 152 60 econuerso:
1653 1132 87 60 ideo
1707 1132 98 60 magis
1772 1132 119 60 dicitur
1859 1132 87 60 quod
1913 1132 141 60 principio
2011 1132 65 60 sunt

1143 1181 93 55 nota
1201 1181 69 55 in
1236 1181 104 55 prima
1306 1181 139 55 veritate
1410 1181 93 55 quam
1468 1181 197 55 conclusiones:
1630 1181 104 55 sicut
1699 1181 81 55 est
1745 1181 127 55 dicitur
1838 1181 69 55 de
1873 1181 162 55 intellectu
1989 1181 69 55 agen

1150 1224 79 53 te:
1195 1224 125 53 quamuis
1286 1224 170 53 intellectus
1421 1224 102 53 agens
1489 1224 79 53 sit
1535 1224 102 53 etiam
1603 1224 102 53 causa
1670 1224 125 53 noticie
1761 1224 192 53 conclusionum.
1920 1224 57 53 ⁋
1942 1224 68 53 Ad
1965 1224 113 53 rationem

1138 1269 103 43 nctin
1206 1269 103 43 supra
1275 1269 115 43 factam
1355 1269 80 43 cum
1401 1269 126 43 dicitur
1493 1269 92 43 quod
1550 1269 92 43 omne
1607 1269 92 43 quod
1665 1269 172 43 cognoscitur
1802 1269 160 43 distincte:
1928 1269 69 43 et
1962 1269 69 43 in
1985 1269 92 43 parti-

1147 1314 154 51 culari:
1259 1314 210 51 cognoscitur
1428 1314 182 51 immediate
1568 1314 182 51 inseipso.
1708 1314 112 51 Dico
1778 1314 112 51 quod
1849 1314 98 51 hoc
1905 1314 98 51 est
1947 1314 112 51 falsum

1144 1350 117 63 libet
1222 1350 104 63 enim
1287 1350 104 63 quod
1352 1350 78 63 in
1390 1350 78 63 se
1429 1350 104 63 ipso
1494 1350 169 63 immediate
1624 1350 208 63 cognoscitur:
1793 1350 195 63 cognoscatur
1948 1350 78 63 in
1974 1350 91 63 parti

1137 1398 133 50 culari:
1234 1398 85 50 non
1282 1398 109 50 tamen
1355 1398 170 50 econuerso:
1488 1398 97 50 omne
1549 1398 97 50 quod
1610 1398 182 50 cognoscitur
1755 1398 73 50 in
1791 1398 182 50 particulari
1937 1398 73 50 et
1961 1398 109 50 distin-

1134 1443 112 46 cte:
1204 1443 210 46 cognoscitur
1372 1443 182 46 immediate
1512 1443 84 46 in
1554 1443 154 46 seipso.
1666 1443 168 46 probatum
1792 1443 98 46 est
1848 1443 112 46 enim
1918 1443 126 46 supra
1988 1443 84 46 quod

1144 1482 212 50 intellectus
1313 1482 141 50 potest
1412 1482 198 50 cognoscere
1567 1482 183 50 singulare
1708 1482 141 50 absens
1807 1482 85 50 in
1849 1482 212 50 particulari
2005 1482 56 50 et

1147 1526 85 47 vt
1189 1526 184 47 singulare
1331 1526 85 47 in
1373 1526 156 47 propria
1486 1526 127 47 forma
1571 1526 85 47 et
1614 1526 141 47 specie
1712 1526 156 47 illius.
1826 1526 113 47 Tunc
1896 1526 85 47 ad
1925 1526 141 47 probatio

1141 1572 92 46 nem
1193 1572 92 46 cum
1246 1572 144 46 dicitur
1350 1572 105 46 quod
1415 1572 131 46 medium
1507 1572 92 46 per
1559 1572 105 46 quod
1625 1572 196 46 cognoscitur
1781 1572 118 46 ducit
1860 1572 209 46 indresponter
2017 1572 52 46 in

1141 1613 155 48 noticiam
1257 1613 180 48 cuiuslibet
1399 1613 103 48 sibi
1463 1613 155 48 similis:
1579 1613 77 48 et
1618 1613 90 48 non
1669 1613 129 48 tantum
1760 1613 129 48 vnius.
1850 1613 90 48 hic
1901 1613 116 48 primo
1966 1613 103 48 potest

1136 1660 117 48 dici
1209 1660 160 48 quantum
1326 1660 160 48 spectat
1443 1660 88 48 ad
1487 1660 219 48 propositum:
1662 1660 117 48 quod
1734 1660 190 48 conceptus
1880 1660 175 48 proprius
1997 1660 73 48 deo

1140 1697 174 44 nullius
1267 1697 190 44 alterius
1409 1697 111 44 est
1472 1697 221 44 conceptus.
1646 1697 111 44 nec
1709 1697 158 44 alicui
1819 1697 158 44 alteri
1914 1697 158 44 similis.

1146 1738 137 52 quaeuis
1245 1738 112 52 tales
1319 1738 161 52 conceptus
1443 1738 87 52 non
1493 1738 87 52 sic
1543 1738 74 52 et
1580 1738 124 52 eodem:
1667 1738 137 52 possint
1766 1738 99 52 dici
1828 1738 137 52 similes
1927 1738 112 52 rebus
1990 1738 74 52 pro-

1139 1785 154 53 quibus
1246 1785 215 53 supponunt:
1415 1785 138 53 sicut
1508 1785 200 53 conceptus
1661 1785 200 53 immediate
1815 1785 77 53 a
1846 1785 138 53 rebus
1923 1785 138 53 abstra-

1143 1832 120 52 cti:
1218 1832 90 52 et
1263 1832 165 52 species
1383 1832 105 52 est
1442 1832 225 52 singulares:
1622 1832 254 52 quomodocumque
1832 1832 135 52 tamen
1906 1832 165 52 conceptus

1141 1866 169 56 proprius
1268 1866 99 56 deo
1324 1866 141 56 possit
1423 1866 127 56 fieri
1507 1866 169 56 similis:
1634 1866 99 56 vel
1691 1866 113 56 dici
1761 1866 282 56 repraesentatiuus
1986 1866 85 56 dei.

1150 1912 99 52 Dico
1212 1912 99 52 quod
1274 1912 87 52 est
1324 1912 99 52 sibi
1386 1912 87 52 sic
1435 1912 162 52 proprius:
1560 1912 99 52 quod
1622 1912 112 52 nulli
1696 1912 124 52 alteri
1783 1912 87 52 est
1833 1912 162 52 communis:
1957 1912 87 52 nec
1994 1912 75 52 sunt

1149 1956 121 54 plures
1233 1956 121 54 quibus
1318 1956 84 54 sit
1366 1956 157 54 communis.
1487 1956 72 54 et
1523 1956 97 54 ideo
1583 1956 84 54 per
1632 1956 109 54 ipsum
1704 1956 121 54 potest
1789 1956 72 54 in
1825 1956 181 54 particulari
1957 1956 97 54 cogrno

1145 2003 95 45 sci.
1205 2003 59 45 ⁋
1228 2003 71 45 2o
1264 2003 95 45 dico
1323 2003 95 45 quod
1383 2003 95 45 illa
1442 2003 166 45 propositio
1573 2003 83 45 non
1620 2003 83 45 est
1668 2003 95 45 vera
1727 2003 107 45 etiam
1799 2003 71 45 in
1834 2003 107 45 aliis
1906 2003 83 45 vbi
1953 2003 95 45 sunt
2001 2003 59 45 plu

1143 2044 74 44 ra
1180 2044 136 44 eiusdem
1279 2044 148 44 rationis
1390 2044 111 44 inter
1464 2044 74 44 se
1501 2044 148 44 similia.
1612 2044 99 44 vnde
1674 2044 74 44 vt
1711 2044 111 44 supra
1785 2044 148 44 probatum
1896 2044 99 44 est:
1946 2044 111 44 species

1141 2084 140 55 huius
1235 2084 202 55 albedinis
1390 2084 233 55 demonstrate
1576 2084 109 55 sic
1639 2084 233 55 determinate
1825 2084 140 55 ducit
1918 2084 93 55 in
1949 2084 109 55 noti-

1144 2128 109 54 ciam
1212 2128 109 54 eius
1280 2128 109 54 quod
1348 2128 95 54 non
1403 2128 82 54 in
1443 2128 163 54 noticiam
1566 2128 177 54 alterius:
1702 2128 150 54 quamuis
1810 2128 109 54 sint
1878 2128 122 54 multe
1946 2128 109 54 omnine

1150 2167 110 60 sibi
1219 2167 164 60 similes:
1342 2167 96 60 nec
1397 2167 123 60 talis
1479 2167 192 60 similitudo
1630 2167 151 60 speciei
1740 2167 82 60 ad
1781 2167 178 60 quamlibet
1904 2167 151 60 albedinem

1143 2213 131 61 similem
1238 2213 71 61 ei
1274 2213 59 61 a
1298 2213 83 61 qua
1345 2213 131 61 causata
1440 2213 95 61 est:
1500 2213 107 61 facit
1571 2213 95 61 quod
1630 2213 95 61 ipsa
1690 2213 83 61 sit
1737 2213 226 61 repraesentatiua
1915 2213 143 61 cuiuslibet

1143 2260 155 49 talis.
1251 2260 139 49 sicut
1344 2260 93 49 et
1390 2260 139 49 visio
1483 2260 201 49 albedinis
1637 2260 139 49 huius
1730 2260 247 49 demonstrate:
1931 2260 108 49 est
1978 2260 77 49 vi-

1148 2299 86 52 sio
1197 2299 99 52 eius
1259 2299 123 52 tantum
1345 2299 74 52 et
1382 2299 136 52 nullius
1481 2299 160 52 alterius:
1604 2299 74 52 et
1641 2299 111 52 tamen
1715 2299 99 52 ipsa
1777 2299 123 52 visio:
1864 2299 86 52 vel
1913 2299 86 52 est
1950 2299 111 52 species

1143 2340 81 58 rei
1190 2340 81 58 aut
1236 2340 116 58 saltem
1317 2340 93 58 eius
1375 2340 173 58 similitudo:
1513 2340 81 58 non
1560 2340 104 58 minor
1629 2340 93 58 quam
1687 2340 139 58 species:
1791 2340 69 58 si
1826 2340 127 58 species
1918 2340 127 58 ponatur
1999 2340 58 58 di-

1144 2386 143 57 stincta
1248 2386 65 57 a
1274 2386 156 57 visione:
1391 2386 117 57 sicut
1469 2386 104 57 ergo
1534 2386 117 57 visio
1613 2386 91 57 est
1665 2386 117 57 visio
1743 2386 117 57 huius
1821 2386 143 57 tantum:
1925 2386 91 57 sic
1964 2386 91 57 talis

1152 2433 131 47 species
1247 2433 83 47 est
1295 2433 107 47 huius
1366 2433 119 47 tantum
1450 2433 238 47 repraesentatiua:
1652 2433 71 47 et
1688 2433 71 47 in
1724 2433 95 47 eius
1783 2433 119 47 tantum
1866 2433 143 47 noticiam
1962 2433 95 47 ducit.

1152 2478 64 48 ⁋
1178 2478 76 48 Ad
1216 2478 76 48 3m
1254 2478 102 48 nego
1318 2478 217 48 consequentia:
1496 2478 89 48 nec
1547 2478 102 48 enim
1611 2478 115 48 omnis
1687 2478 178 48 praesentia
1828 2478 153 48 sufficit
1942 2478 76 48 vt
1968 2478 89 48 supra

1141 2517 107 56 patet:
1216 2517 75 56 sed
1259 2517 150 56 praesentia
1376 2517 150 56 obiectiua:
1494 2517 96 56 quand
1558 2517 128 56 scilicet
1654 2517 75 56 res
1697 2517 128 56 praesens
1793 2517 107 56 causat
1867 2517 64 56 in
1900 2517 150 56 intellectu
2006 2517 43 56 no

1146 2564 140 44 ticiam:
1248 2564 102 44 sine
1311 2564 114 44 autem
1388 2564 102 44 tali
1451 2564 178 44 praesentia
1591 2564 89 44 non
1642 2564 89 44 est
1692 2564 102 44 deus
1756 2564 114 44 nobis
1832 2564 165 44 praesens:
1959 2564 89 44 dum
1997 2564 51 44 su

1130 2610 112 50 mus
1194 2610 96 50 in
1242 2610 144 50 mundo
1338 2610 144 50 isto.
1434 2610 80 50 ⁋
1466 2610 96 50 Ad
1514 2610 96 50 4m
1562 2610 176 50 concedo
1689 2610 128 50 quod
1769 2610 192 50 possumus
1897 2610 160 50 intelli-

1140 2649 120 51 gere
1215 2649 135 51 illud
1305 2649 135 51 bonum
1395 2649 90 51 in
1440 2649 105 51 quo
1500 2649 180 51 possumus
1635 2649 225 51 btinficari:
1815 2649 90 51 et
1860 2649 135 51 illud
1935 2649 120 51 vtique

1137 2695 120 45 deus
1212 2695 120 45 est:
1287 2695 105 45 non
1347 2695 195 45 conceptus
1498 2695 120 45 dei:
1573 2695 105 45 sed
1633 2695 105 45 non
1693 2695 195 45 sequitur.
1829 2695 226 45 btinficabimur

1137 2734 92 55 in
1183 2734 107 55 deo
1244 2734 215 55 immediate.
1413 2734 153 55 igitur
1520 2734 230 55 cognoscimus
1704 2734 107 55 deu
1766 2734 215 55 immediate:
1919 2734 138 55 quamuis

1143 2778 174 50 sequatur:
1277 2778 134 50 igitur
1370 2778 201 50 cognoscemus
1531 2778 107 50 deum
1598 2778 188 50 immediate:
1746 2778 80 50 et
1786 2778 174 50 similiter
1907 2778 147 50 sequitur.

1140 2819 243 47 beatificamur
1337 2819 91 47 in
1383 2819 106 47 deo
1444 2819 213 47 immediate.
1611 2819 122 47 ergo
1687 2819 228 47 cognoscimus
1870 2819 122 47 deum
1930 2819 122 47 immen-

1129 2864 139 56 diate.
1226 2864 70 56 ⁋
1254 2864 83 56 Ad
1296 2864 111 56 duus
1366 2864 139 56 contra
1463 2864 97 56 2am
1519 2864 236 56 conclusionem.
1713 2864 111 56 dico
1783 2864 111 56 quod
1852 2864 181 56 conceptus
1978 2864 83 56 boni

1136 2906 130 54 secundum
1234 2906 65 54 se
1267 2906 98 54 poest
1332 2906 152 54 dupliciter
1451 2906 152 54 intelligi.
1571 2906 76 54 vno
1614 2906 98 54 modo:
1680 2906 76 54 cum
1723 2906 163 54 praecisione
1853 2906 152 54 cuiuslibet
1962 2906 98 54 alteri-

1133 2956 78 41 us
1172 2956 168 41 conceptus
1301 2956 168 41 communis:
1431 2956 91 41 aut
1483 2956 181 41 speciealis
1625 2956 155 41 positiui
1742 2956 91 41 vel
1794 2956 168 41 negatiui:
1923 2956 78 41 et
1949 2956 91 41 talis

1136 2996 166 52 conceptus
1264 2996 140 52 nullius
1366 2996 102 52 boni
1429 2996 89 52 est
1480 2996 166 52 proprius:
1608 2996 89 52 sed
1659 2996 102 52 omni
1723 2996 102 52 bono
1786 2996 166 52 communis:
1914 2996 76 52 et
1952 2996 102 52 ideo
2003 2996 51 52 in

1131 3039 116 72 tali
1204 3039 174 72 conceptu
1335 3039 102 72 non
1393 3039 218 72 cognoscitur
1567 3039 218 72 determinate
1742 3039 87 72 et
1785 3039 87 72 in
1829 3039 174 72 speciali
1945 3039 102 72 deus:
