2454 3540
339 270 127 83 retur
424 270 85 83 ad
466 270 155 83 aliquod
579 270 99 83 non
635 270 226 83 praedicabile
819 270 85 83 de
861 270 155 83 plibus:
974 270 155 83 valeret
1073 270 198 83 sillogismus.

350 333 90 66 vbi
402 333 129 66 gratia
492 333 90 66 sic
543 333 155 66 dicendo.
659 333 90 66 hic
711 333 206 66 patrgenerat.
878 333 90 66 hic
930 333 103 66 patr
994 333 90 66 est
1046 333 103 66 quod
1110 333 90 66 est
1149 333 116 66 eentia.

342 382 238 56 demonstrando
536 382 164 56 aliquid
655 382 104 56 non
714 382 149 56 cmmne:
818 382 149 56 vtpote
923 382 194 56 vpostasim
1071 382 164 56 patris:
1176 382 89 56 tunc

350 418 123 68 vtique
436 418 160 68 sequitur:
559 418 98 68 ergo
620 418 86 68 hoc
669 418 98 68 quod
731 418 86 68 est
780 418 147 68 essentia
890 418 147 68 generat:
1001 418 111 68 eodem
1075 418 184 68 demonstrato
1210 418 49 68 in

344 463 116 71 minore
426 463 70 71 et
461 463 151 71 contrane:
577 463 70 71 et
612 463 81 71 est
658 463 163 71 contravsa.
786 463 58 71 â‹
809 463 116 71 Aliter
890 463 116 71 potest
972 463 105 71 dici.
1041 463 58 71 s
1065 463 93 71 quod
1111 463 151 71 sillogismus

342 513 224 58 expositorius
524 513 98 58 non
580 513 98 58 est
636 513 154 58 euidens
748 513 84 58 ex
790 513 84 58 se
833 513 126 58 neque
917 513 196 58 perfectus:
1071 513 98 58 sed
1127 513 112 58 orte
1183 513 70 58 per

346 552 109 63 fici
414 552 95 63 per
469 552 109 63 dici
537 552 82 63 de
577 552 109 63 omi:
645 552 95 63 aut
700 552 82 63 de
741 552 122 63 nullo
822 552 122 63 sicut
904 552 82 63 et
944 552 109 63 alii
1012 552 190 63 fillogismi
1148 552 109 63 iperfe

350 601 101 57 cti.
414 601 88 57 vbi
464 601 139 57 gratia.
565 601 88 57 sit
616 601 101 57 ille
679 601 215 57 expositorius.
856 601 126 57 sortes
944 601 88 57 est
995 601 126 57 albus.
1083 601 126 57 sortes
1172 601 88 57 est
1209 601 51 57 mu

347 638 134 63 sicus.
441 638 134 63 igitur
535 638 148 63 musicus
642 638 94 63 est
696 638 134 63 albus.
790 638 94 63 vel
844 638 81 63 in
884 638 121 63 piues
965 638 134 63 figura
1059 638 148 63 sumendo
1166 638 108 63 sub.
1220 638 54 63 mu

335 682 116 66 sicus
412 682 154 66 esortes.
528 682 90 66 hoc
580 682 90 66 sic
631 682 116 66 debet
708 682 154 66 parfici:
824 682 77 66 oe
863 682 103 66 quod
927 682 90 66 est
979 682 129 66 sortes
1069 682 90 66 est
1120 682 129 66 album:
1198 682 64 66 mus

348 725 85 69 cus
396 725 85 69 est
445 725 134 69 sortes:
542 725 121 69 igitur
627 725 97 69 etc.
688 725 134 69 Illeant
785 725 85 69 qui
834 725 85 69 sic
882 725 134 69 perfici
979 725 85 69 non
1028 725 134 69 potest:
1125 725 85 69 est
1162 725 109 69 inutil-

354 769 83 65 Et
396 769 124 65 haiei
478 769 152 65 videtur
589 769 83 65 de
630 769 207 65 intentione.
796 769 83 65 b.
837 769 166 65 ppriorum
961 769 83 65 in
1003 769 110 65 illo
1072 769 110 65 cap:
1141 769 97 65 quo
1182 769 83 65 aute

338 814 195 70 reducemus:
491 814 97 70 vbi
547 814 125 70 inter
630 814 125 70 alias
714 814 139 70 causas
811 814 209 70 deceptionis
978 814 139 70 quibus
1075 814 153 70 putatur
1173 814 83 70 alio

341 868 90 51 ars
393 868 103 51 esse
457 868 194 51 fillogismus
612 868 77 51 et
651 868 90 51 non
703 868 103 51 est:
767 868 155 51 assignat
884 868 116 51 vnam:
961 868 142 51 videlem
1064 868 168 51 paitionem
1181 868 90 51 silem

347 909 227 52 terminorum.
528 909 91 52 Et
573 909 106 52 dat
634 909 166 52 extrema
755 909 91 52 de
800 909 211 52 sillogismo
966 909 136 52 cuius
1057 909 91 52 me
1102 909 106 52 est
1147 909 121 52 singu/

346 943 107 69 lare
412 943 67 69 a
439 943 93 69 hoc
492 943 160 69 aliquid.
612 943 107 69 vnum
679 943 120 69 exnem
759 943 200 69 aristomenes
919 943 240 69 intelligibilis
1119 943 133 69 semper
1199 943 67 69 est

348 988 147 62 aristo.
455 988 94 62 est
508 988 147 62 aristo.
616 988 255 62 intelligibilis:
830 988 134 62 igitur
924 988 147 62 aristo.
1031 988 134 62 semper
1125 988 107 62 est.
1178 988 94 62 Aliud

350 1031 203 63 exemplum.
507 1031 188 63 michalus
648 1031 172 63 musicus
773 1031 235 63 corrumpetur
961 1031 141 63 cras:
1055 1031 188 63 michalus
1180 1031 78 63 est

355 1072 169 65 michalus
482 1072 169 65 musicus:
609 1072 141 65 igitur
707 1072 169 65 michalus
834 1072 211 65 corrumpetur
1003 1072 127 65 eras.
1088 1072 85 65 Et
1130 1072 113 65 dic.
1187 1072 70 65 pi-

349 1124 93 55 hos
402 1124 93 55 non
455 1124 106 55 esse
521 1124 212 55 sillogismos:
694 1124 106 55 quia
760 1124 119 55 maior
840 1124 93 55 non
893 1124 93 55 est
946 1124 133 55 velis:
1039 1124 93 55 sed
1092 1124 172 55 oporteret
1211 1124 53 55 su

345 1164 107 60 mere.
417 1164 83 60 ome
464 1164 95 60 quod
524 1164 83 60 est
572 1164 179 60 aristomenes
715 1164 95 60 etc.
774 1164 95 60 quae
834 1164 107 60 falsa
905 1164 95 60 est.
965 1164 72 60 et
1001 1164 72 60 in
1037 1164 107 60 alio:
1108 1164 83 60 ome
1156 1164 95 60 quod
1203 1164 60 60 est

341 1203 150 65 michalus
454 1203 100 65 etc.
517 1203 100 65 quae
579 1203 113 65 falsa
654 1203 88 65 est
705 1203 88 65 nec
755 1203 113 65 tamen
830 1203 75 65 de
867 1203 150 65 exemplis
980 1203 150 65 curandum
1093 1203 100 65 est:
1155 1203 88 65 sed
1193 1203 75 65 con-

338 1248 190 65 sideranda
485 1248 117 65 eius
558 1248 190 65 intentio:
704 1248 102 65 que
762 1248 117 65 est:
835 1248 117 65 quod
908 1248 132 65 omnis
996 1248 219 65 sillogismus
1157 1248 102 65 bonue

348 1295 193 61 reduciturad
502 1295 167 61 perfectos
631 1295 193 61 sillogismos
785 1295 129 61 prime:
875 1295 77 61 et
914 1295 167 61 regulatur
1043 1295 90 61 per
1094 1295 103 61 illa
1158 1295 141 61 prinus:

359 1336 92 66 eper
416 1336 161 66 consequens
542 1336 92 66 ille
599 1336 172 66 sillogismus
737 1336 92 66 quae
795 1336 80 66 sic
840 1336 138 66 regulari
944 1336 80 66 non
990 1336 80 66 pot
1036 1336 138 66 inutilis
1139 1336 92 66 est:
1185 1336 80 66 tales

344 1383 101 62 aut
401 1383 115 62 sunt
473 1383 201 62 sillogismi
631 1383 115 62 dei.
703 1383 101 62 sam
761 1383 101 62 hec
818 1383 101 62 est
876 1383 144 62 falsa.
976 1383 86 62 oe
1020 1383 115 62 quod
1091 1383 101 62 est
1149 1383 101 62 hic
1192 1383 72 62 pa-

348 1428 104 55 ter
408 1428 119 55 etc.
482 1428 89 55 et
526 1428 104 55 hec
586 1428 134 55 solum
675 1428 119 55 mihi
749 1428 119 55 pius
823 1428 163 55 placet.
942 1428 74 55 â‹
971 1428 89 55 Ad
1016 1428 104 55 Aus
1075 1428 119 55 dico
1149 1428 119 55 quod
1209 1428 59 55 ma

359 1477 89 55 ior
410 1477 89 55 est
461 1477 77 55 va
500 1477 77 55 in
538 1477 89 55 his
589 1477 102 55 quae
653 1477 89 55 sic
704 1477 102 55 sunt
767 1477 89 55 vna
819 1477 89 55 res
870 1477 102 55 quod
933 1477 102 55 vnum
997 1477 115 55 eorum
1074 1477 89 55 non
1125 1477 89 55 est
1163 1477 102 55 aliqua

355 1511 116 66 plura
433 1511 103 66 quae
497 1511 116 66 aliud
575 1511 90 66 non
626 1511 103 66 sit.
691 1511 77 66 Si
730 1511 77 66 vo
768 1511 142 66 aliquod
872 1511 116 66 eorum
949 1511 90 66 sit
1001 1511 142 66 aliquae
1104 1511 129 66 plura:
1182 1511 90 66 reli:

350 1555 122 63 quum
426 1555 137 63 autem
518 1555 107 63 non
579 1555 107 63 sit
640 1555 122 63 illa
716 1555 153 63 plura:
823 1555 107 63 non
884 1555 107 63 est
945 1555 244 63 inconueniens
1128 1555 137 63 aliquid

346 1600 162 72 proprium
467 1600 95 72 vni
521 1600 149 72 illorum
629 1600 149 72 plurium
737 1600 176 72 competere
872 1600 95 72 vni
926 1600 149 72 illorum
1034 1600 81 72 et
1075 1600 95 72 non
1129 1600 149 72 alteri:
1223 1600 54 72 et

355 1643 141 63 quantum
458 1643 77 63 ad
496 1643 115 63 talia
573 1643 179 63 propositio
714 1643 90 63 non
765 1643 90 63 est
817 1643 90 63 va.
868 1643 141 63 quaeuis
970 1643 115 63 autem
1047 1643 141 63 persona
1150 1643 128 63 patris
1227 1643 51 63 et

346 1692 139 57 eentia
443 1692 111 57 sint
513 1692 97 57 vna
568 1692 97 57 res
624 1692 222 57 indistincta:
805 1692 139 57 eentia
902 1692 125 57 tamen
985 1692 97 57 est
1041 1692 139 57 plures
1138 1692 139 57 prarne
1221 1692 42 57 e

345 1728 130 68 psona
431 1728 101 68 non
489 1728 101 68 est
547 1728 115 68 ille
619 1728 130 68 psone
705 1728 159 68 plures:
821 1728 216 68 quampropter
994 1728 101 68 non
1052 1728 101 68 est
1095 1728 173 68 inconueni-

354 1774 100 56 ens
411 1774 157 56 aliquid
525 1774 171 56 proprium
653 1774 100 56 vni
710 1774 171 56 parsone:
838 1774 114 56 puta
909 1774 142 56 gnanre
1009 1774 185 56 competere
1151 1774 128 56 patri
1222 1774 57 56 et

351 1815 101 62 non
408 1815 188 62 essentie:
553 1815 130 62 sicut
640 1815 87 62 et
684 1815 145 62 plures
785 1815 145 62 psonas
887 1815 188 62 competere
1032 1815 188 62 essentie:
1177 1815 87 62 et
1206 1815 72 62 non

355 1855 134 70 persone
452 1855 134 70 patris.
549 1855 61 70 â‹
573 1855 73 70 Ad
610 1855 73 70 An
646 1855 134 70 reampon
744 1855 134 70 negando
841 1855 170 70 antecedens
974 1855 97 70 quia
1035 1855 121 70 quando
1120 1855 134 70 aliquod
1205 1855 73 70 dter

357 1903 166 57 minabile
481 1903 152 57 sumptum
592 1903 97 57 cum
647 1903 152 57 aliquae
757 1903 235 57 determiatione
951 1903 166 57 praedius
1075 1903 83 57 de
1116 1903 152 57 aliqua:
1213 1903 55 57 re

346 1944 159 66 quiritur
465 1944 106 66 quod
532 1944 186 66 dterminaus
678 1944 80 66 ve
717 1944 199 66 praedicetur
877 1944 80 66 de
917 1944 239 66 determinabili:
1116 1944 80 66 et
1156 1944 106 66 quod
1209 1944 66 66 tam

343 1990 206 58 determina:
505 1990 118 58 quam
579 1990 250 58 determinabile
785 1990 221 58 praedicetur
962 1990 88 58 de
1006 1990 206 58 principali
1153 1990 118 58 subto.

351 2033 125 62 Sicut
435 2033 83 62 ad
476 2033 153 62 vitatem
588 2033 153 62 istius.
699 2033 139 62 sortes
796 2033 97 62 est
852 2033 111 62 homo
921 2033 139 62 albus:
1019 2033 181 62 requritur
1144 2033 125 62 veritas

357 2078 130 64 istarum
452 2078 118 64 trium.
535 2078 118 64 sortes
617 2078 83 64 est
665 2078 106 64 homo:
736 2078 118 64 sortes
819 2078 83 64 est
866 2078 118 64 albus:
949 2078 95 64 homo
1008 2078 83 64 est
1055 2078 118 64 albus.
1138 2078 71 64 Et
1174 2078 95 64 quia
1221 2078 59 64 hec

359 2119 84 60 est
407 2119 120 60 falsa.
491 2119 120 60 eentia
574 2119 84 60 est
622 2119 155 60 generans:
742 2119 72 60 si
778 2119 84 60 luy
825 2119 155 60 generans.
945 2119 132 60 sumatur
1041 2119 227 60 participialiter
1220 2119 48 60 et

347 2169 119 60 pure
422 2169 209 60 adiectiue:
586 2169 104 60 ion
645 2169 104 60 hec
705 2169 104 60 est
764 2169 149 60 falsa.
869 2169 149 60 eentia
973 2169 238 60 estpargnans.
1167 2169 75 60 â‹
1182 2169 89 60 Ista

358 2207 117 59 solutis
444 2207 128 59 deficit.
540 2207 64 59 pr
572 2207 117 59 quodem:
657 2207 85 59 quia
710 2207 96 59 negat
774 2207 96 59 illud
838 2207 160 59 antecedens:
966 2207 75 59 cum
1009 2207 96 59 tamen
1073 2207 96 59 ipsum
1137 2207 64 59 in
1169 2207 107 59 simili
1233 2207 32 59 a

343 2257 146 60 firmet
446 2257 190 60 concilium
592 2257 88 60 in
636 2257 205 60 pallegato.
796 2257 88 60 c.
840 2257 190 60 damnamus:
986 2257 161 60 loquens
1103 2257 88 60 de
1147 2257 117 60 illa
1206 2257 58 60 re

356 2299 98 53 coni
417 2299 98 53 quae
478 2299 135 53 espiter
576 2299 73 53 et
613 2299 73 53 fi
650 2299 73 53 et
686 2299 110 53 sissi
760 2299 147 53 essentia
870 2299 98 53 dina
931 2299 86 53 di.
980 2299 73 53 Et
1017 2299 86 53 sic
1066 2299 110 53 eadem
1140 2299 86 53 res
1176 2299 86 53 estpi

352 2339 73 59 et
388 2339 85 59 fi.
437 2339 73 59 et
474 2339 98 59 ssab
535 2339 134 59 vtroque
632 2339 171 59 procedens.
766 2339 110 59 eadem
839 2339 134 59 ratione
937 2339 146 59 dmecitet
1047 2339 85 59 est
1095 2339 98 59 quod
1156 2339 98 59 ipsa
1205 2339 61 59 eer

356 2381 82 60 tia
403 2381 82 60 est
450 2381 117 60 filius
532 2381 59 60 a
556 2381 106 60 patre
626 2381 152 60 procedens
743 2381 82 60 vel
790 2381 129 60 nascens
884 2381 82 60 seu
931 2381 117 60 natus.
1013 2381 70 60 et
1048 2381 94 60 quod
1107 2381 94 60 ipsa
1165 2381 82 60 est
1201 2381 70 60 pate

351 2426 130 61 gnanns
442 2426 143 61 filium.
546 2426 78 61 et
585 2426 91 61 nec
637 2426 91 61 dun
689 2426 104 61 quod
754 2426 78 61 in
793 2426 169 61 praedicto
924 2426 156 61 concilio
1041 2426 91 61 seu
1093 2426 117 61 dicto
1158 2426 117 61 concilu

354 2472 200 64 lypocedens.
514 2472 160 64 statpure
634 2472 173 64 adiectiue
767 2472 80 64 et
807 2472 267 64 participialiter.
1034 2472 80 64 et
1074 2472 133 64 dficit
1167 2472 80 64 in
1194 2472 80 64 rati

349 2513 81 66 ne
390 2513 108 66 quam
458 2513 149 66 reddit.
566 2513 108 66 siam
633 2513 81 66 de
674 2513 122 66 sorte
755 2513 122 66 nigro
836 2513 135 66 vtique
930 2513 189 66 conceditur
1079 2513 108 66 quod
1146 2513 108 66 ipse
1200 2513 68 66 est

360 2567 152 48 monacus
471 2567 138 48 albus:
567 2567 97 48 hec
622 2567 124 48 tamen
705 2567 97 48 est
760 2567 138 48 falsa.
857 2567 138 48 sortes
954 2567 97 48 est
1009 2567 138 48 albus.
1105 2567 69 48 â‹
1119 2567 152 48 Responded

366 2597 114 65 igiter
446 2597 126 65 negando
537 2597 183 65 consequentia
685 2597 126 65 primam.
777 2597 69 65 Ad
811 2597 171 65 probationem
948 2597 80 65 per
994 2597 103 65 deim.
1062 2597 69 65 p.
1097 2597 91 65 dico
1154 2597 103 65 quod.
1211 2597 57 65 hi-

355 2640 76 64 ad
393 2640 177 64 efficaciam
532 2640 126 64 illius
621 2640 177 64 consequene
760 2640 88 64 non
810 2640 114 64 solum
886 2640 114 64 ponit
962 2640 114 64 illam
1038 2640 177 64 conditione
1177 2640 88 64 qua
1214 2640 51 64 in

366 2683 87 65 ar:
415 2683 111 65 dicta
489 2683 99 65 est:
551 2683 87 65 sed
601 2683 74 65 et
638 2683 136 65 quandam
736 2683 111 65 aliam
811 2683 124 65 addit.
897 2683 87 65 ssi
947 2683 148 65 secundum
1058 2683 235 65 sepraediceturea

356 2724 83 69 non
404 2724 142 69 secundum
510 2724 130 69 acecens
605 2724 71 69 i.
640 2724 178 69 simpliciter
782 2724 71 69 et
818 2724 83 69 non
865 2724 83 69 cum
913 2724 130 69 aliquae
1007 2724 118 69 addito
1090 2724 83 69 vel
1126 2724 142 69 dtermiatio

351 2773 71 71 ne
387 2773 143 71 quodsbet
494 2773 131 71 istorum
589 2773 179 71 praedicetur
732 2773 71 71 di
768 2773 107 71 subto
839 2773 107 71 illo.
911 2773 95 71 Nunc
970 2773 107 71 autem
1042 2773 83 71 non
1089 2773 83 71 sic
1137 2773 83 71 est
1185 2773 71 71 in
1208 2773 60 71 pro

359 2818 135 66 posito:
457 2818 98 66 quia
519 2818 86 66 hic
568 2818 148 66 generans
679 2818 86 66 non
728 2818 185 66 praedicatur
875 2818 111 66 patet
949 2818 74 66 se
986 2818 74 66 de
1023 2818 148 66 essentia
1134 2818 74 66 si
1158 2818 111 66 partici

367 2862 133 61 pialiter
467 2862 67 61 et
500 2862 144 61 adiectiue
611 2862 111 61 tantum
688 2862 133 61 sumatur:
788 2862 100 61 sicut
855 2862 122 61 oportet
943 2862 67 61 si
977 2862 67 61 et
1010 2862 177 61 consequentia
1154 2862 111 61 debeat
1221 2862 44 61 va

362 2904 120 60 lere.
442 2904 67 60 â‹
469 2904 80 60 Ad
509 2904 80 60 Am
549 2904 201 60 probationem
709 2904 147 60 concedo
816 2904 120 60 prius
897 2904 214 60 consequentia
1070 2904 80 60 et
1111 2904 107 60 nego
1177 2904 94 60 Am.
1218 2904 53 60 Et

366 2950 72 59 ad
402 2950 180 59 probationem
546 2950 96 59 dico
606 2950 96 59 quod
666 2950 96 59 illa
726 2950 96 59 reus
786 2950 96 59 tunc
846 2950 108 59 haent
918 2950 120 59 tantum
1002 2950 84 59 vlr
1050 2950 132 59 vitatem
1146 2950 120 59 quando
1218 2950 48 59 il

363 2991 87 61 lud
412 2991 124 61 supius
499 2991 87 61 vlr
548 2991 186 61 praedicatur
697 2991 74 61 de
734 2991 99 61 illo
796 2991 161 61 inferiori
920 2991 74 61 et
957 2991 74 61 de
994 2991 99 61 omni
1056 2991 74 61 de
1093 2991 99 61 quae
1155 2991 111 61 illud
1217 2991 50 61 in

365 3043 116 50 ferius
446 3043 185 50 praedicatur.
597 3043 81 50 ita
643 3043 93 50 quod
701 3043 81 50 non
747 3043 104 50 solum
817 3043 174 50 praedicatur
956 3043 69 50 de
990 3043 93 50 illo
1048 3043 150 50 inferiori
1152 3043 116 50 distribu

360 3078 68 72 to
394 3078 148 72 promnibus
508 3078 91 72 suis
565 3078 80 72 per
610 3078 171 72 suppositis:
747 3078 80 72 sed
793 3078 68 72 et
827 3078 80 72 pro
872 3078 125 72 omnibus
963 3078 68 72 de
998 3078 114 72 quibus
1077 3078 103 72 ipsum
1146 3078 114 72 dieitr
1214 3078 57 72 sic

1312 272 103 66 quod
1376 272 116 66 talis
1454 272 141 66 propoto
1556 272 103 66 vlis
1621 272 129 66 possit
1711 272 103 66 esse
1775 272 116 66 maior
1852 272 77 66 in
1891 272 180 66 sillogismo
2032 272 154 66 perfecte
2135 272 90 66 regu.

1315 327 89 50 lato
1371 327 78 50 per
1415 327 89 50 dici
1471 327 89 50 ooi.
1527 327 67 50 Et
1561 327 168 50 haepoatuem:
1695 327 89 50 quia
1751 327 78 50 tal
1795 327 101 50 regla
1862 327 78 50 tet
1907 327 78 50 per
1952 327 89 50 meus
2008 327 168 50 intrinsecum
2142 327 67 50 et
2164 327 56 50 pro

1304 362 144 57 batur
1400 362 112 57 per
1464 362 257 57 sillogismum:
1673 362 144 57 cuius
1769 362 144 57 maior
1865 362 112 57 est
1929 362 160 57 quedam
2042 362 144 57 vlis:
2122 362 112 57 cuius

1298 405 179 63 subiectum
1436 405 97 63 est
1491 405 207 63 praedicatum
1657 405 193 63 atestetis:
1809 405 83 63 et
1850 405 193 63 paedicatum
2002 405 97 63 est
2044 405 179 63 praedicatum

1308 447 181 69 consequentis.
1457 447 74 69 vbi
1500 447 106 69 gratia
1574 447 64 69 h:
1606 447 106 69 sortes
1681 447 74 69 est
1723 447 106 69 albus:
1798 447 85 69 ergo
1851 447 106 69 sortes
1925 447 74 69 est
1968 447 149 69 coloratus.
2085 447 128 69 probatur
2170 447 64 69 sic:

1310 492 71 60 oe
1346 492 106 60 album
1416 492 82 60 est
1463 492 165 60 coloratum:
1593 492 118 60 sortes
1675 492 82 60 est
1722 492 118 60 albus:
1804 492 129 60 igister
1899 492 118 60 sortes
1981 492 82 60 est
2028 492 165 60 coloratus:
2157 492 71 60 et
2181 492 47 60 si

1306 535 116 65 militr
1387 535 93 65 estd
1445 535 116 65 aliis.
1526 535 127 65 Nuncant
1619 535 69 65 in
1653 535 150 65 proposito
1769 535 69 65 ly
1804 535 162 65 generamns.
1931 535 81 65 non
1977 535 81 65 est
2023 535 127 65 taliter
2104 535 116 65 superius

1311 580 78 65 ad
1350 580 156 65 hegnans.
1467 580 91 65 Nam
1519 580 91 65 hec
1570 580 91 65 est
1622 580 130 65 falsa.
1713 580 104 65 omne
1778 580 104 65 quod
1843 580 91 65 est
1895 580 156 65 haignans
2011 580 91 65 est
2063 580 143 65 genans:
2154 580 65 65 ion

1318 622 149 63 onsequentia
1437 622 89 63 illan
1497 622 99 63 valem.
1566 622 50 63 â‹
1586 622 60 63 Ad
1616 622 89 63 ctode
1675 622 69 63 cum
1715 622 89 63 distr
1775 622 89 63 eenus
1834 622 129 63 estpoater
1933 622 99 63 filii.
2003 622 119 63 ddicibet
2092 622 79 63 quod
2132 622 99 63 lypiatr.

1308 665 130 68 praet
1394 665 87 68 et
1438 665 159 68 accipi:
1554 665 87 68 vt
1597 665 130 68 infra
1684 665 130 68 inuit
1771 665 145 68 magitr
1872 665 101 68 dv.
1930 665 101 68 vno
1988 665 87 68 vt
2031 665 145 68 signat
2118 665 116 68 vposta

1313 711 146 61 simquae
1419 711 120 61 habet
1499 711 146 61 filium.
1605 711 133 61 Alious
1698 711 80 61 vt
1738 711 133 61 signat
1831 711 160 61 notionem
1951 711 93 61 seu
2004 711 186 61 propetate.
2137 711 93 61 sgnam

1305 753 74 65 re
1342 753 136 65 filium.
1441 753 74 65 Et
1478 753 111 65 prie:
1552 753 74 65 vt
1589 753 124 65 dicunt
1676 753 124 65 aliqui
1762 753 124 65 tentur
1849 753 198 65 substantiue.
2009 753 87 65 tus
2059 753 74 65 vo
2096 753 99 65 modo
2145 753 87 65 adie-

1309 797 110 61 ctiue
1382 797 135 61 tantum.
1480 797 74 61 Si
1517 797 208 61 peraccipiatur
1689 797 135 61 concedo
1787 797 221 61 propositionem:
1970 797 86 61 est
2019 797 74 61 n.
2056 797 147 61 essentia
2154 797 86 61 psona

1312 848 91 54 illa
1369 848 91 54 quae
1426 848 114 54 vtique
1506 848 103 54 habet
1574 848 126 54 filium:
1666 848 69 54 et
1700 848 69 54 hi
1734 848 80 54 est
1780 848 160 54 essepatrem
1905 848 103 54 filim
1974 848 114 54 termio
2054 848 80 54 sic
2099 848 126 54 sumpto:
2179 848 46 54 et

1307 884 84 61 tem
1355 884 96 61 nego
1415 884 192 61 consequentia
1571 884 60 61 â‹
1595 884 72 61 Ad
1631 884 180 61 probationem
1775 884 84 61 cum
1823 884 156 61 doestrion
1943 884 96 61 patr
2003 884 96 61 quia
2063 884 120 61 geuit.
2147 884 72 61 Et
2171 884 48 61 vl

1309 929 81 62 tra
1356 929 69 62 cu
1390 929 139 62 additur:
1495 929 81 62 ion
1541 929 116 62 filius
1622 929 93 62 quia
1680 929 127 62 genitus
1773 929 93 62 etc.
1831 929 104 62 dieet
1900 929 93 62 quod
1958 929 69 62 in
1993 929 127 62 omnibus
2085 929 104 62 illis
2143 929 93 62 accipi

1312 973 80 65 tur
1357 973 102 65 pater
1425 973 68 65 et
1460 973 114 65 filius
1539 973 159 65 adiectiue.
1665 973 148 65 quodlibet
1779 973 91 65 n.on
1835 973 91 65 quae
1892 973 102 65 pater
1961 973 68 65 vt
1995 973 80 65 est
2040 973 159 65 adiectiuum
2154 973 80 65 vifi-

1313 1016 87 67 cat
1362 1016 287 67 significatiuegeuit.
1612 1016 75 67 Et
1650 1016 162 67 similiter
1775 1016 125 67 dmebem
1862 1016 112 67 eston
1937 1016 100 67 hiae
1999 1016 125 67 termio
2087 1016 137 67 filius.
2174 1016 50 67 on

1308 1061 78 59 orm
1353 1061 78 59 ant
1397 1061 89 59 quod
1453 1061 89 59 omne
1509 1061 67 59 id
1542 1061 156 59 genueritod
1665 1061 89 59 quae
1721 1061 179 59 desterposter
1866 1061 179 59 prersumptum.
2012 1061 78 59 cum
2056 1061 67 59 vo
2090 1061 101 59 vltra
2146 1061 78 59 argui

1316 1104 85 60 tur.
1369 1104 63 60 si
1401 1104 106 60 eentia
1475 1104 74 60 est
1517 1104 106 60 poater
1592 1104 95 60 filum
1655 1104 106 60 filius
1729 1104 63 60 es
1761 1104 106 60 filius
1835 1104 127 60 esentie.
1930 1104 85 60 Dico
1983 1104 85 60 quod
2036 1104 74 60 hec
2078 1104 169 60 consequentia
2205 1104 32 60 n

1312 1153 127 57 valem:
1401 1153 102 57 nisi
1465 1153 115 57 pater
1541 1153 76 57 in
1579 1153 140 57 aestete
1681 1153 153 57 teneatur
1796 1153 178 57 adiectiue:
1936 1153 102 57 quod
1999 1153 140 57 negatum
2101 1153 102 57 est.
2165 1153 76 57 Si
2190 1153 51 57 n.

1306 1191 135 59 teneatur
1407 1191 169 59 substantiue
1542 1191 79 59 non
1587 1191 101 59 valem
1654 1191 180 59 consequentia
1801 1191 90 59 quod
1857 1191 112 59 patet.
1936 1191 90 59 siam
1992 1191 90 59 idem
2048 1191 79 59 est
2093 1191 101 59 dictu
2149 1191 79 59 essen

1316 1232 81 62 tia
1363 1232 81 62 est
1409 1232 104 62 pater
1479 1232 104 62 filum
1548 1232 69 62 in
1583 1232 58 62 b
1606 1232 116 62 sensu:
1687 1232 69 62 et
1722 1232 116 62 dicere
1803 1232 127 62 esentia
1895 1232 162 62 eypostasis
2023 1232 93 62 quae
2081 1232 104 62 habet
2138 1232 93 62 filium

1310 1277 112 63 igitr
1384 1277 124 63 filius
1471 1277 87 63 est
1521 1277 124 63 filius
1608 1277 137 63 eentie.
1708 1277 87 63 son
1757 1277 162 63 sequitur:
1882 1277 87 63 sed
1931 1277 75 63 si
1969 1277 137 63 aliquod
2068 1277 124 63 debeat
2143 1277 87 63 sequi

1314 1318 135 65 sequitur
1415 1318 90 65 hec:
1472 1318 90 65 ergo
1528 1318 113 65 filius
1607 1318 79 65 est
1652 1318 113 65 filius
1731 1318 158 65 vpostasis:
1855 1318 90 65 quae
1912 1318 79 65 est
1957 1318 124 65 eentia.
2047 1318 79 65 sed
2092 1318 68 65 id
2126 1318 102 65 nihil
2183 1318 56 65 est

1312 1363 119 69 contra
1395 1363 178 69 propsition.
1538 1363 71 69 Si
1574 1363 71 69 vo
1610 1363 83 69 luy
1657 1363 95 69 patr
1717 1363 143 69 inapente
1824 1363 131 69 sumatur
1919 1363 167 69 adiectiue:
2050 1363 83 69 sic
2097 1363 95 69 nego
2145 1363 95 69 illud.

1319 1406 58 71 â‹
1343 1406 69 71 Et
1377 1406 81 71 cum
1423 1406 150 71 probatur.
1538 1406 92 71 dico
1596 1406 92 71 hanc
1653 1406 92 71 esse
1711 1406 104 71 veram
1780 1406 104 71 pater
1849 1406 104 71 filum
1918 1406 81 71 est
1964 1406 127 71 eentia:
2056 1406 115 71 igitur
2137 1406 81 71 per
2171 1406 58 71 con

1309 1452 155 64 uersionem.
1431 1452 111 64 eentia
1508 1452 144 64 estpoater
1619 1452 111 64 filii.
1697 1452 89 64 dico
1752 1452 89 64 quod
1808 1452 67 64 in
1841 1452 89 64 psus
1896 1452 89 64 autm
1952 1452 78 64 luy
1996 1452 111 64 pater.
2074 1452 122 64 tenetur
2162 1452 55 64 n
2185 1452 67 64 ad

1306 1495 156 62 iectiue:
1423 1495 91 62 sed
1475 1495 130 62 potius
1565 1495 208 62 substantiue:
1734 1495 78 62 et
1773 1495 104 62 tunc
1838 1495 130 62 eodems
1929 1495 117 62 debet
2007 1495 130 62 teneri
2097 1495 78 62 in
2136 1495 104 62 alia
2188 1495 52 62 in

1307 1537 95 74 quae
1367 1537 190 74 praedicatur:
1521 1537 71 74 et
1557 1537 95 74 tunc
1616 1537 107 74 nihil
1687 1537 119 74 contra
1771 1537 95 74 nos:
1830 1537 71 74 vt
1866 1537 107 74 prius
1937 1537 131 74 patuit.
2032 1537 83 74 Aut
2080 1537 131 74 tenetur
2163 1537 71 74 adie

1311 1583 121 65 ctiue:
1395 1583 97 65 etem
1456 1583 109 65 praet
1528 1583 97 65 dici
1588 1583 72 65 vt
1625 1583 121 65 dicunt
1709 1583 121 65 aliqui
1794 1583 97 65 quod
1854 1583 84 65 oro
1902 1583 84 65 est
1950 1583 169 65 incongrua:
2083 1583 84 65 cum
2119 1583 109 65 adiecti

1322 1625 83 64 uum
1370 1625 154 64 adiectiue
1488 1625 130 64 sumptum
1583 1625 83 64 per
1630 1625 71 64 se
1666 1625 83 64 non
1713 1625 119 64 possit
1796 1625 107 64 essen
1867 1625 119 64 subem:
1950 1625 95 64 nisi
2010 1625 190 64 intelligatur
2152 1625 71 64 eius

1324 1666 207 68 substansicui
1492 1666 155 68 adiacet:
1609 1666 78 68 et
1648 1666 104 68 tunc
1713 1666 104 68 hest
1778 1666 91 68 sic
1829 1666 181 68 supplenda:
1972 1666 78 68 si
2011 1666 78 68 va
2050 1666 91 68 sit
2101 1666 78 68 et
2127 1666 104 68 intel-

1316 1712 172 64 ligibilis.
1451 1712 74 64 is
1488 1712 86 64 qui
1537 1712 86 64 est
1586 1712 111 64 pater
1660 1712 111 64 filum
1733 1712 86 64 est
1783 1712 147 64 esentia:
1893 1712 74 64 et
1930 1712 86 64 tuc
1979 1712 184 64 conuertetur
2126 1712 74 64 in
2151 1712 86 64 hanc.

1315 1763 156 63 essentia
1432 1763 91 63 est
1484 1763 78 63 is
1523 1763 91 63 qui
1575 1763 91 63 est
1627 1763 104 63 patr
1692 1763 130 63 filii.
1783 1763 78 63 Ex
1821 1763 91 63 hac
1873 1763 117 63 autem
1951 1763 91 63 non
2003 1763 169 63 sequitur.
2120 1763 130 63 essentia

1322 1805 145 64 generat:
1431 1805 73 64 vt
1467 1805 109 64 satis
1540 1805 109 64 patet
1613 1805 73 64 ex
1649 1805 121 64 dicti.
1734 1805 61 64 â‹
1758 1805 73 64 Ad
1795 1805 73 64 on
1831 1805 97 64 nego
1892 1805 194 64 consequentia
2049 1805 73 64 Ad
2086 1805 121 64 prerum
2158 1805 73 64 proo

1308 1845 162 68 bationem
1429 1845 108 68 dico
1496 1845 108 68 quod
1564 1845 108 68 illa
1631 1845 189 68 indefinita
1780 1845 94 68 non
1833 1845 202 68 conuertitur
1995 1845 81 68 in
2036 1845 121 68 istam
2103 1845 135 68 singula-

1318 1892 103 61 rem:
1382 1892 90 61 sed
1434 1892 77 61 in
1472 1892 116 61 istam
1550 1892 206 61 particularem
1717 1892 141 61 aliquod
1820 1892 103 61 quod
1884 1892 90 61 est
1935 1892 154 61 essentia
2051 1892 129 61 diuina
2128 1892 103 61 estge-

1315 1936 149 61 nerans
1419 1936 119 61 nisi
1494 1936 193 61 sumeretur
1642 1936 104 61 hec
1702 1936 119 61 loco
1776 1936 134 61 prime
1865 1936 164 61 tamquam
1984 1936 208 61 equiualens
2133 1936 104 61 sibi-

1316 1980 123 57 alias
1398 1980 95 57 non
1453 1980 123 57 esset
1535 1980 150 57 proprie
1644 1980 232 57 particularis.
1835 1980 82 57 vn
1875 1980 164 57 sciendum
1998 1980 109 57 quod
2066 1980 123 57 sicut
2135 1980 95 57 nulla

1319 2017 105 66 alia
1384 2017 183 66 propositio
1528 2017 78 66 in
1567 2017 92 66 qua
1620 2017 170 66 subucitur
1750 2017 157 66 terminus
1868 2017 118 66 conis
1946 2017 92 66 est
1999 2017 209 66 particularis
2156 2017 78 66 pro-

1321 2063 104 66 prie
1386 2063 168 66 loquendo:
1515 2063 91 66 vel
1567 2063 142 66 vellis:
1670 2063 104 66 nisi
1735 2063 91 66 per
1787 2063 129 66 signum
1878 2063 104 66 vele
1942 2063 91 66 vel
1994 2063 194 66 particulare
2136 2063 91 66 subum

1308 2105 161 61 denotet
1426 2105 132 61 stare
1514 2105 103 61 pro
1572 2105 161 61 aliquo:
1690 2105 88 61 si
1734 2105 103 61 sit
1792 2105 205 61 singularis
1953 2105 161 61 numeri:
2071 2105 103 61 vel
2129 2105 132 61 aliqu

1322 2150 92 59 bus
1374 2150 79 59 si
1414 2150 92 59 sit
1466 2150 171 59 pluralis:
1598 2150 92 59 vel
1650 2150 79 59 si
1690 2150 92 59 sit
1742 2150 118 59 velis
1821 2150 92 59 pro
1874 2150 145 59 omnibus
1979 2150 118 59 silad
2058 2150 92 59 que
2111 2150 118 59 illud
2176 2150 66 59 est

1311 2199 123 55 cone:
1393 2199 96 55 sic
1448 2199 96 55 nec
1503 2199 137 55 aliqua
1598 2199 82 55 in
1639 2199 109 55 quae
1708 2199 178 55 subucitur
1844 2199 137 55 eentia
1940 2199 137 55 diuina
2036 2199 96 55 vel
2077 2199 150 55 diuinitas

1326 2237 82 68 em
1367 2237 151 68 proprie
1477 2237 220 68 particularis
1656 2237 96 68 vel
1711 2237 137 68 velis:
1807 2237 110 68 nisi
1875 2237 96 68 per
1930 2237 151 68 aliquod
2040 2237 137 68 signum
2136 2237 96 68 vle
2177 2237 69 68 vel

1318 2283 191 67 particulare
1471 2283 166 67 denotetur
1599 2283 115 67 stare
1675 2283 127 67 subemt
1764 2283 140 67 respcum
1866 2283 115 67 eorum
1943 2283 127 67 quibus
2032 2283 127 67 comnis
2109 2283 127 67 existit.

1318 2330 75 58 â‹
1348 2330 105 58 Cum
1408 2330 150 58 igitur
1513 2330 180 58 essentia
1647 2330 120 58 dina
1722 2330 105 58 non
1782 2330 105 58 sit
1842 2330 150 58 comnis
1947 2330 180 58 pluribus
2066 2330 165 58 essentiis

1317 2369 123 62 dinis:
1403 2369 86 62 set
1452 2369 86 62 sit
1501 2369 110 62 conis
1574 2369 147 62 pluribus
1685 2369 98 62 quae
1746 2369 98 62 stet
1808 2369 147 62 essentia
1918 2369 110 62 dina:
1992 2369 86 62 nec
2041 2369 98 62 ista
2102 2369 98 62 erit
2151 2369 86 62 parti

1330 2414 144 62 cularis
1435 2414 144 62 aliquae
1540 2414 131 62 eentia
1632 2414 105 62 dina
1697 2414 92 62 est
1750 2414 171 62 generans:
1881 2414 105 62 immo
1946 2414 92 62 nec
1999 2414 144 62 propria
2104 2414 92 62 qut
2143 2414 92 62 intel

1331 2455 165 67 ligibilis
1458 2455 114 67 npius
1534 2455 101 67 quam
1597 2455 114 67 ista:
1673 2455 139 67 aliquis
1774 2455 127 67 sortes
1863 2455 139 67 currit:
1964 2455 101 67 nisi
2027 2455 114 67 forte
2091 2455 139 67 potesatur

1321 2510 111 50 vice
1390 2510 139 50 istius
1487 2510 125 50 signi
1571 2510 125 50 vocal
1654 2510 139 50 aliqud
1751 2510 111 50 quod
1820 2510 97 50 est
1876 2510 152 50 esentia
1986 2510 111 50 dina
2056 2510 97 50 est
2097 2510 139 50 genrans.

1335 2549 110 61 slec
1404 2549 110 61 estm
1473 2549 96 61 hec
1528 2549 110 61 erat
1597 2549 138 61 velis.
1693 2549 124 61 nulla
1775 2549 165 61 essentia
1899 2549 110 61 dina
1968 2549 96 61 est
2023 2549 151 61 genans.
2133 2549 96 61 sic
2174 2549 69 61 nec

1323 2586 144 63 huius.
1423 2586 144 63 nullus
1524 2586 144 63 sortes
1625 2586 158 63 currit:
1740 2586 86 63 si
1783 2586 144 63 sortes
1884 2586 101 63 sit
1942 2586 130 63 nomen
2028 2586 173 63 proprium
2143 2586 72 63 vni

1318 2633 187 56 tantum.
1454 2633 85 56 â‹
1488 2633 119 56 Per
1556 2633 119 56 hoc
1624 2633 153 56 patet
1726 2633 102 56 ad
1777 2633 153 56 aliam
1880 2633 255 56 probationem
2084 2633 136 56 quod
2152 2633 85 56 cum

1325 2673 131 63 ista.
1413 2673 131 63 nulla
1500 2673 175 63 essentia
1632 2673 146 63 diuina
1734 2673 117 63 etc.
1807 2673 102 63 non
1865 2673 102 63 sit
1924 2673 219 63 vniuersalis
2099 2673 102 63 non
2142 2673 88 63 con-

1314 2714 195 64 uerteretur
1467 2714 84 64 in
1509 2714 139 64 illam.
1607 2714 139 64 nullum
1704 2714 167 64 generans
1830 2714 112 64 etc.
1899 2714 98 64 non
1955 2714 112 64 pius
2025 2714 112 64 quam
2095 2714 112 64 ista
2150 2714 84 64 sin-

1323 2763 183 66 gularis.
1460 2763 152 66 eentia
1567 2763 152 66 diuina
1673 2763 107 66 non
1734 2763 107 66 est
1795 2763 198 66 generans:
1947 2763 107 66 sed
2008 2763 91 66 si
2054 2763 152 66 debeat
2146 2763 91 66 sumi

1323 2815 122 51 velis
1405 2815 150 51 proprie
1514 2815 150 51 sumetur
1622 2815 109 51 hec.
1690 2815 122 51 nullu
1772 2815 109 51 quod
1840 2815 95 51 est
1894 2815 163 51 essentia
2017 2815 136 51 diuina
2112 2815 109 51 ete.
2166 2815 68 51 Sed

1318 2854 91 62 patet
1378 2854 81 62 quod
1429 2854 81 62 tunc
1479 2854 71 62 non
1520 2854 111 62 sumitur
1600 2854 91 62 oppoi
1661 2854 171 62 consequentis:
1802 2854 61 62 et
1832 2854 71 62 per
1873 2854 141 62 consequens
1984 2854 71 62 non
2024 2854 121 62 probatur
2105 2854 141 62 consequentia

1313 2894 101 68 illa
1376 2894 88 68 per
1427 2894 113 68 modum
1502 2894 126 68 istum:
1591 2894 176 68 probaretur
1729 2894 88 68 ant
1780 2894 101 68 illa
1843 2894 88 68 qua
1893 2894 176 68 inferretur
2032 2894 88 68 hoc
2082 2894 189 68 consequens.

1321 2937 156 57 aliquod
1434 2937 114 57 quod
1505 2937 99 57 est
1562 2937 170 57 essentia
1690 2937 142 57 diuina
1790 2937 99 57 est
1846 2937 185 57 generans:
1988 2937 85 57 et
2031 2937 128 57 illud
2102 2937 142 57 concedo.

1325 2987 79 65 â‹
1357 2987 111 65 Per
1420 2987 206 65 praedicta
1579 2987 158 65 potest
1689 2987 222 65 responderi
1864 2987 95 65 ad
1911 2987 143 65 multa
2006 2987 206 65 argumenta
2149 2987 79 65 que

1315 3029 129 52 fiunt
1400 3029 100 52 tam
1458 3029 229 52 syllogistice
1643 3029 114 52 quam
1715 3029 229 52 entimematice
1900 3029 143 52 contra
2000 3029 186 52 veritates
2129 3029 100 52 mate-

1315 3069 255 69 riepraesentis.
1528 3069 227 69 Syllogistice
1712 3069 114 69 fic.
1783 3069 128 69 nulla
1868 3069 142 69 eentia
1967 3069 128 69 diuia
2038 3069 199 69 gnantipater.
