<?xml version="1.0" encoding="UTF-8"?>
<alto xmlns:xsi="http://www.w3.org/2001/XMLSchema-instance"
      xmlns="http://www.loc.gov/standards/alto/ns-v2#"
      xmlns:page="http://schema.primaresearch.org/PAGE/gts/pagecontent/2013-07-15"
      xsi:schemaLocation="http://www.loc.gov/standards/alto/ns-v2# http://www.loc.gov/standards/alto/alto.xsd">
   <Description>
      <MeasurementUnit>pixel</MeasurementUnit>
      <OCRProcessing ID="IdOcr">
         <ocrProcessingStep>
            <processingDateTime>2020-08-29T15:08:31.893-04:00</processingDateTime>
            <processingSoftware>
               <softwareCreator>READ COOP</softwareCreator>
               <softwareName>Transkribus</softwareName>
            </processingSoftware>
         </ocrProcessingStep>
      </OCRProcessing>
   </Description>
   <Tags/>
   <Layout>
      <Page ID="Page1" PHYSICAL_IMG_NR="1" HEIGHT="3537" WIDTH="2468">
         <TopMargin HEIGHT="0" WIDTH="2468" VPOS="0" HPOS="0"/>
         <LeftMargin HEIGHT="3537" WIDTH="0" VPOS="0" HPOS="0"/>
         <RightMargin HEIGHT="3537" WIDTH="0" VPOS="0" HPOS="2468"/>
         <BottomMargin HEIGHT="0" WIDTH="2468" VPOS="3537" HPOS="0"/>
         <PrintSpace HEIGHT="3537" WIDTH="2468" VPOS="0" HPOS="0">
            <TextBlock ID="TextRegion_1596667796848_203"
                       HEIGHT="2894"
                       WIDTH="947"
                       VPOS="206"
                       HPOS="185">
               <Shape>
                  <Polygon POINTS="185,206 1132,206 1132,3100 185,3100"/>
               </Shape>
               <TextLine ID="r2l4"
                         BASELINE="320"
                         HEIGHT="61"
                         WIDTH="900"
                         VPOS="259"
                         HPOS="195">
                  <String HEIGHT="61"
                          WIDTH="111"
                          VPOS="259"
                          HPOS="184"
                          CONTENT="nihilo"/>
                  <SP HEIGHT="61" WIDTH="11" VPOS="259" HPOS="295"/>
                  <String HEIGHT="61" WIDTH="89" VPOS="259" HPOS="262" CONTENT="idem"/>
                  <SP HEIGHT="61" WIDTH="11" VPOS="259" HPOS="351"/>
                  <String HEIGHT="61" WIDTH="78" VPOS="259" HPOS="317" CONTENT="est"/>
                  <SP HEIGHT="61" WIDTH="11" VPOS="259" HPOS="395"/>
                  <String HEIGHT="61" WIDTH="89" VPOS="259" HPOS="362" CONTENT="quod"/>
                  <SP HEIGHT="61" WIDTH="11" VPOS="259" HPOS="451"/>
                  <String HEIGHT="61"
                          WIDTH="122"
                          VPOS="259"
                          HPOS="417"
                          CONTENT="produci"/>
                  <SP HEIGHT="61" WIDTH="11" VPOS="259" HPOS="539"/>
                  <String HEIGHT="61"
                          WIDTH="111"
                          VPOS="259"
                          HPOS="506"
                          CONTENT="potest"/>
                  <SP HEIGHT="61" WIDTH="11" VPOS="259" HPOS="617"/>
                  <String HEIGHT="61"
                          WIDTH="100"
                          VPOS="259"
                          HPOS="584"
                          CONTENT="nihil"/>
                  <SP HEIGHT="61" WIDTH="11" VPOS="259" HPOS="684"/>
                  <String HEIGHT="61" WIDTH="67" VPOS="259" HPOS="651" CONTENT="id"/>
                  <SP HEIGHT="61" WIDTH="11" VPOS="259" HPOS="717"/>
                  <String HEIGHT="61" WIDTH="78" VPOS="259" HPOS="684" CONTENT="est"/>
                  <SP HEIGHT="61" WIDTH="11" VPOS="259" HPOS="762"/>
                  <String HEIGHT="61"
                          WIDTH="133"
                          VPOS="259"
                          HPOS="728"
                          CONTENT="postquam"/>
                  <SP HEIGHT="61" WIDTH="11" VPOS="259" HPOS="862"/>
                  <String HEIGHT="61"
                          WIDTH="111"
                          VPOS="259"
                          HPOS="828"
                          CONTENT="omnino"/>
                  <SP HEIGHT="61" WIDTH="11" VPOS="259" HPOS="939"/>
                  <String HEIGHT="61" WIDTH="78" VPOS="259" HPOS="906" CONTENT="non"/>
                  <SP HEIGHT="61" WIDTH="11" VPOS="259" HPOS="984"/>
                  <String HEIGHT="61"
                          WIDTH="100"
                          VPOS="259"
                          HPOS="951"
                          CONTENT="fuit:"/>
                  <SP HEIGHT="61" WIDTH="11" VPOS="259" HPOS="1051"/>
                  <String HEIGHT="61" WIDTH="67" VPOS="259" HPOS="1017" CONTENT="et"/>
                  <SP HEIGHT="61" WIDTH="11" VPOS="259" HPOS="1084"/>
                  <String HEIGHT="61" WIDTH="56" VPOS="259" HPOS="1039" CONTENT="sic"/>
               </TextLine>
               <TextLine ID="r2l6"
                         BASELINE="357"
                         HEIGHT="48"
                         WIDTH="888"
                         VPOS="309"
                         HPOS="210">
                  <String HEIGHT="48"
                          WIDTH="129"
                          VPOS="309"
                          HPOS="197"
                          CONTENT="filius"/>
                  <SP HEIGHT="48" WIDTH="13" VPOS="309" HPOS="326"/>
                  <String HEIGHT="48" WIDTH="90" VPOS="309" HPOS="287" CONTENT="non"/>
                  <SP HEIGHT="48" WIDTH="13" VPOS="309" HPOS="377"/>
                  <String HEIGHT="48" WIDTH="90" VPOS="309" HPOS="339" CONTENT="est"/>
                  <SP HEIGHT="48" WIDTH="13" VPOS="309" HPOS="429"/>
                  <String HEIGHT="48"
                          WIDTH="167"
                          VPOS="309"
                          HPOS="390"
                          CONTENT="productus"/>
                  <SP HEIGHT="48" WIDTH="13" VPOS="309" HPOS="557"/>
                  <String HEIGHT="48" WIDTH="77" VPOS="309" HPOS="519" CONTENT="de"/>
                  <SP HEIGHT="48" WIDTH="13" VPOS="309" HPOS="596"/>
                  <String HEIGHT="48"
                          WIDTH="142"
                          VPOS="309"
                          HPOS="557"
                          CONTENT="nihilo:"/>
                  <SP HEIGHT="48" WIDTH="13" VPOS="309" HPOS="699"/>
                  <String HEIGHT="48" WIDTH="90" VPOS="309" HPOS="660" CONTENT="cum"/>
                  <SP HEIGHT="48" WIDTH="13" VPOS="309" HPOS="751"/>
                  <String HEIGHT="48"
                          WIDTH="142"
                          VPOS="309"
                          HPOS="712"
                          CONTENT="eternus"/>
                  <SP HEIGHT="48" WIDTH="13" VPOS="309" HPOS="853"/>
                  <String HEIGHT="48"
                          WIDTH="103"
                          VPOS="309"
                          HPOS="815"
                          CONTENT="sit."/>
                  <SP HEIGHT="48" WIDTH="13" VPOS="309" HPOS="918"/>
                  <String HEIGHT="48"
                          WIDTH="103"
                          VPOS="309"
                          HPOS="879"
                          CONTENT="Alio"/>
                  <SP HEIGHT="48" WIDTH="13" VPOS="309" HPOS="982"/>
                  <String HEIGHT="48"
                          WIDTH="103"
                          VPOS="309"
                          HPOS="944"
                          CONTENT="modo"/>
                  <SP HEIGHT="48" WIDTH="13" VPOS="309" HPOS="1047"/>
                  <String HEIGHT="48"
                          WIDTH="103"
                          VPOS="309"
                          HPOS="995"
                          CONTENT="produ"
                          SUBS_TYPE="HypPart1"
                          SUBS_CONTENT="produci"/>
                  <HYP CONTENT="-"/>
               </TextLine>
               <TextLine ID="r2l8"
                         BASELINE="403"
                         HEIGHT="57"
                         WIDTH="890"
                         VPOS="346"
                         HPOS="198">
                  <String HEIGHT="57"
                          WIDTH="73"
                          VPOS="346"
                          HPOS="186"
                          CONTENT="ci"
                          SUBS_TYPE="HypPart2"
                          SUBS_CONTENT="produci"/>
                  <SP HEIGHT="57" WIDTH="12" VPOS="346" HPOS="259"/>
                  <String HEIGHT="57" WIDTH="73" VPOS="346" HPOS="222" CONTENT="de"/>
                  <SP HEIGHT="57" WIDTH="12" VPOS="346" HPOS="296"/>
                  <String HEIGHT="57"
                          WIDTH="122"
                          VPOS="346"
                          HPOS="259"
                          CONTENT="nihilo"/>
                  <SP HEIGHT="57" WIDTH="12" VPOS="346" HPOS="381"/>
                  <String HEIGHT="57" WIDTH="98" VPOS="346" HPOS="344" CONTENT="idem"/>
                  <SP HEIGHT="57" WIDTH="12" VPOS="346" HPOS="442"/>
                  <String HEIGHT="57" WIDTH="85" VPOS="346" HPOS="405" CONTENT="est"/>
                  <SP HEIGHT="57" WIDTH="12" VPOS="346" HPOS="491"/>
                  <String HEIGHT="57" WIDTH="98" VPOS="346" HPOS="454" CONTENT="quod"/>
                  <SP HEIGHT="57" WIDTH="12" VPOS="346" HPOS="552"/>
                  <String HEIGHT="57"
                          WIDTH="134"
                          VPOS="346"
                          HPOS="515"
                          CONTENT="produci"/>
                  <SP HEIGHT="57" WIDTH="12" VPOS="346" HPOS="649"/>
                  <String HEIGHT="57" WIDTH="73" VPOS="346" HPOS="613" CONTENT="et"/>
                  <SP HEIGHT="57" WIDTH="12" VPOS="346" HPOS="686"/>
                  <String HEIGHT="57" WIDTH="85" VPOS="346" HPOS="649" CONTENT="non"/>
                  <SP HEIGHT="57" WIDTH="12" VPOS="346" HPOS="734"/>
                  <String HEIGHT="57" WIDTH="73" VPOS="346" HPOS="698" CONTENT="de"/>
                  <SP HEIGHT="57" WIDTH="12" VPOS="346" HPOS="771"/>
                  <String HEIGHT="57"
                          WIDTH="122"
                          VPOS="346"
                          HPOS="734"
                          CONTENT="aliqua"/>
                  <SP HEIGHT="57" WIDTH="12" VPOS="346" HPOS="856"/>
                  <String HEIGHT="57"
                          WIDTH="195"
                          VPOS="346"
                          HPOS="820"
                          CONTENT="praexistente"/>
                  <SP HEIGHT="57" WIDTH="12" VPOS="346" HPOS="1015"/>
                  <String HEIGHT="57" WIDTH="85" VPOS="346" HPOS="978" CONTENT="vel"/>
                  <SP HEIGHT="57" WIDTH="12" VPOS="346" HPOS="1064"/>
                  <String HEIGHT="57"
                          WIDTH="73"
                          VPOS="346"
                          HPOS="1015"
                          CONTENT="exi"
                          SUBS_TYPE="HypPart1"
                          SUBS_CONTENT="existente:"/>
                  <HYP CONTENT="-"/>
               </TextLine>
               <TextLine ID="r2l10"
                         BASELINE="448"
                         HEIGHT="51"
                         WIDTH="887"
                         VPOS="397"
                         HPOS="206">
                  <String HEIGHT="51"
                          WIDTH="124"
                          VPOS="397"
                          HPOS="195"
                          CONTENT="stente:"
                          SUBS_TYPE="HypPart2"
                          SUBS_CONTENT="existente:"/>
                  <SP HEIGHT="51" WIDTH="11" VPOS="397" HPOS="318"/>
                  <String HEIGHT="51" WIDTH="79" VPOS="397" HPOS="285" CONTENT="ita"/>
                  <SP HEIGHT="51" WIDTH="11" VPOS="397" HPOS="363"/>
                  <String HEIGHT="51" WIDTH="90" VPOS="397" HPOS="330" CONTENT="quod"/>
                  <SP HEIGHT="51" WIDTH="11" VPOS="397" HPOS="419"/>
                  <String HEIGHT="51" WIDTH="67" VPOS="397" HPOS="386" CONTENT="ly"/>
                  <SP HEIGHT="51" WIDTH="11" VPOS="397" HPOS="453"/>
                  <String HEIGHT="51" WIDTH="79" VPOS="397" HPOS="419" CONTENT="de."/>
                  <SP HEIGHT="51" WIDTH="11" VPOS="397" HPOS="498"/>
                  <String HEIGHT="51" WIDTH="79" VPOS="397" HPOS="464" CONTENT="sit"/>
                  <SP HEIGHT="51" WIDTH="11" VPOS="397" HPOS="543"/>
                  <String HEIGHT="51" WIDTH="90" VPOS="397" HPOS="509" CONTENT="nota"/>
                  <SP HEIGHT="51" WIDTH="11" VPOS="397" HPOS="599"/>
                  <String HEIGHT="51"
                          WIDTH="146"
                          VPOS="397"
                          HPOS="565"
                          CONTENT="principii"/>
                  <SP HEIGHT="51" WIDTH="11" VPOS="397" HPOS="711"/>
                  <String HEIGHT="51"
                          WIDTH="168"
                          VPOS="397"
                          HPOS="678"
                          CONTENT="materialis:"/>
                  <SP HEIGHT="51" WIDTH="11" VPOS="397" HPOS="846"/>
                  <String HEIGHT="51" WIDTH="67" VPOS="397" HPOS="812" CONTENT="et"/>
                  <SP HEIGHT="51" WIDTH="11" VPOS="397" HPOS="880"/>
                  <String HEIGHT="51" WIDTH="79" VPOS="397" HPOS="846" CONTENT="hoc"/>
                  <SP HEIGHT="51" WIDTH="11" VPOS="397" HPOS="925"/>
                  <String HEIGHT="51"
                          WIDTH="157"
                          VPOS="397"
                          HPOS="891"
                          CONTENT="dupliciter"/>
                  <SP HEIGHT="51" WIDTH="11" VPOS="397" HPOS="1048"/>
                  <String HEIGHT="51"
                          WIDTH="90"
                          VPOS="397"
                          HPOS="1003"
                          CONTENT="contin"/>
               </TextLine>
               <TextLine ID="r2l12"
                         BASELINE="493"
                         HEIGHT="48"
                         WIDTH="900"
                         VPOS="445"
                         HPOS="200">
                  <String HEIGHT="48" WIDTH="84" VPOS="445" HPOS="188" CONTENT="git"/>
                  <SP HEIGHT="48" WIDTH="12" VPOS="445" HPOS="272"/>
                  <String HEIGHT="48" WIDTH="84" VPOS="445" HPOS="236" CONTENT="vno"/>
                  <SP HEIGHT="48" WIDTH="12" VPOS="445" HPOS="320"/>
                  <String HEIGHT="48" WIDTH="96" VPOS="445" HPOS="284" CONTENT="modo"/>
                  <SP HEIGHT="48" WIDTH="12" VPOS="445" HPOS="380"/>
                  <String HEIGHT="48" WIDTH="96" VPOS="445" HPOS="344" CONTENT="quod"/>
                  <SP HEIGHT="48" WIDTH="12" VPOS="445" HPOS="440"/>
                  <String HEIGHT="48"
                          WIDTH="132"
                          VPOS="445"
                          HPOS="404"
                          CONTENT="aliquid"/>
                  <SP HEIGHT="48" WIDTH="12" VPOS="445" HPOS="536"/>
                  <String HEIGHT="48" WIDTH="84" VPOS="445" HPOS="500" CONTENT="sic"/>
                  <SP HEIGHT="48" WIDTH="12" VPOS="445" HPOS="584"/>
                  <String HEIGHT="48"
                          WIDTH="168"
                          VPOS="445"
                          HPOS="548"
                          CONTENT="producatur"/>
                  <SP HEIGHT="48" WIDTH="12" VPOS="445" HPOS="716"/>
                  <String HEIGHT="48" WIDTH="72" VPOS="445" HPOS="680" CONTENT="et"/>
                  <SP HEIGHT="48" WIDTH="12" VPOS="445" HPOS="752"/>
                  <String HEIGHT="48" WIDTH="84" VPOS="445" HPOS="716" CONTENT="non"/>
                  <SP HEIGHT="48" WIDTH="12" VPOS="445" HPOS="800"/>
                  <String HEIGHT="48" WIDTH="72" VPOS="445" HPOS="764" CONTENT="de"/>
                  <SP HEIGHT="48" WIDTH="12" VPOS="445" HPOS="836"/>
                  <String HEIGHT="48"
                          WIDTH="120"
                          VPOS="445"
                          HPOS="800"
                          CONTENT="aliquo"/>
                  <SP HEIGHT="48" WIDTH="12" VPOS="445" HPOS="920"/>
                  <String HEIGHT="48"
                          WIDTH="204"
                          VPOS="445"
                          HPOS="884"
                          CONTENT="praeexistente"/>
                  <SP HEIGHT="48" WIDTH="12" VPOS="445" HPOS="1088"/>
                  <String HEIGHT="48" WIDTH="60" VPOS="445" HPOS="1040" CONTENT="vel"/>
               </TextLine>
               <TextLine ID="r2l14"
                         BASELINE="541"
                         HEIGHT="53"
                         WIDTH="901"
                         VPOS="488"
                         HPOS="203">
                  <String HEIGHT="53"
                          WIDTH="158"
                          VPOS="488"
                          HPOS="192"
                          CONTENT="existente:"/>
                  <SP HEIGHT="53" WIDTH="11" VPOS="488" HPOS="349"/>
                  <String HEIGHT="53" WIDTH="68" VPOS="488" HPOS="316" CONTENT="et"/>
                  <SP HEIGHT="53" WIDTH="11" VPOS="488" HPOS="383"/>
                  <String HEIGHT="53" WIDTH="79" VPOS="488" HPOS="349" CONTENT="cum"/>
                  <SP HEIGHT="53" WIDTH="11" VPOS="488" HPOS="428"/>
                  <String HEIGHT="53" WIDTH="79" VPOS="488" HPOS="394" CONTENT="hoc"/>
                  <SP HEIGHT="53" WIDTH="11" VPOS="488" HPOS="473"/>
                  <String HEIGHT="53"
                          WIDTH="101"
                          VPOS="488"
                          HPOS="440"
                          CONTENT="ipsum"/>
                  <SP HEIGHT="53" WIDTH="11" VPOS="488" HPOS="541"/>
                  <String HEIGHT="53" WIDTH="79" VPOS="488" HPOS="507" CONTENT="non"/>
                  <SP HEIGHT="53" WIDTH="11" VPOS="488" HPOS="586"/>
                  <String HEIGHT="53" WIDTH="90" VPOS="488" HPOS="552" CONTENT="fiat"/>
                  <SP HEIGHT="53" WIDTH="11" VPOS="488" HPOS="642"/>
                  <String HEIGHT="53"
                          WIDTH="124"
                          VPOS="488"
                          HPOS="608"
                          CONTENT="aliquid"/>
                  <SP HEIGHT="53" WIDTH="11" VPOS="488" HPOS="732"/>
                  <String HEIGHT="53"
                          WIDTH="169"
                          VPOS="488"
                          HPOS="699"
                          CONTENT="praexistens"/>
                  <SP HEIGHT="53" WIDTH="11" VPOS="488" HPOS="867"/>
                  <String HEIGHT="53" WIDTH="79" VPOS="488" HPOS="834" CONTENT="vel"/>
                  <SP HEIGHT="53" WIDTH="11" VPOS="488" HPOS="913"/>
                  <String HEIGHT="53"
                          WIDTH="146"
                          VPOS="488"
                          HPOS="879"
                          CONTENT="existens:"/>
                  <SP HEIGHT="53" WIDTH="11" VPOS="488" HPOS="1025"/>
                  <String HEIGHT="53" WIDTH="90" VPOS="488" HPOS="991" CONTENT="quod"/>
                  <SP HEIGHT="53" WIDTH="11" VPOS="488" HPOS="1081"/>
                  <String HEIGHT="53"
                          WIDTH="68"
                          VPOS="488"
                          HPOS="1036"
                          CONTENT="illa"/>
               </TextLine>
               <TextLine ID="r2l16"
                         BASELINE="586"
                         HEIGHT="57"
                         WIDTH="898"
                         VPOS="529"
                         HPOS="197">
                  <String HEIGHT="57"
                          WIDTH="198"
                          VPOS="529"
                          HPOS="184"
                          CONTENT="productione"/>
                  <SP HEIGHT="57" WIDTH="13" VPOS="529" HPOS="382"/>
                  <String HEIGHT="57" WIDTH="92" VPOS="529" HPOS="342" CONTENT="non"/>
                  <SP HEIGHT="57" WIDTH="13" VPOS="529" HPOS="435"/>
                  <String HEIGHT="57"
                          WIDTH="132"
                          VPOS="529"
                          HPOS="395"
                          CONTENT="capiat"/>
                  <SP HEIGHT="57" WIDTH="13" VPOS="529" HPOS="527"/>
                  <String HEIGHT="57"
                          WIDTH="119"
                          VPOS="529"
                          HPOS="488"
                          CONTENT="esse:"/>
                  <SP HEIGHT="57" WIDTH="13" VPOS="529" HPOS="606"/>
                  <String HEIGHT="57" WIDTH="79" VPOS="529" HPOS="567" CONTENT="et"/>
                  <SP HEIGHT="57" WIDTH="13" VPOS="529" HPOS="646"/>
                  <String HEIGHT="57"
                          WIDTH="106"
                          VPOS="529"
                          HPOS="606"
                          CONTENT="isto"/>
                  <SP HEIGHT="57" WIDTH="13" VPOS="529" HPOS="712"/>
                  <String HEIGHT="57"
                          WIDTH="106"
                          VPOS="529"
                          HPOS="672"
                          CONTENT="modo"/>
                  <SP HEIGHT="57" WIDTH="13" VPOS="529" HPOS="778"/>
                  <String HEIGHT="57"
                          WIDTH="158"
                          VPOS="529"
                          HPOS="738"
                          CONTENT="creatura"/>
                  <SP HEIGHT="57" WIDTH="13" VPOS="529" HPOS="897"/>
                  <String HEIGHT="57"
                          WIDTH="145"
                          VPOS="529"
                          HPOS="857"
                          CONTENT="simplex"/>
                  <SP HEIGHT="57" WIDTH="13" VPOS="529" HPOS="1003"/>
                  <String HEIGHT="57"
                          WIDTH="132"
                          VPOS="529"
                          HPOS="963"
                          CONTENT="etiam:"/>
                  <SP HEIGHT="57" WIDTH="13" VPOS="529" HPOS="1095"/>
                  <String HEIGHT="57" WIDTH="53" VPOS="529" HPOS="1042" CONTENT="si"/>
               </TextLine>
               <TextLine ID="r2l18"
                         BASELINE="621"
                         HEIGHT="48"
                         WIDTH="878"
                         VPOS="573"
                         HPOS="210">
                  <String HEIGHT="48" WIDTH="88" VPOS="573" HPOS="195" CONTENT="ab"/>
                  <SP HEIGHT="48" WIDTH="15" VPOS="573" HPOS="283"/>
                  <String HEIGHT="48"
                          WIDTH="146"
                          VPOS="573"
                          HPOS="239"
                          CONTENT="eterno"/>
                  <SP HEIGHT="48" WIDTH="15" VPOS="573" HPOS="386"/>
                  <String HEIGHT="48"
                          WIDTH="161"
                          VPOS="573"
                          HPOS="342"
                          CONTENT="fuisset"/>
                  <SP HEIGHT="48" WIDTH="15" VPOS="573" HPOS="503"/>
                  <String HEIGHT="48"
                          WIDTH="190"
                          VPOS="573"
                          HPOS="459"
                          CONTENT="producta:"/>
                  <SP HEIGHT="48" WIDTH="15" VPOS="573" HPOS="649"/>
                  <String HEIGHT="48"
                          WIDTH="161"
                          VPOS="573"
                          HPOS="605"
                          CONTENT="fuisset"/>
                  <SP HEIGHT="48" WIDTH="15" VPOS="573" HPOS="766"/>
                  <String HEIGHT="48"
                          WIDTH="176"
                          VPOS="573"
                          HPOS="722"
                          CONTENT="producta"/>
                  <SP HEIGHT="48" WIDTH="15" VPOS="573" HPOS="898"/>
                  <String HEIGHT="48" WIDTH="88" VPOS="573" HPOS="854" CONTENT="de"/>
                  <SP HEIGHT="48" WIDTH="15" VPOS="573" HPOS="942"/>
                  <String HEIGHT="48"
                          WIDTH="161"
                          VPOS="573"
                          HPOS="898"
                          CONTENT="nihilo."/>
                  <SP HEIGHT="48" WIDTH="15" VPOS="573" HPOS="1059"/>
                  <String HEIGHT="48"
                          WIDTH="88"
                          VPOS="573"
                          HPOS="1000"
                          CONTENT="Alio"/>
               </TextLine>
               <TextLine ID="r2l20"
                         BASELINE="667"
                         HEIGHT="52"
                         WIDTH="897"
                         VPOS="615"
                         HPOS="197">
                  <String HEIGHT="52" WIDTH="97" VPOS="615" HPOS="185" CONTENT="quod"/>
                  <SP HEIGHT="52" WIDTH="12" VPOS="615" HPOS="282"/>
                  <String HEIGHT="52" WIDTH="85" VPOS="615" HPOS="245" CONTENT="sit"/>
                  <SP HEIGHT="52" WIDTH="12" VPOS="615" HPOS="330"/>
                  <String HEIGHT="52"
                          WIDTH="158"
                          VPOS="615"
                          HPOS="294"
                          CONTENT="productum"/>
                  <SP HEIGHT="52" WIDTH="12" VPOS="615" HPOS="452"/>
                  <String HEIGHT="52" WIDTH="85" VPOS="615" HPOS="415" CONTENT="non"/>
                  <SP HEIGHT="52" WIDTH="12" VPOS="615" HPOS="500"/>
                  <String HEIGHT="52" WIDTH="73" VPOS="615" HPOS="464" CONTENT="de"/>
                  <SP HEIGHT="52" WIDTH="12" VPOS="615" HPOS="536"/>
                  <String HEIGHT="52"
                          WIDTH="121"
                          VPOS="615"
                          HPOS="500"
                          CONTENT="aliquo"/>
                  <SP HEIGHT="52" WIDTH="12" VPOS="615" HPOS="621"/>
                  <String HEIGHT="52" WIDTH="73" VPOS="615" HPOS="585" CONTENT="in"/>
                  <SP HEIGHT="52" WIDTH="12" VPOS="615" HPOS="658"/>
                  <String HEIGHT="52"
                          WIDTH="158"
                          VPOS="615"
                          HPOS="621"
                          CONTENT="praedicto"/>
                  <SP HEIGHT="52" WIDTH="12" VPOS="615" HPOS="779"/>
                  <String HEIGHT="52"
                          WIDTH="121"
                          VPOS="615"
                          HPOS="742"
                          CONTENT="sensu:"/>
                  <SP HEIGHT="52" WIDTH="12" VPOS="615" HPOS="864"/>
                  <String HEIGHT="52"
                          WIDTH="109"
                          VPOS="615"
                          HPOS="827"
                          CONTENT="tamen"/>
                  <SP HEIGHT="52" WIDTH="12" VPOS="615" HPOS="936"/>
                  <String HEIGHT="52"
                          WIDTH="109"
                          VPOS="615"
                          HPOS="900"
                          CONTENT="ipsum"/>
                  <SP HEIGHT="52" WIDTH="12" VPOS="615" HPOS="1009"/>
                  <String HEIGHT="52" WIDTH="85" VPOS="615" HPOS="973" CONTENT="sit"/>
                  <SP HEIGHT="52" WIDTH="12" VPOS="615" HPOS="1058"/>
                  <String HEIGHT="52"
                          WIDTH="85"
                          VPOS="615"
                          HPOS="1009"
                          CONTENT="produ"/>
               </TextLine>
               <TextLine ID="r2l22"
                         BASELINE="707"
                         HEIGHT="47"
                         WIDTH="905"
                         VPOS="660"
                         HPOS="192">
                  <String HEIGHT="47" WIDTH="97" VPOS="660" HPOS="180" CONTENT="ctum"/>
                  <SP HEIGHT="47" WIDTH="12" VPOS="660" HPOS="276"/>
                  <String HEIGHT="47"
                          WIDTH="145"
                          VPOS="660"
                          HPOS="240"
                          CONTENT="aliquid:"/>
                  <SP HEIGHT="47" WIDTH="12" VPOS="660" HPOS="385"/>
                  <String HEIGHT="47" WIDTH="84" VPOS="660" HPOS="349" CONTENT="seu"/>
                  <SP HEIGHT="47" WIDTH="12" VPOS="660" HPOS="433"/>
                  <String HEIGHT="47"
                          WIDTH="121"
                          VPOS="660"
                          HPOS="397"
                          CONTENT="aliqua"/>
                  <SP HEIGHT="47" WIDTH="12" VPOS="660" HPOS="518"/>
                  <String HEIGHT="47"
                          WIDTH="133"
                          VPOS="660"
                          HPOS="482"
                          CONTENT="entitas"/>
                  <SP HEIGHT="47" WIDTH="12" VPOS="660" HPOS="614"/>
                  <String HEIGHT="47"
                          WIDTH="121"
                          VPOS="660"
                          HPOS="578"
                          CONTENT="semper"/>
                  <SP HEIGHT="47" WIDTH="12" VPOS="660" HPOS="699"/>
                  <String HEIGHT="47"
                          WIDTH="145"
                          VPOS="660"
                          HPOS="663"
                          CONTENT="existens"/>
                  <SP HEIGHT="47" WIDTH="12" VPOS="660" HPOS="807"/>
                  <String HEIGHT="47" WIDTH="72" VPOS="660" HPOS="771" CONTENT="et"/>
                  <SP HEIGHT="47" WIDTH="12" VPOS="660" HPOS="844"/>
                  <String HEIGHT="47" WIDTH="84" VPOS="660" HPOS="807" CONTENT="per"/>
                  <SP HEIGHT="47" WIDTH="12" VPOS="660" HPOS="892"/>
                  <String HEIGHT="47"
                          WIDTH="121"
                          VPOS="660"
                          HPOS="856"
                          CONTENT="nullam"/>
                  <SP HEIGHT="47" WIDTH="12" VPOS="660" HPOS="976"/>
                  <String HEIGHT="47"
                          WIDTH="169"
                          VPOS="660"
                          HPOS="928"
                          CONTENT="productionem"/>
               </TextLine>
               <TextLine ID="r2l25"
                         BASELINE="747"
                         HEIGHT="47"
                         WIDTH="882"
                         VPOS="700"
                         HPOS="211">
                  <String HEIGHT="47"
                          WIDTH="161"
                          VPOS="700"
                          HPOS="199"
                          CONTENT="accipiens"/>
                  <SP HEIGHT="47" WIDTH="12" VPOS="700" HPOS="360"/>
                  <String HEIGHT="47"
                          WIDTH="112"
                          VPOS="700"
                          HPOS="323"
                          CONTENT="esse:"/>
                  <SP HEIGHT="47" WIDTH="12" VPOS="700" HPOS="435"/>
                  <String HEIGHT="47" WIDTH="75" VPOS="700" HPOS="397" CONTENT="et"/>
                  <SP HEIGHT="47" WIDTH="12" VPOS="700" HPOS="472"/>
                  <String HEIGHT="47" WIDTH="87" VPOS="700" HPOS="435" CONTENT="hoc"/>
                  <SP HEIGHT="47" WIDTH="12" VPOS="700" HPOS="522"/>
                  <String HEIGHT="47" WIDTH="87" VPOS="700" HPOS="484" CONTENT="non"/>
                  <SP HEIGHT="47" WIDTH="12" VPOS="700" HPOS="571"/>
                  <String HEIGHT="47" WIDTH="87" VPOS="700" HPOS="534" CONTENT="est"/>
                  <SP HEIGHT="47" WIDTH="12" VPOS="700" HPOS="621"/>
                  <String HEIGHT="47"
                          WIDTH="137"
                          VPOS="700"
                          HPOS="584"
                          CONTENT="proprie"/>
                  <SP HEIGHT="47" WIDTH="12" VPOS="700" HPOS="720"/>
                  <String HEIGHT="47"
                          WIDTH="137"
                          VPOS="700"
                          HPOS="683"
                          CONTENT="produci"/>
                  <SP HEIGHT="47" WIDTH="12" VPOS="700" HPOS="820"/>
                  <String HEIGHT="47" WIDTH="75" VPOS="700" HPOS="782" CONTENT="de"/>
                  <SP HEIGHT="47" WIDTH="12" VPOS="700" HPOS="857"/>
                  <String HEIGHT="47"
                          WIDTH="124"
                          VPOS="700"
                          HPOS="820"
                          CONTENT="nihilo"/>
                  <SP HEIGHT="47" WIDTH="12" VPOS="700" HPOS="944"/>
                  <String HEIGHT="47" WIDTH="75" VPOS="700" HPOS="907" CONTENT="ad"/>
                  <SP HEIGHT="47" WIDTH="12" VPOS="700" HPOS="981"/>
                  <String HEIGHT="47"
                          WIDTH="161"
                          VPOS="700"
                          HPOS="932"
                          CONTENT="intellectum"/>
               </TextLine>
               <TextLine ID="r2l26"
                         BASELINE="793"
                         HEIGHT="48"
                         WIDTH="888"
                         VPOS="745"
                         HPOS="203">
                  <String HEIGHT="48" WIDTH="96" VPOS="745" HPOS="189" CONTENT="quo"/>
                  <SP HEIGHT="48" WIDTH="14" VPOS="745" HPOS="285"/>
                  <String HEIGHT="48"
                          WIDTH="191"
                          VPOS="745"
                          HPOS="244"
                          CONTENT="communiter"/>
                  <SP HEIGHT="48" WIDTH="14" VPOS="745" HPOS="435"/>
                  <String HEIGHT="48"
                          WIDTH="150"
                          VPOS="745"
                          HPOS="394"
                          CONTENT="dicimus"/>
                  <SP HEIGHT="48" WIDTH="14" VPOS="745" HPOS="545"/>
                  <String HEIGHT="48"
                          WIDTH="178"
                          VPOS="745"
                          HPOS="504"
                          CONTENT="creaturam"/>
                  <SP HEIGHT="48" WIDTH="14" VPOS="745" HPOS="681"/>
                  <String HEIGHT="48"
                          WIDTH="123"
                          VPOS="745"
                          HPOS="640"
                          CONTENT="fieri"/>
                  <SP HEIGHT="48" WIDTH="14" VPOS="745" HPOS="763"/>
                  <String HEIGHT="48" WIDTH="82" VPOS="745" HPOS="722" CONTENT="ex"/>
                  <SP HEIGHT="48" WIDTH="14" VPOS="745" HPOS="804"/>
                  <String HEIGHT="48"
                          WIDTH="137"
                          VPOS="745"
                          HPOS="763"
                          CONTENT="nihilo"/>
                  <SP HEIGHT="48" WIDTH="14" VPOS="745" HPOS="900"/>
                  <String HEIGHT="48" WIDTH="96" VPOS="745" HPOS="859" CONTENT="vel"/>
                  <SP HEIGHT="48" WIDTH="14" VPOS="745" HPOS="954"/>
                  <String HEIGHT="48"
                          WIDTH="150"
                          VPOS="745"
                          HPOS="913"
                          CONTENT="creari:"/>
                  <SP HEIGHT="48" WIDTH="14" VPOS="745" HPOS="1064"/>
                  <String HEIGHT="48"
                          WIDTH="82"
                          VPOS="745"
                          HPOS="1009"
                          CONTENT="lice"/>
               </TextLine>
               <TextLine ID="r2l29"
                         BASELINE="835"
                         HEIGHT="47"
                         WIDTH="897"
                         VPOS="788"
                         HPOS="204">
                  <String HEIGHT="47" WIDTH="78" VPOS="788" HPOS="193" CONTENT="sit"/>
                  <SP HEIGHT="47" WIDTH="11" VPOS="788" HPOS="270"/>
                  <String HEIGHT="47" WIDTH="78" VPOS="788" HPOS="237" CONTENT="non"/>
                  <SP HEIGHT="47" WIDTH="11" VPOS="788" HPOS="315"/>
                  <String HEIGHT="47" WIDTH="66" VPOS="788" HPOS="282" CONTENT="de"/>
                  <SP HEIGHT="47" WIDTH="11" VPOS="788" HPOS="348"/>
                  <String HEIGHT="47"
                          WIDTH="111"
                          VPOS="788"
                          HPOS="315"
                          CONTENT="aliquo"/>
                  <SP HEIGHT="47" WIDTH="11" VPOS="788" HPOS="425"/>
                  <String HEIGHT="47"
                          WIDTH="122"
                          VPOS="788"
                          HPOS="392"
                          CONTENT="tamquam"/>
                  <SP HEIGHT="47" WIDTH="11" VPOS="788" HPOS="514"/>
                  <String HEIGHT="47" WIDTH="66" VPOS="788" HPOS="481" CONTENT="ex"/>
                  <SP HEIGHT="47" WIDTH="11" VPOS="788" HPOS="547"/>
                  <String HEIGHT="47"
                          WIDTH="122"
                          VPOS="788"
                          HPOS="514"
                          CONTENT="materia"/>
                  <SP HEIGHT="47" WIDTH="11" VPOS="788" HPOS="636"/>
                  <String HEIGHT="47"
                          WIDTH="133"
                          VPOS="788"
                          HPOS="603"
                          CONTENT="produci."/>
                  <SP HEIGHT="47" WIDTH="11" VPOS="788" HPOS="736"/>
                  <String HEIGHT="47" WIDTH="89" VPOS="788" HPOS="702" CONTENT="quod"/>
                  <SP HEIGHT="47" WIDTH="11" VPOS="788" HPOS="791"/>
                  <String HEIGHT="47" WIDTH="66" VPOS="788" HPOS="758" CONTENT="si"/>
                  <SP HEIGHT="47" WIDTH="11" VPOS="788" HPOS="824"/>
                  <String HEIGHT="47" WIDTH="89" VPOS="788" HPOS="791" CONTENT="quod"/>
                  <SP HEIGHT="47" WIDTH="11" VPOS="788" HPOS="880"/>
                  <String HEIGHT="47"
                          WIDTH="122"
                          VPOS="788"
                          HPOS="846"
                          CONTENT="taliter"/>
                  <SP HEIGHT="47" WIDTH="11" VPOS="788" HPOS="968"/>
                  <String HEIGHT="47"
                          WIDTH="155"
                          VPOS="788"
                          HPOS="935"
                          CONTENT="producitur"/>
                  <SP HEIGHT="47" WIDTH="11" VPOS="788" HPOS="1090"/>
                  <String HEIGHT="47" WIDTH="55" VPOS="788" HPOS="1046" CONTENT="vel"/>
               </TextLine>
               <TextLine ID="r2l31"
                         BASELINE="888"
                         HEIGHT="53"
                         WIDTH="906"
                         VPOS="835"
                         HPOS="194">
                  <String HEIGHT="53"
                          WIDTH="127"
                          VPOS="835"
                          HPOS="180"
                          CONTENT="lemus"/>
                  <SP HEIGHT="53" WIDTH="14" VPOS="835" HPOS="307"/>
                  <String HEIGHT="53"
                          WIDTH="142"
                          VPOS="835"
                          HPOS="265"
                          CONTENT="dicere"/>
                  <SP HEIGHT="53" WIDTH="14" VPOS="835" HPOS="406"/>
                  <String HEIGHT="53"
                          WIDTH="156"
                          VPOS="835"
                          HPOS="364"
                          CONTENT="produci"/>
                  <SP HEIGHT="53" WIDTH="14" VPOS="835" HPOS="520"/>
                  <String HEIGHT="53" WIDTH="85" VPOS="835" HPOS="477" CONTENT="ex"/>
                  <SP HEIGHT="53" WIDTH="14" VPOS="835" HPOS="562"/>
                  <String HEIGHT="53"
                          WIDTH="156"
                          VPOS="835"
                          HPOS="520"
                          CONTENT="nihilo:"/>
                  <SP HEIGHT="53" WIDTH="14" VPOS="835" HPOS="675"/>
                  <String HEIGHT="53"
                          WIDTH="113"
                          VPOS="835"
                          HPOS="633"
                          CONTENT="quod"/>
                  <SP HEIGHT="53" WIDTH="14" VPOS="835" HPOS="746"/>
                  <String HEIGHT="53"
                          WIDTH="127"
                          VPOS="835"
                          HPOS="704"
                          CONTENT="tamen"/>
                  <SP HEIGHT="53" WIDTH="14" VPOS="835" HPOS="831"/>
                  <String HEIGHT="53" WIDTH="99" VPOS="835" HPOS="789" CONTENT="nec"/>
                  <SP HEIGHT="53" WIDTH="14" VPOS="835" HPOS="888"/>
                  <String HEIGHT="53"
                          WIDTH="127"
                          VPOS="835"
                          HPOS="845"
                          CONTENT="recte"/>
                  <SP HEIGHT="53" WIDTH="14" VPOS="835" HPOS="973"/>
                  <String HEIGHT="53" WIDTH="99" VPOS="835" HPOS="930" CONTENT="nec"/>
                  <SP HEIGHT="53" WIDTH="14" VPOS="835" HPOS="1029"/>
                  <String HEIGHT="53"
                          WIDTH="127"
                          VPOS="835"
                          HPOS="973"
                          CONTENT="proprie"/>
               </TextLine>
               <TextLine ID="r2l32"
                         BASELINE="919"
                         HEIGHT="44"
                         WIDTH="889"
                         VPOS="875"
                         HPOS="206">
                  <String HEIGHT="44"
                          WIDTH="129"
                          VPOS="875"
                          HPOS="193"
                          CONTENT="dictum"/>
                  <SP HEIGHT="44" WIDTH="13" VPOS="875" HPOS="322"/>
                  <String HEIGHT="44"
                          WIDTH="103"
                          VPOS="875"
                          HPOS="283"
                          CONTENT="est:"/>
                  <SP HEIGHT="44" WIDTH="13" VPOS="875" HPOS="386"/>
                  <String HEIGHT="44"
                          WIDTH="103"
                          VPOS="875"
                          HPOS="348"
                          CONTENT="tunc"/>
                  <SP HEIGHT="44" WIDTH="13" VPOS="875" HPOS="451"/>
                  <String HEIGHT="44"
                          WIDTH="103"
                          VPOS="875"
                          HPOS="412"
                          CONTENT="dico"/>
                  <SP HEIGHT="44" WIDTH="13" VPOS="875" HPOS="515"/>
                  <String HEIGHT="44"
                          WIDTH="103"
                          VPOS="875"
                          HPOS="477"
                          CONTENT="quod"/>
                  <SP HEIGHT="44" WIDTH="13" VPOS="875" HPOS="580"/>
                  <String HEIGHT="44" WIDTH="77" VPOS="875" HPOS="541" CONTENT="de"/>
                  <SP HEIGHT="44" WIDTH="13" VPOS="875" HPOS="618"/>
                  <String HEIGHT="44"
                          WIDTH="129"
                          VPOS="875"
                          HPOS="580"
                          CONTENT="nihilo"/>
                  <SP HEIGHT="44" WIDTH="13" VPOS="875" HPOS="708"/>
                  <String HEIGHT="44"
                          WIDTH="129"
                          VPOS="875"
                          HPOS="670"
                          CONTENT="filius"/>
                  <SP HEIGHT="44" WIDTH="13" VPOS="875" HPOS="799"/>
                  <String HEIGHT="44" WIDTH="90" VPOS="875" HPOS="760" CONTENT="sit"/>
                  <SP HEIGHT="44" WIDTH="13" VPOS="875" HPOS="850"/>
                  <String HEIGHT="44"
                          WIDTH="180"
                          VPOS="875"
                          HPOS="812"
                          CONTENT="productus:"/>
                  <SP HEIGHT="44" WIDTH="13" VPOS="875" HPOS="992"/>
                  <String HEIGHT="44"
                          WIDTH="155"
                          VPOS="875"
                          HPOS="940"
                          CONTENT="nullatenus"/>
               </TextLine>
               <TextLine ID="r2l35"
                         BASELINE="963"
                         HEIGHT="48"
                         WIDTH="886"
                         VPOS="915"
                         HPOS="203">
                  <String HEIGHT="48"
                          WIDTH="104"
                          VPOS="915"
                          HPOS="191"
                          CONTENT="tamen"/>
                  <SP HEIGHT="48" WIDTH="12" VPOS="915" HPOS="295"/>
                  <String HEIGHT="48" WIDTH="69" VPOS="915" HPOS="261" CONTENT="in"/>
                  <SP HEIGHT="48" WIDTH="12" VPOS="915" HPOS="330"/>
                  <String HEIGHT="48"
                          WIDTH="104"
                          VPOS="915"
                          HPOS="295"
                          CONTENT="dicto"/>
                  <SP HEIGHT="48" WIDTH="12" VPOS="915" HPOS="399"/>
                  <String HEIGHT="48"
                          WIDTH="104"
                          VPOS="915"
                          HPOS="364"
                          CONTENT="primo"/>
                  <SP HEIGHT="48" WIDTH="12" VPOS="915" HPOS="468"/>
                  <String HEIGHT="48"
                          WIDTH="115"
                          VPOS="915"
                          HPOS="433"
                          CONTENT="sensu."/>
                  <SP HEIGHT="48" WIDTH="12" VPOS="915" HPOS="548"/>
                  <String HEIGHT="48" WIDTH="81" VPOS="915" HPOS="514" CONTENT="Nam"/>
                  <SP HEIGHT="48" WIDTH="12" VPOS="915" HPOS="594"/>
                  <String HEIGHT="48"
                          WIDTH="115"
                          VPOS="915"
                          HPOS="560"
                          CONTENT="filius"/>
                  <SP HEIGHT="48" WIDTH="12" VPOS="915" HPOS="675"/>
                  <String HEIGHT="48"
                          WIDTH="104"
                          VPOS="915"
                          HPOS="640"
                          CONTENT="licet"/>
                  <SP HEIGHT="48" WIDTH="12" VPOS="915" HPOS="744"/>
                  <String HEIGHT="48" WIDTH="81" VPOS="915" HPOS="709" CONTENT="non"/>
                  <SP HEIGHT="48" WIDTH="12" VPOS="915" HPOS="790"/>
                  <String HEIGHT="48" WIDTH="81" VPOS="915" HPOS="755" CONTENT="sit"/>
                  <SP HEIGHT="48" WIDTH="12" VPOS="915" HPOS="836"/>
                  <String HEIGHT="48"
                          WIDTH="150"
                          VPOS="915"
                          HPOS="801"
                          CONTENT="productus"/>
                  <SP HEIGHT="48" WIDTH="12" VPOS="915" HPOS="951"/>
                  <String HEIGHT="48" WIDTH="69" VPOS="915" HPOS="916" CONTENT="in"/>
                  <SP HEIGHT="48" WIDTH="12" VPOS="915" HPOS="985"/>
                  <String HEIGHT="48"
                          WIDTH="115"
                          VPOS="915"
                          HPOS="951"
                          CONTENT="aliquo"/>
                  <SP HEIGHT="48" WIDTH="12" VPOS="915" HPOS="1066"/>
                  <String HEIGHT="48"
                          WIDTH="69"
                          VPOS="915"
                          HPOS="1020"
                          CONTENT="quod"/>
               </TextLine>
               <TextLine ID="r2l36"
                         BASELINE="1012"
                         HEIGHT="52"
                         WIDTH="885"
                         VPOS="960"
                         HPOS="197">
                  <String HEIGHT="52" WIDTH="89" VPOS="960" HPOS="184" CONTENT="sit"/>
                  <SP HEIGHT="52" WIDTH="13" VPOS="960" HPOS="273"/>
                  <String HEIGHT="52"
                          WIDTH="190"
                          VPOS="960"
                          HPOS="235"
                          CONTENT="intrinsecem"/>
                  <SP HEIGHT="52" WIDTH="13" VPOS="960" HPOS="425"/>
                  <String HEIGHT="52"
                          WIDTH="114"
                          VPOS="960"
                          HPOS="387"
                          CONTENT="eius:"/>
                  <SP HEIGHT="52" WIDTH="13" VPOS="960" HPOS="500"/>
                  <String HEIGHT="52" WIDTH="89" VPOS="960" HPOS="463" CONTENT="cum"/>
                  <SP HEIGHT="52" WIDTH="13" VPOS="960" HPOS="551"/>
                  <String HEIGHT="52"
                          WIDTH="101"
                          VPOS="960"
                          HPOS="513"
                          CONTENT="ipse"/>
                  <SP HEIGHT="52" WIDTH="13" VPOS="960" HPOS="614"/>
                  <String HEIGHT="52" WIDTH="89" VPOS="960" HPOS="576" CONTENT="sit"/>
                  <SP HEIGHT="52" WIDTH="13" VPOS="960" HPOS="665"/>
                  <String HEIGHT="52"
                          WIDTH="139"
                          VPOS="960"
                          HPOS="627"
                          CONTENT="penitus"/>
                  <SP HEIGHT="52" WIDTH="13" VPOS="960" HPOS="766"/>
                  <String HEIGHT="52"
                          WIDTH="152"
                          VPOS="960"
                          HPOS="728"
                          CONTENT="simplex:"/>
                  <SP HEIGHT="52" WIDTH="13" VPOS="960" HPOS="880"/>
                  <String HEIGHT="52" WIDTH="89" VPOS="960" HPOS="842" CONTENT="nec"/>
                  <SP HEIGHT="52" WIDTH="13" VPOS="960" HPOS="930"/>
                  <String HEIGHT="52" WIDTH="76" VPOS="960" HPOS="892" CONTENT="de"/>
                  <SP HEIGHT="52" WIDTH="13" VPOS="960" HPOS="968"/>
                  <String HEIGHT="52"
                          WIDTH="126"
                          VPOS="960"
                          HPOS="930"
                          CONTENT="aliquo"/>
                  <SP HEIGHT="52" WIDTH="13" VPOS="960" HPOS="1057"/>
                  <String HEIGHT="52"
                          WIDTH="76"
                          VPOS="960"
                          HPOS="1006"
                          CONTENT="quod"/>
               </TextLine>
               <TextLine ID="r2l39"
                         BASELINE="1062"
                         HEIGHT="56"
                         WIDTH="900"
                         VPOS="1006"
                         HPOS="191">
                  <String HEIGHT="56" WIDTH="84" VPOS="1006" HPOS="179" CONTENT="sit"/>
                  <SP HEIGHT="56" WIDTH="12" VPOS="1006" HPOS="263"/>
                  <String HEIGHT="56"
                          WIDTH="108"
                          VPOS="1006"
                          HPOS="227"
                          CONTENT="ipse:"/>
                  <SP HEIGHT="56" WIDTH="12" VPOS="1006" HPOS="335"/>
                  <String HEIGHT="56" WIDTH="84" VPOS="1006" HPOS="299" CONTENT="cum"/>
                  <SP HEIGHT="56" WIDTH="12" VPOS="1006" HPOS="383"/>
                  <String HEIGHT="56"
                          WIDTH="108"
                          VPOS="1006"
                          HPOS="347"
                          CONTENT="nihil"/>
                  <SP HEIGHT="56" WIDTH="12" VPOS="1006" HPOS="455"/>
                  <String HEIGHT="56" WIDTH="84" VPOS="1006" HPOS="419" CONTENT="sit"/>
                  <SP HEIGHT="56" WIDTH="12" VPOS="1006" HPOS="503"/>
                  <String HEIGHT="56"
                          WIDTH="108"
                          VPOS="1006"
                          HPOS="467"
                          CONTENT="illud"/>
                  <SP HEIGHT="56" WIDTH="12" VPOS="1006" HPOS="575"/>
                  <String HEIGHT="56" WIDTH="72" VPOS="1006" HPOS="539" CONTENT="de"/>
                  <SP HEIGHT="56" WIDTH="12" VPOS="1006" HPOS="611"/>
                  <String HEIGHT="56" WIDTH="84" VPOS="1006" HPOS="575" CONTENT="quo"/>
                  <SP HEIGHT="56" WIDTH="12" VPOS="1006" HPOS="659"/>
                  <String HEIGHT="56"
                          WIDTH="96"
                          VPOS="1006"
                          HPOS="623"
                          CONTENT="est:"/>
                  <SP HEIGHT="56" WIDTH="12" VPOS="1006" HPOS="719"/>
                  <String HEIGHT="56" WIDTH="84" VPOS="1006" HPOS="683" CONTENT="nec"/>
                  <SP HEIGHT="56" WIDTH="12" VPOS="1006" HPOS="767"/>
                  <String HEIGHT="56"
                          WIDTH="156"
                          VPOS="1006"
                          HPOS="731"
                          CONTENT="econverso"/>
                  <SP HEIGHT="56" WIDTH="12" VPOS="1006" HPOS="887"/>
                  <String HEIGHT="56" WIDTH="72" VPOS="1006" HPOS="851" CONTENT="vt"/>
                  <SP HEIGHT="56" WIDTH="12" VPOS="1006" HPOS="923"/>
                  <String HEIGHT="56"
                          WIDTH="108"
                          VPOS="1006"
                          HPOS="887"
                          CONTENT="patet"/>
                  <SP HEIGHT="56" WIDTH="12" VPOS="1006" HPOS="995"/>
                  <String HEIGHT="56"
                          WIDTH="120"
                          VPOS="1006"
                          HPOS="959"
                          CONTENT="supra."/>
                  <SP HEIGHT="56" WIDTH="12" VPOS="1006" HPOS="1079"/>
                  <String HEIGHT="56"
                          WIDTH="60"
                          VPOS="1006"
                          HPOS="1031"
                          CONTENT="est"/>
               </TextLine>
               <TextLine ID="r2l40"
                         BASELINE="1103"
                         HEIGHT="54"
                         WIDTH="906"
                         VPOS="1049"
                         HPOS="192">
                  <String HEIGHT="54"
                          WIDTH="103"
                          VPOS="1049"
                          HPOS="181"
                          CONTENT="tamen"/>
                  <SP HEIGHT="54" WIDTH="11" VPOS="1049" HPOS="284"/>
                  <String HEIGHT="54"
                          WIDTH="149"
                          VPOS="1049"
                          HPOS="249"
                          CONTENT="productus"/>
                  <SP HEIGHT="54" WIDTH="11" VPOS="1049" HPOS="398"/>
                  <String HEIGHT="54"
                          WIDTH="126"
                          VPOS="1049"
                          HPOS="364"
                          CONTENT="aliquid"/>
                  <SP HEIGHT="54" WIDTH="11" VPOS="1049" HPOS="490"/>
                  <String HEIGHT="54" WIDTH="69" VPOS="1049" HPOS="456" CONTENT="et"/>
                  <SP HEIGHT="54" WIDTH="11" VPOS="1049" HPOS="525"/>
                  <String HEIGHT="54" WIDTH="69" VPOS="1049" HPOS="490" CONTENT="si"/>
                  <SP HEIGHT="54" WIDTH="11" VPOS="1049" HPOS="559"/>
                  <String HEIGHT="54" WIDTH="80" VPOS="1049" HPOS="525" CONTENT="non"/>
                  <SP HEIGHT="54" WIDTH="11" VPOS="1049" HPOS="605"/>
                  <String HEIGHT="54"
                          WIDTH="183"
                          VPOS="1049"
                          HPOS="570"
                          CONTENT="praexistens:"/>
                  <SP HEIGHT="54" WIDTH="11" VPOS="1049" HPOS="754"/>
                  <String HEIGHT="54" WIDTH="80" VPOS="1049" HPOS="720" CONTENT="cum"/>
                  <SP HEIGHT="54" WIDTH="11" VPOS="1049" HPOS="800"/>
                  <String HEIGHT="54"
                          WIDTH="92"
                          VPOS="1049"
                          HPOS="765"
                          CONTENT="ipse"/>
                  <SP HEIGHT="54" WIDTH="11" VPOS="1049" HPOS="857"/>
                  <String HEIGHT="54" WIDTH="80" VPOS="1049" HPOS="823" CONTENT="sit"/>
                  <SP HEIGHT="54" WIDTH="11" VPOS="1049" HPOS="903"/>
                  <String HEIGHT="54"
                          WIDTH="138"
                          VPOS="1049"
                          HPOS="869"
                          CONTENT="eternus:"/>
                  <SP HEIGHT="54" WIDTH="11" VPOS="1049" HPOS="1006"/>
                  <String HEIGHT="54"
                          WIDTH="103"
                          VPOS="1049"
                          HPOS="972"
                          CONTENT="tamen"/>
                  <SP HEIGHT="54" WIDTH="11" VPOS="1049" HPOS="1075"/>
                  <String HEIGHT="54"
                          WIDTH="69"
                          VPOS="1049"
                          HPOS="1029"
                          CONTENT="exi"
                          SUBS_TYPE="HypPart1"
                          SUBS_CONTENT="existens"/>
                  <HYP CONTENT="-"/>
               </TextLine>
               <TextLine ID="r2l43"
                         BASELINE="1137"
                         HEIGHT="48"
                         WIDTH="903"
                         VPOS="1089"
                         HPOS="197">
                  <String HEIGHT="48"
                          WIDTH="107"
                          VPOS="1089"
                          HPOS="185"
                          CONTENT="stens"
                          SUBS_TYPE="HypPart2"
                          SUBS_CONTENT="existens"/>
                  <SP HEIGHT="48" WIDTH="12" VPOS="1089" HPOS="292"/>
                  <String HEIGHT="48" WIDTH="71" VPOS="1089" HPOS="256" CONTENT="et"/>
                  <SP HEIGHT="48" WIDTH="12" VPOS="1089" HPOS="328"/>
                  <String HEIGHT="48" WIDTH="83" VPOS="1089" HPOS="292" CONTENT="non"/>
                  <SP HEIGHT="48" WIDTH="12" VPOS="1089" HPOS="375"/>
                  <String HEIGHT="48" WIDTH="83" VPOS="1089" HPOS="340" CONTENT="per"/>
                  <SP HEIGHT="48" WIDTH="12" VPOS="1089" HPOS="423"/>
                  <String HEIGHT="48"
                          WIDTH="190"
                          VPOS="1089"
                          HPOS="387"
                          CONTENT="productionem"/>
                  <SP HEIGHT="48" WIDTH="12" VPOS="1089" HPOS="577"/>
                  <String HEIGHT="48"
                          WIDTH="107"
                          VPOS="1089"
                          HPOS="542"
                          CONTENT="illam"/>
                  <SP HEIGHT="48" WIDTH="12" VPOS="1089" HPOS="648"/>
                  <String HEIGHT="48"
                          WIDTH="154"
                          VPOS="1089"
                          HPOS="613"
                          CONTENT="accipiens"/>
                  <SP HEIGHT="48" WIDTH="12" VPOS="1089" HPOS="767"/>
                  <String HEIGHT="48"
                          WIDTH="107"
                          VPOS="1089"
                          HPOS="732"
                          CONTENT="esse."/>
                  <SP HEIGHT="48" WIDTH="12" VPOS="1089" HPOS="839"/>
                  <String HEIGHT="48" WIDTH="83" VPOS="1089" HPOS="803" CONTENT="Est"/>
                  <SP HEIGHT="48" WIDTH="12" VPOS="1089" HPOS="886"/>
                  <String HEIGHT="48"
                          WIDTH="95"
                          VPOS="1089"
                          HPOS="850"
                          CONTENT="enim"/>
                  <SP HEIGHT="48" WIDTH="12" VPOS="1089" HPOS="946"/>
                  <String HEIGHT="48"
                          WIDTH="95"
                          VPOS="1089"
                          HPOS="910"
                          CONTENT="ipse"/>
                  <SP HEIGHT="48" WIDTH="12" VPOS="1089" HPOS="1005"/>
                  <String HEIGHT="48"
                          WIDTH="131"
                          VPOS="1089"
                          HPOS="969"
                          CONTENT="genitus"/>
                  <SP HEIGHT="48" WIDTH="12" VPOS="1089" HPOS="1100"/>
                  <String HEIGHT="48" WIDTH="48" VPOS="1089" HPOS="1052" CONTENT="et"/>
               </TextLine>
               <TextLine ID="r2l45"
                         BASELINE="1192"
                         HEIGHT="57"
                         WIDTH="892"
                         VPOS="1135"
                         HPOS="200">
                  <String HEIGHT="57"
                          WIDTH="149"
                          VPOS="1135"
                          HPOS="189"
                          CONTENT="productus"/>
                  <SP HEIGHT="57" WIDTH="11" VPOS="1135" HPOS="337"/>
                  <String HEIGHT="57"
                          WIDTH="160"
                          VPOS="1135"
                          HPOS="303"
                          CONTENT="substantia"/>
                  <SP HEIGHT="57" WIDTH="11" VPOS="1135" HPOS="463"/>
                  <String HEIGHT="57"
                          WIDTH="91"
                          VPOS="1135"
                          HPOS="429"
                          CONTENT="illa"/>
                  <SP HEIGHT="57" WIDTH="11" VPOS="1135" HPOS="520"/>
                  <String HEIGHT="57"
                          WIDTH="91"
                          VPOS="1135"
                          HPOS="486"
                          CONTENT="quae"/>
                  <SP HEIGHT="57" WIDTH="11" VPOS="1135" HPOS="577"/>
                  <String HEIGHT="57" WIDTH="80" VPOS="1135" HPOS="543" CONTENT="est"/>
                  <SP HEIGHT="57" WIDTH="11" VPOS="1135" HPOS="623"/>
                  <String HEIGHT="57"
                          WIDTH="137"
                          VPOS="1135"
                          HPOS="589"
                          CONTENT="subiecta"/>
                  <SP HEIGHT="57" WIDTH="11" VPOS="1135" HPOS="726"/>
                  <String HEIGHT="57"
                          WIDTH="126"
                          VPOS="1135"
                          HPOS="692"
                          CONTENT="patris:"/>
                  <SP HEIGHT="57" WIDTH="11" VPOS="1135" HPOS="818"/>
                  <String HEIGHT="57"
                          WIDTH="91"
                          VPOS="1135"
                          HPOS="783"
                          CONTENT="quae"/>
                  <SP HEIGHT="57" WIDTH="11" VPOS="1135" HPOS="875"/>
                  <String HEIGHT="57" WIDTH="80" VPOS="1135" HPOS="840" CONTENT="per"/>
                  <SP HEIGHT="57" WIDTH="11" VPOS="1135" HPOS="920"/>
                  <String HEIGHT="57"
                          WIDTH="114"
                          VPOS="1135"
                          HPOS="886"
                          CONTENT="nullam"/>
                  <SP HEIGHT="57" WIDTH="11" VPOS="1135" HPOS="1001"/>
                  <String HEIGHT="57"
                          WIDTH="137"
                          VPOS="1135"
                          HPOS="955"
                          CONTENT="productio"
                          SUBS_TYPE="HypPart1"
                          SUBS_CONTENT="productionem"/>
                  <HYP CONTENT="-"/>
               </TextLine>
               <TextLine ID="r2l47"
                         BASELINE="1235"
                         HEIGHT="50"
                         WIDTH="902"
                         VPOS="1185"
                         HPOS="192">
                  <String HEIGHT="50"
                          WIDTH="88"
                          VPOS="1185"
                          HPOS="179"
                          CONTENT="nem"
                          SUBS_TYPE="HypPart2"
                          SUBS_CONTENT="productionem"/>
                  <SP HEIGHT="50" WIDTH="13" VPOS="1185" HPOS="267"/>
                  <String HEIGHT="50"
                          WIDTH="138"
                          VPOS="1185"
                          HPOS="230"
                          CONTENT="accipit"/>
                  <SP HEIGHT="50" WIDTH="13" VPOS="1185" HPOS="367"/>
                  <String HEIGHT="50"
                          WIDTH="113"
                          VPOS="1185"
                          HPOS="330"
                          CONTENT="esse:"/>
                  <SP HEIGHT="50" WIDTH="13" VPOS="1185" HPOS="443"/>
                  <String HEIGHT="50"
                          WIDTH="138"
                          VPOS="1185"
                          HPOS="405"
                          CONTENT="quoniam"/>
                  <SP HEIGHT="50" WIDTH="13" VPOS="1185" HPOS="543"/>
                  <String HEIGHT="50"
                          WIDTH="100"
                          VPOS="1185"
                          HPOS="505"
                          CONTENT="tota"/>
                  <SP HEIGHT="50" WIDTH="13" VPOS="1185" HPOS="605"/>
                  <String HEIGHT="50"
                          WIDTH="175"
                          VPOS="1185"
                          HPOS="568"
                          CONTENT="substantia"/>
                  <SP HEIGHT="50" WIDTH="13" VPOS="1185" HPOS="743"/>
                  <String HEIGHT="50"
                          WIDTH="100"
                          VPOS="1185"
                          HPOS="706"
                          CONTENT="eius"/>
                  <SP HEIGHT="50" WIDTH="13" VPOS="1185" HPOS="806"/>
                  <String HEIGHT="50"
                          WIDTH="100"
                          VPOS="1185"
                          HPOS="768"
                          CONTENT="erat"/>
                  <SP HEIGHT="50" WIDTH="13" VPOS="1185" HPOS="869"/>
                  <String HEIGHT="50" WIDTH="75" VPOS="1185" HPOS="831" CONTENT="in"/>
                  <SP HEIGHT="50" WIDTH="13" VPOS="1185" HPOS="906"/>
                  <String HEIGHT="50"
                          WIDTH="113"
                          VPOS="1185"
                          HPOS="869"
                          CONTENT="patre"/>
                  <SP HEIGHT="50" WIDTH="13" VPOS="1185" HPOS="981"/>
                  <String HEIGHT="50"
                          WIDTH="138"
                          VPOS="1185"
                          HPOS="944"
                          CONTENT="penitus"/>
                  <SP HEIGHT="50" WIDTH="13" VPOS="1185" HPOS="1081"/>
                  <String HEIGHT="50"
                          WIDTH="63"
                          VPOS="1185"
                          HPOS="1031"
                          CONTENT="im"
                          SUBS_TYPE="HypPart1"
                          SUBS_CONTENT="improducta."/>
                  <HYP CONTENT="-"/>
               </TextLine>
               <TextLine ID="r2l49"
                         BASELINE="1270"
                         HEIGHT="48"
                         WIDTH="873"
                         VPOS="1222"
                         HPOS="212">
                  <String HEIGHT="48"
                          WIDTH="158"
                          VPOS="1222"
                          HPOS="200"
                          CONTENT="producta."
                          SUBS_TYPE="HypPart2"
                          SUBS_CONTENT="improducta."/>
                  <SP HEIGHT="48" WIDTH="12" VPOS="1222" HPOS="358"/>
                  <String HEIGHT="48" WIDTH="61" VPOS="1222" HPOS="321" CONTENT=""/>
                  <SP HEIGHT="48" WIDTH="12" VPOS="1222" HPOS="382"/>
                  <String HEIGHT="48"
                          WIDTH="97"
                          VPOS="1222"
                          HPOS="345"
                          CONTENT="Unde"/>
                  <SP HEIGHT="48" WIDTH="12" VPOS="1222" HPOS="442"/>
                  <String HEIGHT="48"
                          WIDTH="97"
                          VPOS="1222"
                          HPOS="406"
                          CONTENT="Aug."/>
                  <SP HEIGHT="48" WIDTH="12" VPOS="1222" HPOS="503"/>
                  <String HEIGHT="48" WIDTH="73" VPOS="1222" HPOS="467" CONTENT="5."/>
                  <SP HEIGHT="48" WIDTH="12" VPOS="1222" HPOS="539"/>
                  <String HEIGHT="48" WIDTH="73" VPOS="1222" HPOS="503" CONTENT="de"/>
                  <SP HEIGHT="48" WIDTH="12" VPOS="1222" HPOS="576"/>
                  <String HEIGHT="48"
                          WIDTH="97"
                          VPOS="1222"
                          HPOS="539"
                          CONTENT="tri."/>
                  <SP HEIGHT="48" WIDTH="12" VPOS="1222" HPOS="636"/>
                  <String HEIGHT="48"
                          WIDTH="109"
                          VPOS="1222"
                          HPOS="600"
                          CONTENT="dicit"/>
                  <SP HEIGHT="48" WIDTH="12" VPOS="1222" HPOS="709"/>
                  <String HEIGHT="48"
                          WIDTH="97"
                          VPOS="1222"
                          HPOS="673"
                          CONTENT="quod"/>
                  <SP HEIGHT="48" WIDTH="12" VPOS="1222" HPOS="770"/>
                  <String HEIGHT="48"
                          WIDTH="121"
                          VPOS="1222"
                          HPOS="733"
                          CONTENT="filius"/>
                  <SP HEIGHT="48" WIDTH="12" VPOS="1222" HPOS="855"/>
                  <String HEIGHT="48" WIDTH="85" VPOS="1222" HPOS="818" CONTENT="non"/>
                  <SP HEIGHT="48" WIDTH="12" VPOS="1222" HPOS="903"/>
                  <String HEIGHT="48"
                          WIDTH="121"
                          VPOS="1222"
                          HPOS="867"
                          CONTENT="tantum"/>
                  <SP HEIGHT="48" WIDTH="12" VPOS="1222" HPOS="988"/>
                  <String HEIGHT="48" WIDTH="73" VPOS="1222" HPOS="952" CONTENT="vt"/>
                  <SP HEIGHT="48" WIDTH="12" VPOS="1222" HPOS="1024"/>
                  <String HEIGHT="48" WIDTH="85" VPOS="1222" HPOS="988" CONTENT="sit"/>
                  <SP HEIGHT="48" WIDTH="12" VPOS="1222" HPOS="1073"/>
                  <String HEIGHT="48"
                          WIDTH="61"
                          VPOS="1222"
                          HPOS="1024"
                          CONTENT="fi"
                          SUBS_TYPE="HypPart1"
                          SUBS_CONTENT="fiius"/>
                  <HYP CONTENT="-"/>
               </TextLine>
               <TextLine ID="r2l50"
                         BASELINE="1313"
                         HEIGHT="49"
                         WIDTH="874"
                         VPOS="1264"
                         HPOS="214">
                  <String HEIGHT="49"
                          WIDTH="76"
                          VPOS="1264"
                          HPOS="203"
                          CONTENT="ius"
                          SUBS_TYPE="HypPart2"
                          SUBS_CONTENT="fiius"/>
                  <SP HEIGHT="49" WIDTH="11" VPOS="1264" HPOS="279"/>
                  <String HEIGHT="49"
                          WIDTH="86"
                          VPOS="1264"
                          HPOS="246"
                          CONTENT="quod"/>
                  <SP HEIGHT="49" WIDTH="11" VPOS="1264" HPOS="333"/>
                  <String HEIGHT="49"
                          WIDTH="129"
                          VPOS="1264"
                          HPOS="300"
                          CONTENT="relatiue"/>
                  <SP HEIGHT="49" WIDTH="11" VPOS="1264" HPOS="430"/>
                  <String HEIGHT="49"
                          WIDTH="119"
                          VPOS="1264"
                          HPOS="397"
                          CONTENT="dicitur"/>
                  <SP HEIGHT="49" WIDTH="11" VPOS="1264" HPOS="516"/>
                  <String HEIGHT="49" WIDTH="76" VPOS="1264" HPOS="484" CONTENT="sed"/>
                  <SP HEIGHT="49" WIDTH="11" VPOS="1264" HPOS="559"/>
                  <String HEIGHT="49"
                          WIDTH="108"
                          VPOS="1264"
                          HPOS="527"
                          CONTENT="omnino"/>
                  <SP HEIGHT="49" WIDTH="11" VPOS="1264" HPOS="635"/>
                  <String HEIGHT="49" WIDTH="65" VPOS="1264" HPOS="602" CONTENT="vt"/>
                  <SP HEIGHT="49" WIDTH="11" VPOS="1264" HPOS="667"/>
                  <String HEIGHT="49" WIDTH="76" VPOS="1264" HPOS="635" CONTENT="sit"/>
                  <SP HEIGHT="49" WIDTH="11" VPOS="1264" HPOS="710"/>
                  <String HEIGHT="49"
                          WIDTH="86"
                          VPOS="1264"
                          HPOS="678"
                          CONTENT="ipsa"/>
                  <SP HEIGHT="49" WIDTH="11" VPOS="1264" HPOS="764"/>
                  <String HEIGHT="49"
                          WIDTH="129"
                          VPOS="1264"
                          HPOS="732"
                          CONTENT="subiecta"/>
                  <SP HEIGHT="49" WIDTH="11" VPOS="1264" HPOS="861"/>
                  <String HEIGHT="49"
                          WIDTH="129"
                          VPOS="1264"
                          HPOS="829"
                          CONTENT="nascendo"/>
                  <SP HEIGHT="49" WIDTH="11" VPOS="1264" HPOS="959"/>
                  <String HEIGHT="49"
                          WIDTH="108"
                          VPOS="1264"
                          HPOS="926"
                          CONTENT="habet:"/>
                  <SP HEIGHT="49" WIDTH="11" VPOS="1264" HPOS="1034"/>
                  <String HEIGHT="49" WIDTH="65" VPOS="1264" HPOS="1002" CONTENT="et"/>
                  <SP HEIGHT="49" WIDTH="11" VPOS="1264" HPOS="1066"/>
                  <String HEIGHT="49"
                          WIDTH="65"
                          VPOS="1264"
                          HPOS="1023"
                          CONTENT="iseo"/>
               </TextLine>
               <TextLine ID="r2l53"
                         BASELINE="1358"
                         HEIGHT="52"
                         WIDTH="873"
                         VPOS="1306"
                         HPOS="212">
                  <String HEIGHT="52"
                          WIDTH="84"
                          VPOS="1306"
                          HPOS="201"
                          CONTENT="libo"/>
                  <SP HEIGHT="52" WIDTH="11" VPOS="1306" HPOS="286"/>
                  <String HEIGHT="52"
                          WIDTH="95"
                          VPOS="1306"
                          HPOS="254"
                          CONTENT="dicit"/>
                  <SP HEIGHT="52" WIDTH="11" VPOS="1306" HPOS="349"/>
                  <String HEIGHT="52"
                          WIDTH="84"
                          VPOS="1306"
                          HPOS="317"
                          CONTENT="quod"/>
                  <SP HEIGHT="52" WIDTH="11" VPOS="1306" HPOS="401"/>
                  <String HEIGHT="52" WIDTH="53" VPOS="1306" HPOS="370" CONTENT="a"/>
                  <SP HEIGHT="52" WIDTH="11" VPOS="1306" HPOS="422"/>
                  <String HEIGHT="52"
                          WIDTH="95"
                          VPOS="1306"
                          HPOS="391"
                          CONTENT="patre"/>
                  <SP HEIGHT="52" WIDTH="11" VPOS="1306" HPOS="485"/>
                  <String HEIGHT="52"
                          WIDTH="95"
                          VPOS="1306"
                          HPOS="454"
                          CONTENT="habet"/>
                  <SP HEIGHT="52" WIDTH="11" VPOS="1306" HPOS="549"/>
                  <String HEIGHT="52"
                          WIDTH="105"
                          VPOS="1306"
                          HPOS="517"
                          CONTENT="filius"/>
                  <SP HEIGHT="52" WIDTH="11" VPOS="1306" HPOS="622"/>
                  <String HEIGHT="52" WIDTH="63" VPOS="1306" HPOS="591" CONTENT="vt"/>
                  <SP HEIGHT="52" WIDTH="11" VPOS="1306" HPOS="654"/>
                  <String HEIGHT="52" WIDTH="74" VPOS="1306" HPOS="622" CONTENT="sit"/>
                  <SP HEIGHT="52" WIDTH="11" VPOS="1306" HPOS="696"/>
                  <String HEIGHT="52"
                          WIDTH="95"
                          VPOS="1306"
                          HPOS="664"
                          CONTENT="deus."/>
                  <SP HEIGHT="52" WIDTH="11" VPOS="1306" HPOS="759"/>
                  <String HEIGHT="52" WIDTH="63" VPOS="1306" HPOS="727" CONTENT="et"/>
                  <SP HEIGHT="52" WIDTH="11" VPOS="1306" HPOS="790"/>
                  <String HEIGHT="52" WIDTH="63" VPOS="1306" HPOS="759" CONTENT="3."/>
                  <SP HEIGHT="52" WIDTH="11" VPOS="1306" HPOS="822"/>
                  <String HEIGHT="52"
                          WIDTH="84"
                          VPOS="1306"
                          HPOS="790"
                          CONTENT="lib."/>
                  <SP HEIGHT="52" WIDTH="11" VPOS="1306" HPOS="875"/>
                  <String HEIGHT="52"
                          WIDTH="105"
                          VPOS="1306"
                          HPOS="843"
                          CONTENT="contra"/>
                  <SP HEIGHT="52" WIDTH="11" VPOS="1306" HPOS="948"/>
                  <String HEIGHT="52"
                          WIDTH="84"
                          VPOS="1306"
                          HPOS="917"
                          CONTENT="Max."/>
                  <SP HEIGHT="52" WIDTH="11" VPOS="1306" HPOS="1001"/>
                  <String HEIGHT="52"
                          WIDTH="95"
                          VPOS="1306"
                          HPOS="969"
                          CONTENT="dicit"/>
                  <SP HEIGHT="52" WIDTH="11" VPOS="1306" HPOS="1064"/>
                  <String HEIGHT="52"
                          WIDTH="63"
                          VPOS="1306"
                          HPOS="1022"
                          CONTENT="quod"/>
               </TextLine>
               <TextLine ID="r2l54"
                         BASELINE="1399"
                         HEIGHT="48"
                         WIDTH="878"
                         VPOS="1351"
                         HPOS="203">
                  <String HEIGHT="48"
                          WIDTH="92"
                          VPOS="1351"
                          HPOS="191"
                          CONTENT="ipse"/>
                  <SP HEIGHT="48" WIDTH="12" VPOS="1351" HPOS="284"/>
                  <String HEIGHT="48"
                          WIDTH="116"
                          VPOS="1351"
                          HPOS="249"
                          CONTENT="filius"/>
                  <SP HEIGHT="48" WIDTH="12" VPOS="1351" HPOS="365"/>
                  <String HEIGHT="48"
                          WIDTH="104"
                          VPOS="1351"
                          HPOS="330"
                          CONTENT="natus"/>
                  <SP HEIGHT="48" WIDTH="12" VPOS="1351" HPOS="434"/>
                  <String HEIGHT="48" WIDTH="81" VPOS="1351" HPOS="399" CONTENT="est"/>
                  <SP HEIGHT="48" WIDTH="12" VPOS="1351" HPOS="480"/>
                  <String HEIGHT="48"
                          WIDTH="104"
                          VPOS="1351"
                          HPOS="446"
                          CONTENT="vita."/>
                  <SP HEIGHT="48" WIDTH="12" VPOS="1351" HPOS="550"/>
                  <String HEIGHT="48"
                          WIDTH="104"
                          VPOS="1351"
                          HPOS="515"
                          CONTENT="sicut"/>
                  <SP HEIGHT="48" WIDTH="12" VPOS="1351" HPOS="619"/>
                  <String HEIGHT="48"
                          WIDTH="116"
                          VPOS="1351"
                          HPOS="584"
                          CONTENT="igitur"/>
                  <SP HEIGHT="48" WIDTH="12" VPOS="1351" HPOS="700"/>
                  <String HEIGHT="48"
                          WIDTH="92"
                          VPOS="1351"
                          HPOS="665"
                          CONTENT="ipse"/>
                  <SP HEIGHT="48" WIDTH="12" VPOS="1351" HPOS="758"/>
                  <String HEIGHT="48"
                          WIDTH="127"
                          VPOS="1351"
                          HPOS="723"
                          CONTENT="genitus"/>
                  <SP HEIGHT="48" WIDTH="12" VPOS="1351" HPOS="850"/>
                  <String HEIGHT="48"
                          WIDTH="116"
                          VPOS="1351"
                          HPOS="815"
                          CONTENT="filius"/>
                  <SP HEIGHT="48" WIDTH="12" VPOS="1351" HPOS="931"/>
                  <String HEIGHT="48" WIDTH="81" VPOS="1351" HPOS="896" CONTENT="est"/>
                  <SP HEIGHT="48" WIDTH="12" VPOS="1351" HPOS="977"/>
                  <String HEIGHT="48" WIDTH="69" VPOS="1351" HPOS="942" CONTENT="et"/>
                  <SP HEIGHT="48" WIDTH="12" VPOS="1351" HPOS="1012"/>
                  <String HEIGHT="48"
                          WIDTH="116"
                          VPOS="1351"
                          HPOS="965"
                          CONTENT="nascende"/>
               </TextLine>
               <TextLine ID="r2l57"
                         BASELINE="1450"
                         HEIGHT="51"
                         WIDTH="897"
                         VPOS="1399"
                         HPOS="197">
                  <String HEIGHT="51"
                          WIDTH="97"
                          VPOS="1399"
                          HPOS="186"
                          CONTENT="habet"/>
                  <SP HEIGHT="51" WIDTH="11" VPOS="1399" HPOS="283"/>
                  <String HEIGHT="51" WIDTH="65" VPOS="1399" HPOS="251" CONTENT="vt"/>
                  <SP HEIGHT="51" WIDTH="11" VPOS="1399" HPOS="316"/>
                  <String HEIGHT="51" WIDTH="76" VPOS="1399" HPOS="283" CONTENT="sit"/>
                  <SP HEIGHT="51" WIDTH="11" VPOS="1399" HPOS="359"/>
                  <String HEIGHT="51"
                          WIDTH="119"
                          VPOS="1399"
                          HPOS="327"
                          CONTENT="filius:"/>
                  <SP HEIGHT="51" WIDTH="11" VPOS="1399" HPOS="446"/>
                  <String HEIGHT="51" WIDTH="76" VPOS="1399" HPOS="413" CONTENT="sic"/>
                  <SP HEIGHT="51" WIDTH="11" VPOS="1399" HPOS="489"/>
                  <String HEIGHT="51"
                          WIDTH="86"
                          VPOS="1399"
                          HPOS="456"
                          CONTENT="ipse"/>
                  <SP HEIGHT="51" WIDTH="11" VPOS="1399" HPOS="543"/>
                  <String HEIGHT="51" WIDTH="76" VPOS="1399" HPOS="510" CONTENT="est"/>
                  <SP HEIGHT="51" WIDTH="11" VPOS="1399" HPOS="586"/>
                  <String HEIGHT="51"
                          WIDTH="119"
                          VPOS="1399"
                          HPOS="554"
                          CONTENT="genitus"/>
                  <SP HEIGHT="51" WIDTH="11" VPOS="1399" HPOS="673"/>
                  <String HEIGHT="51"
                          WIDTH="130"
                          VPOS="1399"
                          HPOS="640"
                          CONTENT="subiecta"/>
                  <SP HEIGHT="51" WIDTH="11" VPOS="1399" HPOS="770"/>
                  <String HEIGHT="51" WIDTH="65" VPOS="1399" HPOS="737" CONTENT="et"/>
                  <SP HEIGHT="51" WIDTH="11" VPOS="1399" HPOS="802"/>
                  <String HEIGHT="51"
                          WIDTH="86"
                          VPOS="1399"
                          HPOS="770"
                          CONTENT="deus"/>
                  <SP HEIGHT="51" WIDTH="11" VPOS="1399" HPOS="856"/>
                  <String HEIGHT="51" WIDTH="65" VPOS="1399" HPOS="824" CONTENT="id"/>
                  <SP HEIGHT="51" WIDTH="11" VPOS="1399" HPOS="889"/>
                  <String HEIGHT="51" WIDTH="76" VPOS="1399" HPOS="856" CONTENT="est"/>
                  <SP HEIGHT="51" WIDTH="11" VPOS="1399" HPOS="932"/>
                  <String HEIGHT="51"
                          WIDTH="97"
                          VPOS="1399"
                          HPOS="899"
                          CONTENT="habet"/>
                  <SP HEIGHT="51" WIDTH="11" VPOS="1399" HPOS="997"/>
                  <String HEIGHT="51"
                          WIDTH="130"
                          VPOS="1399"
                          HPOS="964"
                          CONTENT="nascendo"/>
                  <SP HEIGHT="51" WIDTH="11" VPOS="1399" HPOS="1094"/>
                  <String HEIGHT="51" WIDTH="43" VPOS="1399" HPOS="1051" CONTENT="vt"/>
               </TextLine>
               <TextLine ID="r2l58"
                         BASELINE="1498"
                         HEIGHT="60"
                         WIDTH="895"
                         VPOS="1438"
                         HPOS="191">
                  <String HEIGHT="60" WIDTH="74" VPOS="1438" HPOS="180" CONTENT="sit"/>
                  <SP HEIGHT="60" WIDTH="11" VPOS="1438" HPOS="254"/>
                  <String HEIGHT="60"
                          WIDTH="105"
                          VPOS="1438"
                          HPOS="223"
                          CONTENT="deitas"/>
                  <SP HEIGHT="60" WIDTH="11" VPOS="1438" HPOS="328"/>
                  <String HEIGHT="60" WIDTH="63" VPOS="1438" HPOS="296" CONTENT="et"/>
                  <SP HEIGHT="60" WIDTH="11" VPOS="1438" HPOS="359"/>
                  <String HEIGHT="60"
                          WIDTH="137"
                          VPOS="1438"
                          HPOS="328"
                          CONTENT="subiecta:"/>
                  <SP HEIGHT="60" WIDTH="11" VPOS="1438" HPOS="465"/>
                  <String HEIGHT="60" WIDTH="63" VPOS="1438" HPOS="433" CONTENT="et"/>
                  <SP HEIGHT="60" WIDTH="11" VPOS="1438" HPOS="496"/>
                  <String HEIGHT="60"
                          WIDTH="116"
                          VPOS="1438"
                          HPOS="465"
                          CONTENT="constat"/>
                  <SP HEIGHT="60" WIDTH="11" VPOS="1438" HPOS="581"/>
                  <String HEIGHT="60"
                          WIDTH="84"
                          VPOS="1438"
                          HPOS="549"
                          CONTENT="quod"/>
                  <SP HEIGHT="60" WIDTH="11" VPOS="1438" HPOS="633"/>
                  <String HEIGHT="60" WIDTH="74" VPOS="1438" HPOS="602" CONTENT="non"/>
                  <SP HEIGHT="60" WIDTH="11" VPOS="1438" HPOS="675"/>
                  <String HEIGHT="60"
                          WIDTH="84"
                          VPOS="1438"
                          HPOS="644"
                          CONTENT="alia"/>
                  <SP HEIGHT="60" WIDTH="11" VPOS="1438" HPOS="728"/>
                  <String HEIGHT="60"
                          WIDTH="84"
                          VPOS="1438"
                          HPOS="696"
                          CONTENT="quam"/>
                  <SP HEIGHT="60" WIDTH="11" VPOS="1438" HPOS="781"/>
                  <String HEIGHT="60"
                          WIDTH="126"
                          VPOS="1438"
                          HPOS="749"
                          CONTENT="subiecta"/>
                  <SP HEIGHT="60" WIDTH="11" VPOS="1438" HPOS="875"/>
                  <String HEIGHT="60"
                          WIDTH="84"
                          VPOS="1438"
                          HPOS="844"
                          CONTENT="quae"/>
                  <SP HEIGHT="60" WIDTH="11" VPOS="1438" HPOS="928"/>
                  <String HEIGHT="60" WIDTH="74" VPOS="1438" HPOS="896" CONTENT="est"/>
                  <SP HEIGHT="60" WIDTH="11" VPOS="1438" HPOS="970"/>
                  <String HEIGHT="60"
                          WIDTH="95"
                          VPOS="1438"
                          HPOS="939"
                          CONTENT="piter"/>
                  <SP HEIGHT="60" WIDTH="11" VPOS="1438" HPOS="1033"/>
                  <String HEIGHT="60"
                          WIDTH="74"
                          VPOS="1438"
                          HPOS="1002"
                          CONTENT="que"/>
                  <SP HEIGHT="60" WIDTH="11" VPOS="1438" HPOS="1075"/>
                  <String HEIGHT="60"
                          WIDTH="53"
                          VPOS="1438"
                          HPOS="1033"
                          CONTENT="qui"/>
               </TextLine>
               <TextLine ID="r2l61"
                         BASELINE="1535"
                         HEIGHT="53"
                         WIDTH="886"
                         VPOS="1482"
                         HPOS="203">
                  <String HEIGHT="53" WIDTH="84" VPOS="1482" HPOS="191" CONTENT="dem"/>
                  <SP HEIGHT="53" WIDTH="12" VPOS="1482" HPOS="275"/>
                  <String HEIGHT="53" WIDTH="84" VPOS="1482" HPOS="239" CONTENT="non"/>
                  <SP HEIGHT="53" WIDTH="12" VPOS="1482" HPOS="323"/>
                  <String HEIGHT="53"
                          WIDTH="132"
                          VPOS="1482"
                          HPOS="287"
                          CONTENT="accipit"/>
                  <SP HEIGHT="53" WIDTH="12" VPOS="1482" HPOS="419"/>
                  <String HEIGHT="53" WIDTH="84" VPOS="1482" HPOS="383" CONTENT="per"/>
                  <SP HEIGHT="53" WIDTH="12" VPOS="1482" HPOS="466"/>
                  <String HEIGHT="53"
                          WIDTH="108"
                          VPOS="1482"
                          HPOS="430"
                          CONTENT="filii"/>
                  <SP HEIGHT="53" WIDTH="12" VPOS="1482" HPOS="538"/>
                  <String HEIGHT="53"
                          WIDTH="192"
                          VPOS="1482"
                          HPOS="502"
                          CONTENT="productionem"/>
                  <SP HEIGHT="53" WIDTH="12" VPOS="1482" HPOS="694"/>
                  <String HEIGHT="53" WIDTH="72" VPOS="1482" HPOS="658" CONTENT="vt"/>
                  <SP HEIGHT="53" WIDTH="12" VPOS="1482" HPOS="730"/>
                  <String HEIGHT="53" WIDTH="84" VPOS="1482" HPOS="694" CONTENT="sit"/>
                  <SP HEIGHT="53" WIDTH="12" VPOS="1482" HPOS="778"/>
                  <String HEIGHT="53"
                          WIDTH="120"
                          VPOS="1482"
                          HPOS="742"
                          CONTENT="piter:"/>
                  <SP HEIGHT="53" WIDTH="12" VPOS="1482" HPOS="862"/>
                  <String HEIGHT="53"
                          WIDTH="108"
                          VPOS="1482"
                          HPOS="826"
                          CONTENT="neque"/>
                  <SP HEIGHT="53" WIDTH="12" VPOS="1482" HPOS="933"/>
                  <String HEIGHT="53" WIDTH="72" VPOS="1482" HPOS="897" CONTENT="vt"/>
                  <SP HEIGHT="53" WIDTH="12" VPOS="1482" HPOS="969"/>
                  <String HEIGHT="53"
                          WIDTH="96"
                          VPOS="1482"
                          HPOS="933"
                          CONTENT="sit:"/>
                  <SP HEIGHT="53" WIDTH="12" VPOS="1482" HPOS="1029"/>
                  <String HEIGHT="53" WIDTH="72" VPOS="1482" HPOS="993" CONTENT="et"/>
                  <SP HEIGHT="53" WIDTH="12" VPOS="1482" HPOS="1065"/>
                  <String HEIGHT="53"
                          WIDTH="72"
                          VPOS="1482"
                          HPOS="1017"
                          CONTENT="ideo"/>
               </TextLine>
               <TextLine ID="r2l63"
                         BASELINE="1573"
                         HEIGHT="51"
                         WIDTH="902"
                         VPOS="1522"
                         HPOS="195">
                  <String HEIGHT="51"
                          WIDTH="135"
                          VPOS="1522"
                          HPOS="182"
                          CONTENT="filius"/>
                  <SP HEIGHT="51" WIDTH="13" VPOS="1522" HPOS="316"/>
                  <String HEIGHT="51" WIDTH="94" VPOS="1522" HPOS="276" CONTENT="non"/>
                  <SP HEIGHT="51" WIDTH="13" VPOS="1522" HPOS="370"/>
                  <String HEIGHT="51" WIDTH="94" VPOS="1522" HPOS="330" CONTENT="est"/>
                  <SP HEIGHT="51" WIDTH="13" VPOS="1522" HPOS="424"/>
                  <String HEIGHT="51"
                          WIDTH="175"
                          VPOS="1522"
                          HPOS="383"
                          CONTENT="creatura."/>
                  <SP HEIGHT="51" WIDTH="13" VPOS="1522" HPOS="558"/>
                  <String HEIGHT="51" WIDTH="81" VPOS="1522" HPOS="518" CONTENT="Et"/>
                  <SP HEIGHT="51" WIDTH="13" VPOS="1522" HPOS="599"/>
                  <String HEIGHT="51"
                          WIDTH="148"
                          VPOS="1522"
                          HPOS="558"
                          CONTENT="exemplo"/>
                  <SP HEIGHT="51" WIDTH="13" VPOS="1522" HPOS="707"/>
                  <String HEIGHT="51"
                          WIDTH="121"
                          VPOS="1522"
                          HPOS="666"
                          CONTENT="patet"/>
                  <SP HEIGHT="51" WIDTH="13" VPOS="1522" HPOS="787"/>
                  <String HEIGHT="51"
                          WIDTH="175"
                          VPOS="1522"
                          HPOS="747"
                          CONTENT="supposito"/>
                  <SP HEIGHT="51" WIDTH="13" VPOS="1522" HPOS="922"/>
                  <String HEIGHT="51"
                          WIDTH="148"
                          VPOS="1522"
                          HPOS="882"
                          CONTENT="quodam."/>
                  <SP HEIGHT="51" WIDTH="13" VPOS="1522" HPOS="1030"/>
                  <String HEIGHT="51" WIDTH="81" VPOS="1522" HPOS="989" CONTENT="si"/>
                  <SP HEIGHT="51" WIDTH="13" VPOS="1522" HPOS="1070"/>
                  <String HEIGHT="51"
                          WIDTH="81"
                          VPOS="1522"
                          HPOS="1016"
                          CONTENT="enim"/>
               </TextLine>
               <TextLine ID="r2l65"
                         BASELINE="1615"
                         HEIGHT="46"
                         WIDTH="898"
                         VPOS="1569"
                         HPOS="192">
                  <String HEIGHT="46"
                          WIDTH="130"
                          VPOS="1569"
                          HPOS="179"
                          CONTENT="fieret"/>
                  <SP HEIGHT="46" WIDTH="13" VPOS="1569" HPOS="309"/>
                  <String HEIGHT="46"
                          WIDTH="104"
                          VPOS="1569"
                          HPOS="270"
                          CONTENT="nunc"/>
                  <SP HEIGHT="46" WIDTH="13" VPOS="1569" HPOS="374"/>
                  <String HEIGHT="46"
                          WIDTH="143"
                          VPOS="1569"
                          HPOS="335"
                          CONTENT="aliquid"/>
                  <SP HEIGHT="46" WIDTH="13" VPOS="1569" HPOS="478"/>
                  <String HEIGHT="46"
                          WIDTH="143"
                          VPOS="1569"
                          HPOS="439"
                          CONTENT="simplex"/>
                  <SP HEIGHT="46" WIDTH="13" VPOS="1569" HPOS="582"/>
                  <String HEIGHT="46"
                          WIDTH="104"
                          VPOS="1569"
                          HPOS="543"
                          CONTENT="quod"/>
                  <SP HEIGHT="46" WIDTH="13" VPOS="1569" HPOS="648"/>
                  <String HEIGHT="46"
                          WIDTH="117"
                          VPOS="1569"
                          HPOS="608"
                          CONTENT="esset"/>
                  <SP HEIGHT="46" WIDTH="13" VPOS="1569" HPOS="726"/>
                  <String HEIGHT="46"
                          WIDTH="130"
                          VPOS="1569"
                          HPOS="687"
                          CONTENT="aliqua"/>
                  <SP HEIGHT="46" WIDTH="13" VPOS="1569" HPOS="817"/>
                  <String HEIGHT="46" WIDTH="91" VPOS="1569" HPOS="778" CONTENT="res"/>
                  <SP HEIGHT="46" WIDTH="13" VPOS="1569" HPOS="869"/>
                  <String HEIGHT="46" WIDTH="91" VPOS="1569" HPOS="830" CONTENT="que"/>
                  <SP HEIGHT="46" WIDTH="13" VPOS="1569" HPOS="921"/>
                  <String HEIGHT="46"
                          WIDTH="195"
                          VPOS="1569"
                          HPOS="882"
                          CONTENT="praefuisset"/>
                  <SP HEIGHT="46" WIDTH="13" VPOS="1569" HPOS="1077"/>
                  <String HEIGHT="46"
                          WIDTH="65"
                          VPOS="1569"
                          HPOS="1025"
                          CONTENT="non"/>
               </TextLine>
               <TextLine ID="r2l68"
                         BASELINE="1661"
                         HEIGHT="48"
                         WIDTH="894"
                         VPOS="1613"
                         HPOS="189">
                  <String HEIGHT="48" WIDTH="86" VPOS="1613" HPOS="177" CONTENT="est"/>
                  <SP HEIGHT="48" WIDTH="12" VPOS="1613" HPOS="262"/>
                  <String HEIGHT="48"
                          WIDTH="122"
                          VPOS="1613"
                          HPOS="226"
                          CONTENT="dubium"/>
                  <SP HEIGHT="48" WIDTH="12" VPOS="1613" HPOS="348"/>
                  <String HEIGHT="48"
                          WIDTH="98"
                          VPOS="1613"
                          HPOS="311"
                          CONTENT="quod"/>
                  <SP HEIGHT="48" WIDTH="12" VPOS="1613" HPOS="409"/>
                  <String HEIGHT="48"
                          WIDTH="110"
                          VPOS="1613"
                          HPOS="373"
                          CONTENT="illud"/>
                  <SP HEIGHT="48" WIDTH="12" VPOS="1613" HPOS="483"/>
                  <String HEIGHT="48" WIDTH="86" VPOS="1613" HPOS="446" CONTENT="non"/>
                  <SP HEIGHT="48" WIDTH="12" VPOS="1613" HPOS="532"/>
                  <String HEIGHT="48"
                          WIDTH="110"
                          VPOS="1613"
                          HPOS="495"
                          CONTENT="esset"/>
                  <SP HEIGHT="48" WIDTH="12" VPOS="1613" HPOS="605"/>
                  <String HEIGHT="48"
                          WIDTH="147"
                          VPOS="1613"
                          HPOS="569"
                          CONTENT="creatum:"/>
                  <SP HEIGHT="48" WIDTH="12" VPOS="1613" HPOS="716"/>
                  <String HEIGHT="48" WIDTH="86" VPOS="1613" HPOS="679" CONTENT="cum"/>
                  <SP HEIGHT="48" WIDTH="12" VPOS="1613" HPOS="765"/>
                  <String HEIGHT="48"
                          WIDTH="98"
                          VPOS="1613"
                          HPOS="728"
                          CONTENT="tota"/>
                  <SP HEIGHT="48" WIDTH="12" VPOS="1613" HPOS="826"/>
                  <String HEIGHT="48"
                          WIDTH="98"
                          VPOS="1613"
                          HPOS="789"
                          CONTENT="eius"/>
                  <SP HEIGHT="48" WIDTH="12" VPOS="1613" HPOS="887"/>
                  <String HEIGHT="48"
                          WIDTH="147"
                          VPOS="1613"
                          HPOS="850"
                          CONTENT="essentia"/>
                  <SP HEIGHT="48" WIDTH="12" VPOS="1613" HPOS="997"/>
                  <String HEIGHT="48"
                          WIDTH="98"
                          VPOS="1613"
                          HPOS="961"
                          CONTENT="actu"/>
                  <SP HEIGHT="48" WIDTH="12" VPOS="1613" HPOS="1059"/>
                  <String HEIGHT="48"
                          WIDTH="73"
                          VPOS="1613"
                          HPOS="1010"
                          CONTENT="prae"/>
               </TextLine>
               <TextLine ID="r2l70"
                         BASELINE="1702"
                         HEIGHT="45"
                         WIDTH="902"
                         VPOS="1657"
                         HPOS="192">
                  <String HEIGHT="45"
                          WIDTH="144"
                          VPOS="1657"
                          HPOS="180"
                          CONTENT="fuisset:"/>
                  <SP HEIGHT="45" WIDTH="12" VPOS="1657" HPOS="324"/>
                  <String HEIGHT="45" WIDTH="72" VPOS="1657" HPOS="288" CONTENT="et"/>
                  <SP HEIGHT="45" WIDTH="12" VPOS="1657" HPOS="360"/>
                  <String HEIGHT="45"
                          WIDTH="108"
                          VPOS="1657"
                          HPOS="324"
                          CONTENT="tamen"/>
                  <SP HEIGHT="45" WIDTH="12" VPOS="1657" HPOS="433"/>
                  <String HEIGHT="45" WIDTH="84" VPOS="1657" HPOS="396" CONTENT="non"/>
                  <SP HEIGHT="45" WIDTH="12" VPOS="1657" HPOS="481"/>
                  <String HEIGHT="45"
                          WIDTH="108"
                          VPOS="1657"
                          HPOS="445"
                          CONTENT="esset"/>
                  <SP HEIGHT="45" WIDTH="12" VPOS="1657" HPOS="553"/>
                  <String HEIGHT="45"
                          WIDTH="120"
                          VPOS="1657"
                          HPOS="517"
                          CONTENT="factum"/>
                  <SP HEIGHT="45" WIDTH="12" VPOS="1657" HPOS="637"/>
                  <String HEIGHT="45" WIDTH="72" VPOS="1657" HPOS="601" CONTENT="de"/>
                  <SP HEIGHT="45" WIDTH="12" VPOS="1657" HPOS="673"/>
                  <String HEIGHT="45"
                          WIDTH="120"
                          VPOS="1657"
                          HPOS="637"
                          CONTENT="aliquo"/>
                  <SP HEIGHT="45" WIDTH="12" VPOS="1657" HPOS="757"/>
                  <String HEIGHT="45"
                          WIDTH="204"
                          VPOS="1657"
                          HPOS="721"
                          CONTENT="praexistente:"/>
                  <SP HEIGHT="45" WIDTH="12" VPOS="1657" HPOS="926"/>
                  <String HEIGHT="45" WIDTH="84" VPOS="1657" HPOS="890" CONTENT="sed"/>
                  <SP HEIGHT="45" WIDTH="12" VPOS="1657" HPOS="974"/>
                  <String HEIGHT="45"
                          WIDTH="108"
                          VPOS="1657"
                          HPOS="938"
                          CONTENT="esset"/>
                  <SP HEIGHT="45" WIDTH="12" VPOS="1657" HPOS="1046"/>
                  <String HEIGHT="45"
                          WIDTH="96"
                          VPOS="1657"
                          HPOS="998"
                          CONTENT="factum"/>
               </TextLine>
               <TextLine ID="r2l73"
                         BASELINE="1749"
                         HEIGHT="52"
                         WIDTH="894"
                         VPOS="1697"
                         HPOS="191">
                  <String HEIGHT="52"
                          WIDTH="140"
                          VPOS="1697"
                          HPOS="178"
                          CONTENT="aliquod"/>
                  <SP HEIGHT="52" WIDTH="13" VPOS="1697" HPOS="319"/>
                  <String HEIGHT="52"
                          WIDTH="204"
                          VPOS="1697"
                          HPOS="280"
                          CONTENT="praexistens."/>
                  <SP HEIGHT="52" WIDTH="13" VPOS="1697" HPOS="485"/>
                  <String HEIGHT="52"
                          WIDTH="115"
                          VPOS="1697"
                          HPOS="446"
                          CONTENT="Utrum"/>
                  <SP HEIGHT="52" WIDTH="13" VPOS="1697" HPOS="561"/>
                  <String HEIGHT="52"
                          WIDTH="115"
                          VPOS="1697"
                          HPOS="523"
                          CONTENT="autem"/>
                  <SP HEIGHT="52" WIDTH="13" VPOS="1697" HPOS="638"/>
                  <String HEIGHT="52" WIDTH="89" VPOS="1697" HPOS="600" CONTENT="hoc"/>
                  <SP HEIGHT="52" WIDTH="13" VPOS="1697" HPOS="689"/>
                  <String HEIGHT="52" WIDTH="89" VPOS="1697" HPOS="651" CONTENT="sit"/>
                  <SP HEIGHT="52" WIDTH="13" VPOS="1697" HPOS="740"/>
                  <String HEIGHT="52"
                          WIDTH="166"
                          VPOS="1697"
                          HPOS="702"
                          CONTENT="possibile"/>
                  <SP HEIGHT="52" WIDTH="13" VPOS="1697" HPOS="868"/>
                  <String HEIGHT="52" WIDTH="89" VPOS="1697" HPOS="830" CONTENT="vel"/>
                  <SP HEIGHT="52" WIDTH="13" VPOS="1697" HPOS="919"/>
                  <String HEIGHT="52"
                          WIDTH="102"
                          VPOS="1697"
                          HPOS="881"
                          CONTENT="non:"/>
                  <SP HEIGHT="52" WIDTH="13" VPOS="1697" HPOS="983"/>
                  <String HEIGHT="52" WIDTH="89" VPOS="1697" HPOS="945" CONTENT="non"/>
                  <SP HEIGHT="52" WIDTH="13" VPOS="1697" HPOS="1034"/>
                  <String HEIGHT="52" WIDTH="89" VPOS="1697" HPOS="996" CONTENT="est"/>
                  <SP HEIGHT="52" WIDTH="13" VPOS="1697" HPOS="1085"/>
                  <String HEIGHT="52" WIDTH="51" VPOS="1697" HPOS="1034" CONTENT="cu"/>
               </TextLine>
               <TextLine ID="r2l76"
                         BASELINE="1796"
                         HEIGHT="54"
                         WIDTH="901"
                         VPOS="1742"
                         HPOS="191">
                  <String HEIGHT="54" WIDTH="84" VPOS="1742" HPOS="179" CONTENT="ra."/>
                  <SP HEIGHT="54" WIDTH="12" VPOS="1742" HPOS="263"/>
                  <String HEIGHT="54"
                          WIDTH="96"
                          VPOS="1742"
                          HPOS="227"
                          CONTENT="quia"/>
                  <SP HEIGHT="54" WIDTH="12" VPOS="1742" HPOS="323"/>
                  <String HEIGHT="54" WIDTH="72" VPOS="1742" HPOS="287" CONTENT="de"/>
                  <SP HEIGHT="54" WIDTH="12" VPOS="1742" HPOS="359"/>
                  <String HEIGHT="54"
                          WIDTH="108"
                          VPOS="1742"
                          HPOS="323"
                          CONTENT="filio"/>
                  <SP HEIGHT="54" WIDTH="12" VPOS="1742" HPOS="431"/>
                  <String HEIGHT="54" WIDTH="84" VPOS="1742" HPOS="395" CONTENT="dei"/>
                  <SP HEIGHT="54" WIDTH="12" VPOS="1742" HPOS="479"/>
                  <String HEIGHT="54"
                          WIDTH="132"
                          VPOS="1742"
                          HPOS="443"
                          CONTENT="constat"/>
                  <SP HEIGHT="54" WIDTH="12" VPOS="1742" HPOS="575"/>
                  <String HEIGHT="54" WIDTH="84" VPOS="1742" HPOS="539" CONTENT="hoc"/>
                  <SP HEIGHT="54" WIDTH="12" VPOS="1742" HPOS="623"/>
                  <String HEIGHT="54"
                          WIDTH="96"
                          VPOS="1742"
                          HPOS="587"
                          CONTENT="esse"/>
                  <SP HEIGHT="54" WIDTH="12" VPOS="1742" HPOS="684"/>
                  <String HEIGHT="54"
                          WIDTH="108"
                          VPOS="1742"
                          HPOS="648"
                          CONTENT="verum"/>
                  <SP HEIGHT="54" WIDTH="12" VPOS="1742" HPOS="756"/>
                  <String HEIGHT="54"
                          WIDTH="96"
                          VPOS="1742"
                          HPOS="720"
                          CONTENT="modo"/>
                  <SP HEIGHT="54" WIDTH="12" VPOS="1742" HPOS="816"/>
                  <String HEIGHT="54" WIDTH="84" VPOS="1742" HPOS="780" CONTENT="qui"/>
                  <SP HEIGHT="54" WIDTH="12" VPOS="1742" HPOS="864"/>
                  <String HEIGHT="54"
                          WIDTH="120"
                          VPOS="1742"
                          HPOS="828"
                          CONTENT="dictus"/>
                  <SP HEIGHT="54" WIDTH="12" VPOS="1742" HPOS="948"/>
                  <String HEIGHT="54"
                          WIDTH="96"
                          VPOS="1742"
                          HPOS="912"
                          CONTENT="est."/>
                  <SP HEIGHT="54" WIDTH="12" VPOS="1742" HPOS="1008"/>
                  <String HEIGHT="54"
                          WIDTH="108"
                          VPOS="1742"
                          HPOS="972"
                          CONTENT="Patet"/>
                  <SP HEIGHT="54" WIDTH="12" VPOS="1742" HPOS="1080"/>
                  <String HEIGHT="54"
                          WIDTH="60"
                          VPOS="1742"
                          HPOS="1032"
                          CONTENT="per"/>
               </TextLine>
               <TextLine ID="r2l79"
                         BASELINE="1840"
                         HEIGHT="57"
                         WIDTH="902"
                         VPOS="1783"
                         HPOS="192">
                  <String HEIGHT="57" WIDTH="92" VPOS="1783" HPOS="179" CONTENT="hoc"/>
                  <SP HEIGHT="57" WIDTH="13" VPOS="1783" HPOS="270"/>
                  <String HEIGHT="57"
                          WIDTH="105"
                          VPOS="1783"
                          HPOS="231"
                          CONTENT="quid"/>
                  <SP HEIGHT="57" WIDTH="13" VPOS="1783" HPOS="336"/>
                  <String HEIGHT="57" WIDTH="92" VPOS="1783" HPOS="297" CONTENT="sit"/>
                  <SP HEIGHT="57" WIDTH="13" VPOS="1783" HPOS="388"/>
                  <String HEIGHT="57"
                          WIDTH="157"
                          VPOS="1783"
                          HPOS="349"
                          CONTENT="dicendum"/>
                  <SP HEIGHT="57" WIDTH="13" VPOS="1783" HPOS="506"/>
                  <String HEIGHT="57"
                          WIDTH="248"
                          VPOS="1783"
                          HPOS="467"
                          CONTENT="confirmationem."/>
                  <SP HEIGHT="57" WIDTH="13" VPOS="1783" HPOS="715"/>
                  <String HEIGHT="57" WIDTH="92" VPOS="1783" HPOS="676" CONTENT="Non"/>
                  <SP HEIGHT="57" WIDTH="13" VPOS="1783" HPOS="767"/>
                  <String HEIGHT="57"
                          WIDTH="105"
                          VPOS="1783"
                          HPOS="728"
                          CONTENT="enim"/>
                  <SP HEIGHT="57" WIDTH="13" VPOS="1783" HPOS="833"/>
                  <String HEIGHT="57"
                          WIDTH="118"
                          VPOS="1783"
                          HPOS="793"
                          CONTENT="verum"/>
                  <SP HEIGHT="57" WIDTH="13" VPOS="1783" HPOS="911"/>
                  <String HEIGHT="57" WIDTH="92" VPOS="1783" HPOS="872" CONTENT="est"/>
                  <SP HEIGHT="57" WIDTH="13" VPOS="1783" HPOS="963"/>
                  <String HEIGHT="57"
                          WIDTH="105"
                          VPOS="1783"
                          HPOS="924"
                          CONTENT="quod"/>
                  <SP HEIGHT="57" WIDTH="13" VPOS="1783" HPOS="1029"/>
                  <String HEIGHT="57"
                          WIDTH="118"
                          VPOS="1783"
                          HPOS="976"
                          CONTENT="creatio"/>
               </TextLine>
               <TextLine ID="r2l82"
                         BASELINE="1875"
                         HEIGHT="47"
                         WIDTH="897"
                         VPOS="1828"
                         HPOS="195">
                  <String HEIGHT="47"
                          WIDTH="175"
                          VPOS="1828"
                          HPOS="184"
                          CONTENT="distinguatur"/>
                  <SP HEIGHT="47" WIDTH="11" VPOS="1828" HPOS="359"/>
                  <String HEIGHT="47" WIDTH="55" VPOS="1828" HPOS="326" CONTENT="a"/>
                  <SP HEIGHT="47" WIDTH="11" VPOS="1828" HPOS="381"/>
                  <String HEIGHT="47"
                          WIDTH="164"
                          VPOS="1828"
                          HPOS="348"
                          CONTENT="generatione"/>
                  <SP HEIGHT="47" WIDTH="11" VPOS="1828" HPOS="512"/>
                  <String HEIGHT="47"
                          WIDTH="109"
                          VPOS="1828"
                          HPOS="479"
                          CONTENT="solum:"/>
                  <SP HEIGHT="47" WIDTH="11" VPOS="1828" HPOS="589"/>
                  <String HEIGHT="47"
                          WIDTH="88"
                          VPOS="1828"
                          HPOS="556"
                          CONTENT="quia"/>
                  <SP HEIGHT="47" WIDTH="11" VPOS="1828" HPOS="644"/>
                  <String HEIGHT="47" WIDTH="77" VPOS="1828" HPOS="611" CONTENT="non"/>
                  <SP HEIGHT="47" WIDTH="11" VPOS="1828" HPOS="687"/>
                  <String HEIGHT="47"
                          WIDTH="98"
                          VPOS="1828"
                          HPOS="654"
                          CONTENT="habet"/>
                  <SP HEIGHT="47" WIDTH="11" VPOS="1828" HPOS="753"/>
                  <String HEIGHT="47"
                          WIDTH="153"
                          VPOS="1828"
                          HPOS="720"
                          CONTENT="subiectum:"/>
                  <SP HEIGHT="47" WIDTH="11" VPOS="1828" HPOS="873"/>
                  <String HEIGHT="47"
                          WIDTH="142"
                          VPOS="1828"
                          HPOS="840"
                          CONTENT="generatio"/>
                  <SP HEIGHT="47" WIDTH="11" VPOS="1828" HPOS="983"/>
                  <String HEIGHT="47"
                          WIDTH="98"
                          VPOS="1828"
                          HPOS="950"
                          CONTENT="autem"/>
                  <SP HEIGHT="47" WIDTH="11" VPOS="1828" HPOS="1048"/>
                  <String HEIGHT="47"
                          WIDTH="88"
                          VPOS="1828"
                          HPOS="1004"
                          CONTENT="habet:"/>
               </TextLine>
               <TextLine ID="r2l84"
                         BASELINE="1920"
                         HEIGHT="52"
                         WIDTH="901"
                         VPOS="1868"
                         HPOS="194">
                  <String HEIGHT="52"
                          WIDTH="102"
                          VPOS="1868"
                          HPOS="179"
                          CONTENT="cum"/>
                  <SP HEIGHT="52" WIDTH="15" VPOS="1868" HPOS="281"/>
                  <String HEIGHT="52"
                          WIDTH="102"
                          VPOS="1868"
                          HPOS="238"
                          CONTENT="sit"/>
                  <SP HEIGHT="52" WIDTH="15" VPOS="1868" HPOS="339"/>
                  <String HEIGHT="52"
                          WIDTH="189"
                          VPOS="1868"
                          HPOS="296"
                          CONTENT="generatio"/>
                  <SP HEIGHT="52" WIDTH="15" VPOS="1868" HPOS="485"/>
                  <String HEIGHT="52"
                          WIDTH="160"
                          VPOS="1868"
                          HPOS="441"
                          CONTENT="quaedam"/>
                  <SP HEIGHT="52" WIDTH="15" VPOS="1868" HPOS="601"/>
                  <String HEIGHT="52"
                          WIDTH="102"
                          VPOS="1868"
                          HPOS="557"
                          CONTENT="per"/>
                  <SP HEIGHT="52" WIDTH="15" VPOS="1868" HPOS="659"/>
                  <String HEIGHT="52" WIDTH="87" VPOS="1868" HPOS="615" CONTENT="se"/>
                  <SP HEIGHT="52" WIDTH="15" VPOS="1868" HPOS="703"/>
                  <String HEIGHT="52"
                          WIDTH="189"
                          VPOS="1868"
                          HPOS="659"
                          CONTENT="existens:"/>
                  <SP HEIGHT="52" WIDTH="15" VPOS="1868" HPOS="848"/>
                  <String HEIGHT="52"
                          WIDTH="102"
                          VPOS="1868"
                          HPOS="804"
                          CONTENT="aut"/>
                  <SP HEIGHT="52" WIDTH="15" VPOS="1868" HPOS="906"/>
                  <String HEIGHT="52"
                          WIDTH="203"
                          VPOS="1868"
                          HPOS="862"
                          CONTENT="subsistens"/>
                  <SP HEIGHT="52" WIDTH="15" VPOS="1868" HPOS="1066"/>
                  <String HEIGHT="52"
                          WIDTH="87"
                          VPOS="1868"
                          HPOS="1008"
                          CONTENT="sine"/>
               </TextLine>
               <TextLine ID="r2l86"
                         BASELINE="1964"
                         HEIGHT="47"
                         WIDTH="906"
                         VPOS="1917"
                         HPOS="189">
                  <String HEIGHT="47"
                          WIDTH="184"
                          VPOS="1917"
                          HPOS="175"
                          CONTENT="subiecto:"/>
                  <SP HEIGHT="47" WIDTH="14" VPOS="1917" HPOS="359"/>
                  <String HEIGHT="47"
                          WIDTH="142"
                          VPOS="1917"
                          HPOS="316"
                          CONTENT="vtpote"/>
                  <SP HEIGHT="47" WIDTH="14" VPOS="1917" HPOS="458"/>
                  <String HEIGHT="47"
                          WIDTH="184"
                          VPOS="1917"
                          HPOS="416"
                          CONTENT="generatio"/>
                  <SP HEIGHT="47" WIDTH="14" VPOS="1917" HPOS="600"/>
                  <String HEIGHT="47"
                          WIDTH="127"
                          VPOS="1917"
                          HPOS="557"
                          CONTENT="filum"/>
                  <SP HEIGHT="47" WIDTH="14" VPOS="1917" HPOS="684"/>
                  <String HEIGHT="47"
                          WIDTH="113"
                          VPOS="1917"
                          HPOS="642"
                          CONTENT="dei:"/>
                  <SP HEIGHT="47" WIDTH="14" VPOS="1917" HPOS="755"/>
                  <String HEIGHT="47" WIDTH="99" VPOS="1917" HPOS="713" CONTENT="que"/>
                  <SP HEIGHT="47" WIDTH="14" VPOS="1917" HPOS="812"/>
                  <String HEIGHT="47"
                          WIDTH="127"
                          VPOS="1917"
                          HPOS="769"
                          CONTENT="tamen"/>
                  <SP HEIGHT="47" WIDTH="14" VPOS="1917" HPOS="897"/>
                  <String HEIGHT="47" WIDTH="99" VPOS="1917" HPOS="854" CONTENT="non"/>
                  <SP HEIGHT="47" WIDTH="14" VPOS="1917" HPOS="953"/>
                  <String HEIGHT="47" WIDTH="99" VPOS="1917" HPOS="911" CONTENT="est"/>
                  <SP HEIGHT="47" WIDTH="14" VPOS="1917" HPOS="1010"/>
                  <String HEIGHT="47"
                          WIDTH="142"
                          VPOS="1917"
                          HPOS="953"
                          CONTENT="creatio:"/>
               </TextLine>
               <TextLine ID="r2l88"
                         BASELINE="2004"
                         HEIGHT="46"
                         WIDTH="885"
                         VPOS="1958"
                         HPOS="197">
                  <String HEIGHT="46" WIDTH="80" VPOS="1958" HPOS="184" CONTENT="vt"/>
                  <SP HEIGHT="46" WIDTH="13" VPOS="1958" HPOS="264"/>
                  <String HEIGHT="46"
                          WIDTH="134"
                          VPOS="1958"
                          HPOS="224"
                          CONTENT="dictum"/>
                  <SP HEIGHT="46" WIDTH="13" VPOS="1958" HPOS="358"/>
                  <String HEIGHT="46"
                          WIDTH="107"
                          VPOS="1958"
                          HPOS="318"
                          CONTENT="est."/>
                  <SP HEIGHT="46" WIDTH="13" VPOS="1958" HPOS="425"/>
                  <String HEIGHT="46" WIDTH="67" VPOS="1958" HPOS="385" CONTENT=""/>
                  <SP HEIGHT="46" WIDTH="13" VPOS="1958" HPOS="452"/>
                  <String HEIGHT="46" WIDTH="80" VPOS="1958" HPOS="412" CONTENT="Ad"/>
                  <SP HEIGHT="46" WIDTH="13" VPOS="1958" HPOS="492"/>
                  <String HEIGHT="46"
                          WIDTH="161"
                          VPOS="1958"
                          HPOS="452"
                          CONTENT="secundum"/>
                  <SP HEIGHT="46" WIDTH="13" VPOS="1958" HPOS="613"/>
                  <String HEIGHT="46"
                          WIDTH="161"
                          VPOS="1958"
                          HPOS="572"
                          CONTENT="concessa"/>
                  <SP HEIGHT="46" WIDTH="13" VPOS="1958" HPOS="733"/>
                  <String HEIGHT="46"
                          WIDTH="148"
                          VPOS="1958"
                          HPOS="693"
                          CONTENT="maiore:"/>
                  <SP HEIGHT="46" WIDTH="13" VPOS="1958" HPOS="841"/>
                  <String HEIGHT="46" WIDTH="80" VPOS="1958" HPOS="800" CONTENT="si"/>
                  <SP HEIGHT="46" WIDTH="13" VPOS="1958" HPOS="881"/>
                  <String HEIGHT="46"
                          WIDTH="201"
                          VPOS="1958"
                          HPOS="841"
                          CONTENT="accipiantur"/>
                  <SP HEIGHT="46" WIDTH="13" VPOS="1958" HPOS="1042"/>
                  <String HEIGHT="46"
                          WIDTH="94"
                          VPOS="1958"
                          HPOS="988"
                          CONTENT="termi"/>
               </TextLine>
               <TextLine ID="r2l90"
                         BASELINE="2047"
                         HEIGHT="49"
                         WIDTH="904"
                         VPOS="1998"
                         HPOS="186">
                  <String HEIGHT="49" WIDTH="85" VPOS="1998" HPOS="172" CONTENT="ni"/>
                  <SP HEIGHT="49" WIDTH="14" VPOS="1998" HPOS="257"/>
                  <String HEIGHT="49"
                          WIDTH="226"
                          VPOS="1998"
                          HPOS="214"
                          CONTENT="generationis"/>
                  <SP HEIGHT="49" WIDTH="14" VPOS="1998" HPOS="440"/>
                  <String HEIGHT="49"
                          WIDTH="170"
                          VPOS="1998"
                          HPOS="398"
                          CONTENT="priuatio"/>
                  <SP HEIGHT="49" WIDTH="14" VPOS="1998" HPOS="567"/>
                  <String HEIGHT="49" WIDTH="85" VPOS="1998" HPOS="525" CONTENT="et"/>
                  <SP HEIGHT="49" WIDTH="14" VPOS="1998" HPOS="610"/>
                  <String HEIGHT="49"
                          WIDTH="127"
                          VPOS="1998"
                          HPOS="567"
                          CONTENT="forma"/>
                  <SP HEIGHT="49" WIDTH="14" VPOS="1998" HPOS="695"/>
                  <String HEIGHT="49"
                          WIDTH="170"
                          VPOS="1998"
                          HPOS="652"
                          CONTENT="qualiter"/>
                  <SP HEIGHT="49" WIDTH="14" VPOS="1998" HPOS="822"/>
                  <String HEIGHT="49"
                          WIDTH="127"
                          VPOS="1998"
                          HPOS="779"
                          CONTENT="debet"/>
                  <SP HEIGHT="49" WIDTH="14" VPOS="1998" HPOS="906"/>
                  <String HEIGHT="49"
                          WIDTH="198"
                          VPOS="1998"
                          HPOS="864"
                          CONTENT="intelligi."/>
                  <SP HEIGHT="49" WIDTH="14" VPOS="1998" HPOS="1062"/>
                  <String HEIGHT="49"
                          WIDTH="85"
                          VPOS="1998"
                          HPOS="1005"
                          CONTENT="Dico"/>
               </TextLine>
               <TextLine ID="r2l92"
                         BASELINE="2094"
                         HEIGHT="54"
                         WIDTH="899"
                         VPOS="2040"
                         HPOS="192">
                  <String HEIGHT="54"
                          WIDTH="112"
                          VPOS="2040"
                          HPOS="178"
                          CONTENT="quod"/>
                  <SP HEIGHT="54" WIDTH="14" VPOS="2040" HPOS="290"/>
                  <String HEIGHT="54"
                          WIDTH="126"
                          VPOS="2040"
                          HPOS="248"
                          CONTENT="minor"/>
                  <SP HEIGHT="54" WIDTH="14" VPOS="2040" HPOS="375"/>
                  <String HEIGHT="54" WIDTH="98" VPOS="2040" HPOS="332" CONTENT="est"/>
                  <SP HEIGHT="54" WIDTH="14" VPOS="2040" HPOS="431"/>
                  <String HEIGHT="54"
                          WIDTH="155"
                          VPOS="2040"
                          HPOS="389"
                          CONTENT="penitus"/>
                  <SP HEIGHT="54" WIDTH="14" VPOS="2040" HPOS="543"/>
                  <String HEIGHT="54"
                          WIDTH="140"
                          VPOS="2040"
                          HPOS="501"
                          CONTENT="falsa:"/>
                  <SP HEIGHT="54" WIDTH="14" VPOS="2040" HPOS="642"/>
                  <String HEIGHT="54" WIDTH="98" VPOS="2040" HPOS="599" CONTENT="cum"/>
                  <SP HEIGHT="54" WIDTH="14" VPOS="2040" HPOS="698"/>
                  <String HEIGHT="54"
                          WIDTH="169"
                          VPOS="2040"
                          HPOS="656"
                          CONTENT="essentia"/>
                  <SP HEIGHT="54" WIDTH="14" VPOS="2040" HPOS="824"/>
                  <String HEIGHT="54"
                          WIDTH="140"
                          VPOS="2040"
                          HPOS="782"
                          CONTENT="diuina"/>
                  <SP HEIGHT="54" WIDTH="14" VPOS="2040" HPOS="922"/>
                  <String HEIGHT="54"
                          WIDTH="155"
                          VPOS="2040"
                          HPOS="880"
                          CONTENT="numquam"/>
                  <SP HEIGHT="54" WIDTH="14" VPOS="2040" HPOS="1035"/>
                  <String HEIGHT="54"
                          WIDTH="112"
                          VPOS="2040"
                          HPOS="979"
                          CONTENT="fuerit"/>
               </TextLine>
               <TextLine ID="r2l94"
                         BASELINE="2138"
                         HEIGHT="49"
                         WIDTH="904"
                         VPOS="2089"
                         HPOS="194">
                  <String HEIGHT="49" WIDTH="99" VPOS="2089" HPOS="180" CONTENT="sub"/>
                  <SP HEIGHT="49" WIDTH="14" VPOS="2089" HPOS="279"/>
                  <String HEIGHT="49"
                          WIDTH="198"
                          VPOS="2089"
                          HPOS="236"
                          CONTENT="priuatione"/>
                  <SP HEIGHT="49" WIDTH="14" VPOS="2089" HPOS="434"/>
                  <String HEIGHT="49"
                          WIDTH="141"
                          VPOS="2089"
                          HPOS="392"
                          CONTENT="filii."/>
                  <SP HEIGHT="49" WIDTH="14" VPOS="2089" HPOS="533"/>
                  <String HEIGHT="49" WIDTH="99" VPOS="2089" HPOS="491" CONTENT="Nec"/>
                  <SP HEIGHT="49" WIDTH="14" VPOS="2089" HPOS="590"/>
                  <String HEIGHT="49"
                          WIDTH="170"
                          VPOS="2089"
                          HPOS="547"
                          CONTENT="probatio"/>
                  <SP HEIGHT="49" WIDTH="14" VPOS="2089" HPOS="717"/>
                  <String HEIGHT="49"
                          WIDTH="127"
                          VPOS="2089"
                          HPOS="674"
                          CONTENT="cadit"/>
                  <SP HEIGHT="49" WIDTH="14" VPOS="2089" HPOS="801"/>
                  <String HEIGHT="49" WIDTH="85" VPOS="2089" HPOS="759" CONTENT="ad"/>
                  <SP HEIGHT="49" WIDTH="14" VPOS="2089" HPOS="844"/>
                  <String HEIGHT="49"
                          WIDTH="198"
                          VPOS="2089"
                          HPOS="801"
                          CONTENT="propositum"/>
                  <SP HEIGHT="49" WIDTH="14" VPOS="2089" HPOS="999"/>
                  <String HEIGHT="49" WIDTH="85" VPOS="2089" HPOS="957" CONTENT="vt"/>
                  <SP HEIGHT="49" WIDTH="14" VPOS="2089" HPOS="1042"/>
                  <String HEIGHT="49"
                          WIDTH="113"
                          VPOS="2089"
                          HPOS="985"
                          CONTENT="patet."/>
               </TextLine>
               <TextLine ID="r2l96"
                         BASELINE="2181"
                         HEIGHT="49"
                         WIDTH="903"
                         VPOS="2132"
                         HPOS="188">
                  <String HEIGHT="49" WIDTH="76" VPOS="2132" HPOS="175" CONTENT="Si"/>
                  <SP HEIGHT="49" WIDTH="13" VPOS="2132" HPOS="252"/>
                  <String HEIGHT="49"
                          WIDTH="102"
                          VPOS="2132"
                          HPOS="213"
                          CONTENT="vero"/>
                  <SP HEIGHT="49" WIDTH="13" VPOS="2132" HPOS="315"/>
                  <String HEIGHT="49"
                          WIDTH="114"
                          VPOS="2132"
                          HPOS="277"
                          CONTENT="maior"/>
                  <SP HEIGHT="49" WIDTH="13" VPOS="2132" HPOS="391"/>
                  <String HEIGHT="49"
                          WIDTH="203"
                          VPOS="2132"
                          HPOS="353"
                          CONTENT="intelligatur"/>
                  <SP HEIGHT="49" WIDTH="13" VPOS="2132" HPOS="557"/>
                  <String HEIGHT="49" WIDTH="76" VPOS="2132" HPOS="519" CONTENT="de"/>
                  <SP HEIGHT="49" WIDTH="13" VPOS="2132" HPOS="595"/>
                  <String HEIGHT="49"
                          WIDTH="165"
                          VPOS="2132"
                          HPOS="557"
                          CONTENT="principio"/>
                  <SP HEIGHT="49" WIDTH="13" VPOS="2132" HPOS="722"/>
                  <String HEIGHT="49"
                          WIDTH="178"
                          VPOS="2132"
                          HPOS="684"
                          CONTENT="productiuo"/>
                  <SP HEIGHT="49" WIDTH="13" VPOS="2132" HPOS="862"/>
                  <String HEIGHT="49" WIDTH="76" VPOS="2132" HPOS="824" CONTENT="et"/>
                  <SP HEIGHT="49" WIDTH="13" VPOS="2132" HPOS="900"/>
                  <String HEIGHT="49"
                          WIDTH="165"
                          VPOS="2132"
                          HPOS="862"
                          CONTENT="producto:"/>
                  <SP HEIGHT="49" WIDTH="13" VPOS="2132" HPOS="1027"/>
                  <String HEIGHT="49" WIDTH="76" VPOS="2132" HPOS="989" CONTENT="et"/>
                  <SP HEIGHT="49" WIDTH="13" VPOS="2132" HPOS="1066"/>
                  <String HEIGHT="49"
                          WIDTH="76"
                          VPOS="2132"
                          HPOS="1015"
                          CONTENT="illa"/>
               </TextLine>
               <TextLine ID="r2l98"
                         BASELINE="2219"
                         HEIGHT="46"
                         WIDTH="906"
                         VPOS="2173"
                         HPOS="185">
                  <String HEIGHT="46"
                          WIDTH="181"
                          VPOS="2173"
                          HPOS="170"
                          CONTENT="vocentur"/>
                  <SP HEIGHT="46" WIDTH="15" VPOS="2173" HPOS="351"/>
                  <String HEIGHT="46"
                          WIDTH="181"
                          VPOS="2173"
                          HPOS="306"
                          CONTENT="termini:"/>
                  <SP HEIGHT="46" WIDTH="15" VPOS="2173" HPOS="487"/>
                  <String HEIGHT="46"
                          WIDTH="166"
                          VPOS="2173"
                          HPOS="442"
                          CONTENT="neganda"/>
                  <SP HEIGHT="46" WIDTH="15" VPOS="2173" HPOS="608"/>
                  <String HEIGHT="46"
                          WIDTH="121"
                          VPOS="2173"
                          HPOS="563"
                          CONTENT="est."/>
                  <SP HEIGHT="46" WIDTH="15" VPOS="2173" HPOS="683"/>
                  <String HEIGHT="46" WIDTH="76" VPOS="2173" HPOS="638" CONTENT=""/>
                  <SP HEIGHT="46" WIDTH="15" VPOS="2173" HPOS="713"/>
                  <String HEIGHT="46" WIDTH="91" VPOS="2173" HPOS="668" CONTENT="Ad"/>
                  <SP HEIGHT="46" WIDTH="15" VPOS="2173" HPOS="759"/>
                  <String HEIGHT="46" WIDTH="91" VPOS="2173" HPOS="714" CONTENT="3m"/>
                  <SP HEIGHT="46" WIDTH="15" VPOS="2173" HPOS="804"/>
                  <String HEIGHT="46"
                          WIDTH="166"
                          VPOS="2173"
                          HPOS="759"
                          CONTENT="neganda"/>
                  <SP HEIGHT="46" WIDTH="15" VPOS="2173" HPOS="925"/>
                  <String HEIGHT="46"
                          WIDTH="106"
                          VPOS="2173"
                          HPOS="880"
                          CONTENT="est"/>
                  <SP HEIGHT="46" WIDTH="15" VPOS="2173" HPOS="985"/>
                  <String HEIGHT="46"
                          WIDTH="151"
                          VPOS="2173"
                          HPOS="940"
                          CONTENT="minor."/>
                  <SP HEIGHT="46" WIDTH="15" VPOS="2173" HPOS="1091"/>
                  <String HEIGHT="46" WIDTH="60" VPOS="2173" HPOS="1031" CONTENT="Et"/>
               </TextLine>
               <TextLine ID="r2l100"
                         BASELINE="2267"
                         HEIGHT="49"
                         WIDTH="900"
                         VPOS="2218"
                         HPOS="191">
                  <String HEIGHT="49" WIDTH="78" VPOS="2218" HPOS="180" CONTENT="cum"/>
                  <SP HEIGHT="49" WIDTH="11" VPOS="2218" HPOS="258"/>
                  <String HEIGHT="49"
                          WIDTH="133"
                          VPOS="2218"
                          HPOS="224"
                          CONTENT="probatur"/>
                  <SP HEIGHT="49" WIDTH="11" VPOS="2218" HPOS="358"/>
                  <String HEIGHT="49"
                          WIDTH="89"
                          VPOS="2218"
                          HPOS="324"
                          CONTENT="quod"/>
                  <SP HEIGHT="49" WIDTH="11" VPOS="2218" HPOS="413"/>
                  <String HEIGHT="49"
                          WIDTH="133"
                          VPOS="2218"
                          HPOS="380"
                          CONTENT="filiatio"/>
                  <SP HEIGHT="49" WIDTH="11" VPOS="2218" HPOS="513"/>
                  <String HEIGHT="49" WIDTH="78" VPOS="2218" HPOS="480" CONTENT="est"/>
                  <SP HEIGHT="49" WIDTH="11" VPOS="2218" HPOS="558"/>
                  <String HEIGHT="49"
                          WIDTH="100"
                          VPOS="2218"
                          HPOS="524"
                          CONTENT="prior"/>
                  <SP HEIGHT="49" WIDTH="11" VPOS="2218" HPOS="624"/>
                  <String HEIGHT="49"
                          WIDTH="100"
                          VPOS="2218"
                          HPOS="591"
                          CONTENT="filio"/>
                  <SP HEIGHT="49" WIDTH="11" VPOS="2218" HPOS="691"/>
                  <String HEIGHT="49"
                          WIDTH="133"
                          VPOS="2218"
                          HPOS="658"
                          CONTENT="origine."/>
                  <SP HEIGHT="49" WIDTH="11" VPOS="2218" HPOS="791"/>
                  <String HEIGHT="49"
                          WIDTH="89"
                          VPOS="2218"
                          HPOS="758"
                          CONTENT="Dico"/>
                  <SP HEIGHT="49" WIDTH="11" VPOS="2218" HPOS="847"/>
                  <String HEIGHT="49"
                          WIDTH="89"
                          VPOS="2218"
                          HPOS="813"
                          CONTENT="quod"/>
                  <SP HEIGHT="49" WIDTH="11" VPOS="2218" HPOS="902"/>
                  <String HEIGHT="49"
                          WIDTH="111"
                          VPOS="2218"
                          HPOS="869"
                          CONTENT="omnino"/>
                  <SP HEIGHT="49" WIDTH="11" VPOS="2218" HPOS="980"/>
                  <String HEIGHT="49" WIDTH="78" VPOS="2218" HPOS="947" CONTENT="est"/>
                  <SP HEIGHT="49" WIDTH="11" VPOS="2218" HPOS="1024"/>
                  <String HEIGHT="49"
                          WIDTH="111"
                          VPOS="2218"
                          HPOS="980"
                          CONTENT="sicultum"/>
               </TextLine>
               <TextLine ID="r2l102"
                         BASELINE="2309"
                         HEIGHT="44"
                         WIDTH="888"
                         VPOS="2265"
                         HPOS="192">
                  <String HEIGHT="44" WIDTH="85" VPOS="2265" HPOS="180" CONTENT="cum"/>
                  <SP HEIGHT="44" WIDTH="12" VPOS="2265" HPOS="265"/>
                  <String HEIGHT="44" WIDTH="85" VPOS="2265" HPOS="228" CONTENT="sit"/>
                  <SP HEIGHT="44" WIDTH="12" VPOS="2265" HPOS="314"/>
                  <String HEIGHT="44"
                          WIDTH="134"
                          VPOS="2265"
                          HPOS="277"
                          CONTENT="penitus"/>
                  <SP HEIGHT="44" WIDTH="12" VPOS="2265" HPOS="411"/>
                  <String HEIGHT="44"
                          WIDTH="109"
                          VPOS="2265"
                          HPOS="374"
                          CONTENT="eadem"/>
                  <SP HEIGHT="44" WIDTH="12" VPOS="2265" HPOS="484"/>
                  <String HEIGHT="44"
                          WIDTH="158"
                          VPOS="2265"
                          HPOS="447"
                          CONTENT="filiatio:"/>
                  <SP HEIGHT="44" WIDTH="12" VPOS="2265" HPOS="606"/>
                  <String HEIGHT="44" WIDTH="85" VPOS="2265" HPOS="569" CONTENT="nec"/>
                  <SP HEIGHT="44" WIDTH="12" VPOS="2265" HPOS="654"/>
                  <String HEIGHT="44"
                          WIDTH="122"
                          VPOS="2265"
                          HPOS="618"
                          CONTENT="aliquo"/>
                  <SP HEIGHT="44" WIDTH="12" VPOS="2265" HPOS="739"/>
                  <String HEIGHT="44"
                          WIDTH="97"
                          VPOS="2265"
                          HPOS="703"
                          CONTENT="modo"/>
                  <SP HEIGHT="44" WIDTH="12" VPOS="2265" HPOS="800"/>
                  <String HEIGHT="44" WIDTH="85" VPOS="2265" HPOS="764" CONTENT="est"/>
                  <SP HEIGHT="44" WIDTH="12" VPOS="2265" HPOS="849"/>
                  <String HEIGHT="44"
                          WIDTH="122"
                          VPOS="2265"
                          HPOS="812"
                          CONTENT="simile"/>
                  <SP HEIGHT="44" WIDTH="12" VPOS="2265" HPOS="934"/>
                  <String HEIGHT="44"
                          WIDTH="97"
                          VPOS="2265"
                          HPOS="898"
                          CONTENT="quod"/>
                  <SP HEIGHT="44" WIDTH="12" VPOS="2265" HPOS="995"/>
                  <String HEIGHT="44"
                          WIDTH="134"
                          VPOS="2265"
                          HPOS="946"
                          CONTENT="inducitur"/>
               </TextLine>
               <TextLine ID="r2l104"
                         BASELINE="2356"
                         HEIGHT="48"
                         WIDTH="902"
                         VPOS="2308"
                         HPOS="182">
                  <String HEIGHT="48"
                          WIDTH="123"
                          VPOS="2308"
                          HPOS="168"
                          CONTENT="forma"/>
                  <SP HEIGHT="48" WIDTH="14" VPOS="2308" HPOS="291"/>
                  <String HEIGHT="48"
                          WIDTH="178"
                          VPOS="2308"
                          HPOS="250"
                          CONTENT="respectum"/>
                  <SP HEIGHT="48" WIDTH="14" VPOS="2308" HPOS="428"/>
                  <String HEIGHT="48"
                          WIDTH="191"
                          VPOS="2308"
                          HPOS="387"
                          CONTENT="compositi."/>
                  <SP HEIGHT="48" WIDTH="14" VPOS="2308" HPOS="578"/>
                  <String HEIGHT="48" WIDTH="96" VPOS="2308" HPOS="537" CONTENT="cum"/>
                  <SP HEIGHT="48" WIDTH="14" VPOS="2308" HPOS="633"/>
                  <String HEIGHT="48"
                          WIDTH="123"
                          VPOS="2308"
                          HPOS="592"
                          CONTENT="nulla"/>
                  <SP HEIGHT="48" WIDTH="14" VPOS="2308" HPOS="715"/>
                  <String HEIGHT="48" WIDTH="96" VPOS="2308" HPOS="674" CONTENT="sit"/>
                  <SP HEIGHT="48" WIDTH="14" VPOS="2308" HPOS="770"/>
                  <String HEIGHT="48" WIDTH="96" VPOS="2308" HPOS="729" CONTENT="ibi"/>
                  <SP HEIGHT="48" WIDTH="14" VPOS="2308" HPOS="824"/>
                  <String HEIGHT="48"
                          WIDTH="205"
                          VPOS="2308"
                          HPOS="783"
                          CONTENT="compositio:"/>
                  <SP HEIGHT="48" WIDTH="14" VPOS="2308" HPOS="988"/>
                  <String HEIGHT="48" WIDTH="96" VPOS="2308" HPOS="947" CONTENT="sed"/>
                  <SP HEIGHT="48" WIDTH="14" VPOS="2308" HPOS="1043"/>
                  <String HEIGHT="48"
                          WIDTH="96"
                          VPOS="2308"
                          HPOS="988"
                          CONTENT="summa"/>
               </TextLine>
               <TextLine ID="r2l106"
                         BASELINE="2400"
                         HEIGHT="52"
                         WIDTH="885"
                         VPOS="2348"
                         HPOS="194">
                  <String HEIGHT="52"
                          WIDTH="228"
                          VPOS="2348"
                          HPOS="180"
                          CONTENT="simplicitas."/>
                  <SP HEIGHT="52" WIDTH="14" VPOS="2348" HPOS="408"/>
                  <String HEIGHT="52"
                          WIDTH="114"
                          VPOS="2348"
                          HPOS="365"
                          CONTENT="Quod"/>
                  <SP HEIGHT="52" WIDTH="14" VPOS="2348" HPOS="479"/>
                  <String HEIGHT="52"
                          WIDTH="100"
                          VPOS="2348"
                          HPOS="437"
                          CONTENT="est"/>
                  <SP HEIGHT="52" WIDTH="14" VPOS="2348" HPOS="537"/>
                  <String HEIGHT="52"
                          WIDTH="186"
                          VPOS="2348"
                          HPOS="494"
                          CONTENT="assumitur"/>
                  <SP HEIGHT="52" WIDTH="14" VPOS="2348" HPOS="679"/>
                  <String HEIGHT="52"
                          WIDTH="114"
                          VPOS="2348"
                          HPOS="637"
                          CONTENT="Aug."/>
                  <SP HEIGHT="52" WIDTH="14" VPOS="2348" HPOS="751"/>
                  <String HEIGHT="52"
                          WIDTH="143"
                          VPOS="2348"
                          HPOS="708"
                          CONTENT="dicere"/>
                  <SP HEIGHT="52" WIDTH="14" VPOS="2348" HPOS="851"/>
                  <String HEIGHT="52"
                          WIDTH="114"
                          VPOS="2348"
                          HPOS="808"
                          CONTENT="quod"/>
                  <SP HEIGHT="52" WIDTH="14" VPOS="2348" HPOS="922"/>
                  <String HEIGHT="52"
                          WIDTH="128"
                          VPOS="2348"
                          HPOS="879"
                          CONTENT="nulla"/>
                  <SP HEIGHT="52" WIDTH="14" VPOS="2348" HPOS="1008"/>
                  <String HEIGHT="52"
                          WIDTH="128"
                          VPOS="2348"
                          HPOS="951"
                          CONTENT="relati"
                          SUBS_TYPE="HypPart1"
                          SUBS_CONTENT="relatiest"/>
                  <HYP CONTENT="-"/>
               </TextLine>
               <TextLine ID="r2l108"
                         BASELINE="2442"
                         HEIGHT="54"
                         WIDTH="897"
                         VPOS="2388"
                         HPOS="188">
                  <String HEIGHT="54"
                          WIDTH="72"
                          VPOS="2388"
                          HPOS="178"
                          CONTENT="est"
                          SUBS_TYPE="HypPart2"
                          SUBS_CONTENT="relatiest"/>
                  <SP HEIGHT="54" WIDTH="10" VPOS="2388" HPOS="250"/>
                  <String HEIGHT="54" WIDTH="72" VPOS="2388" HPOS="219" CONTENT="per"/>
                  <SP HEIGHT="54" WIDTH="10" VPOS="2388" HPOS="291"/>
                  <String HEIGHT="54" WIDTH="62" VPOS="2388" HPOS="260" CONTENT="se"/>
                  <SP HEIGHT="54" WIDTH="10" VPOS="2388" HPOS="322"/>
                  <String HEIGHT="54"
                          WIDTH="124"
                          VPOS="2388"
                          HPOS="291"
                          CONTENT="existens"/>
                  <SP HEIGHT="54" WIDTH="10" VPOS="2388" HPOS="415"/>
                  <String HEIGHT="54"
                          WIDTH="103"
                          VPOS="2388"
                          HPOS="384"
                          CONTENT="sietum"/>
                  <SP HEIGHT="54" WIDTH="10" VPOS="2388" HPOS="487"/>
                  <String HEIGHT="54"
                          WIDTH="82"
                          VPOS="2388"
                          HPOS="456"
                          CONTENT="est:"/>
                  <SP HEIGHT="54" WIDTH="10" VPOS="2388" HPOS="539"/>
                  <String HEIGHT="54" WIDTH="72" VPOS="2388" HPOS="508" CONTENT="sed"/>
                  <SP HEIGHT="54" WIDTH="10" VPOS="2388" HPOS="580"/>
                  <String HEIGHT="54"
                          WIDTH="93"
                          VPOS="2388"
                          HPOS="549"
                          CONTENT="dicit"/>
                  <SP HEIGHT="54" WIDTH="10" VPOS="2388" HPOS="642"/>
                  <String HEIGHT="54"
                          WIDTH="82"
                          VPOS="2388"
                          HPOS="611"
                          CONTENT="quod"/>
                  <SP HEIGHT="54" WIDTH="10" VPOS="2388" HPOS="693"/>
                  <String HEIGHT="54"
                          WIDTH="93"
                          VPOS="2388"
                          HPOS="662"
                          CONTENT="omnis"/>
                  <SP HEIGHT="54" WIDTH="10" VPOS="2388" HPOS="755"/>
                  <String HEIGHT="54"
                          WIDTH="124"
                          VPOS="2388"
                          HPOS="724"
                          CONTENT="essentia"/>
                  <SP HEIGHT="54" WIDTH="10" VPOS="2388" HPOS="848"/>
                  <String HEIGHT="54"
                          WIDTH="82"
                          VPOS="2388"
                          HPOS="817"
                          CONTENT="quae"/>
                  <SP HEIGHT="54" WIDTH="10" VPOS="2388" HPOS="899"/>
                  <String HEIGHT="54"
                          WIDTH="124"
                          VPOS="2388"
                          HPOS="868"
                          CONTENT="relatiue"/>
                  <SP HEIGHT="54" WIDTH="10" VPOS="2388" HPOS="992"/>
                  <String HEIGHT="54"
                          WIDTH="113"
                          VPOS="2388"
                          HPOS="961"
                          CONTENT="dicitur"/>
                  <SP HEIGHT="54" WIDTH="10" VPOS="2388" HPOS="1075"/>
                  <String HEIGHT="54"
                          WIDTH="52"
                          VPOS="2388"
                          HPOS="1033"
                          CONTENT="est"/>
               </TextLine>
               <TextLine ID="r2l110"
                         BASELINE="2485"
                         HEIGHT="54"
                         WIDTH="900"
                         VPOS="2431"
                         HPOS="188">
                  <String HEIGHT="54"
                          WIDTH="117"
                          VPOS="2431"
                          HPOS="175"
                          CONTENT="etiam"/>
                  <SP HEIGHT="54" WIDTH="13" VPOS="2431" HPOS="292"/>
                  <String HEIGHT="54"
                          WIDTH="143"
                          VPOS="2431"
                          HPOS="253"
                          CONTENT="aliquid"/>
                  <SP HEIGHT="54" WIDTH="13" VPOS="2431" HPOS="397"/>
                  <String HEIGHT="54"
                          WIDTH="143"
                          VPOS="2431"
                          HPOS="358"
                          CONTENT="excepto"/>
                  <SP HEIGHT="54" WIDTH="13" VPOS="2431" HPOS="501"/>
                  <String HEIGHT="54"
                          WIDTH="157"
                          VPOS="2431"
                          HPOS="462"
                          CONTENT="relatiuo"/>
                  <SP HEIGHT="54" WIDTH="13" VPOS="2431" HPOS="618"/>
                  <String HEIGHT="54" WIDTH="78" VPOS="2431" HPOS="579" CONTENT="id"/>
                  <SP HEIGHT="54" WIDTH="13" VPOS="2431" HPOS="658"/>
                  <String HEIGHT="54" WIDTH="91" VPOS="2431" HPOS="618" CONTENT="est"/>
                  <SP HEIGHT="54" WIDTH="13" VPOS="2431" HPOS="710"/>
                  <String HEIGHT="54" WIDTH="91" VPOS="2431" HPOS="671" CONTENT="non"/>
                  <SP HEIGHT="54" WIDTH="13" VPOS="2431" HPOS="762"/>
                  <String HEIGHT="54"
                          WIDTH="117"
                          VPOS="2431"
                          HPOS="723"
                          CONTENT="solum"/>
                  <SP HEIGHT="54" WIDTH="13" VPOS="2431" HPOS="840"/>
                  <String HEIGHT="54" WIDTH="91" VPOS="2431" HPOS="801" CONTENT="est"/>
                  <SP HEIGHT="54" WIDTH="13" VPOS="2431" HPOS="892"/>
                  <String HEIGHT="54"
                          WIDTH="143"
                          VPOS="2431"
                          HPOS="853"
                          CONTENT="aliquid"/>
                  <SP HEIGHT="54" WIDTH="13" VPOS="2431" HPOS="997"/>
                  <String HEIGHT="54" WIDTH="78" VPOS="2431" HPOS="958" CONTENT="ad"/>
                  <SP HEIGHT="54" WIDTH="13" VPOS="2431" HPOS="1036"/>
                  <String HEIGHT="54"
                          WIDTH="117"
                          VPOS="2431"
                          HPOS="997"
                          CONTENT="aliud"/>
                  <SP HEIGHT="54" WIDTH="13" VPOS="2431" HPOS="1114"/>
                  <String HEIGHT="54" WIDTH="26" VPOS="2431" HPOS="1062" CONTENT=""/>
               </TextLine>
               <TextLine ID="r2l112"
                         BASELINE="2530"
                         HEIGHT="54"
                         WIDTH="896"
                         VPOS="2476"
                         HPOS="185">
                  <String HEIGHT="54" WIDTH="94" VPOS="2476" HPOS="172" CONTENT="sed"/>
                  <SP HEIGHT="54" WIDTH="13" VPOS="2476" HPOS="265"/>
                  <String HEIGHT="54" WIDTH="94" VPOS="2476" HPOS="225" CONTENT="est"/>
                  <SP HEIGHT="54" WIDTH="13" VPOS="2476" HPOS="319"/>
                  <String HEIGHT="54"
                          WIDTH="147"
                          VPOS="2476"
                          HPOS="279"
                          CONTENT="aliquid"/>
                  <SP HEIGHT="54" WIDTH="13" VPOS="2476" HPOS="426"/>
                  <String HEIGHT="54" WIDTH="80" VPOS="2476" HPOS="386" CONTENT="ad"/>
                  <SP HEIGHT="54" WIDTH="13" VPOS="2476" HPOS="466"/>
                  <String HEIGHT="54" WIDTH="94" VPOS="2476" HPOS="426" CONTENT="se."/>
                  <SP HEIGHT="54" WIDTH="13" VPOS="2476" HPOS="519"/>
                  <String HEIGHT="54" WIDTH="94" VPOS="2476" HPOS="479" CONTENT="sed"/>
                  <SP HEIGHT="54" WIDTH="13" VPOS="2476" HPOS="573"/>
                  <String HEIGHT="54" WIDTH="80" VPOS="2476" HPOS="533" CONTENT="de"/>
                  <SP HEIGHT="54" WIDTH="13" VPOS="2476" HPOS="613"/>
                  <String HEIGHT="54" WIDTH="94" VPOS="2476" HPOS="573" CONTENT="hoc"/>
                  <SP HEIGHT="54" WIDTH="13" VPOS="2476" HPOS="666"/>
                  <String HEIGHT="54"
                          WIDTH="120"
                          VPOS="2476"
                          HPOS="626"
                          CONTENT="magis"/>
                  <SP HEIGHT="54" WIDTH="13" VPOS="2476" HPOS="747"/>
                  <String HEIGHT="54"
                          WIDTH="120"
                          VPOS="2476"
                          HPOS="707"
                          CONTENT="infra"/>
                  <SP HEIGHT="54" WIDTH="13" VPOS="2476" HPOS="827"/>
                  <String HEIGHT="54"
                          WIDTH="160"
                          VPOS="2476"
                          HPOS="787"
                          CONTENT="dicetur."/>
                  <SP HEIGHT="54" WIDTH="13" VPOS="2476" HPOS="947"/>
                  <String HEIGHT="54" WIDTH="67" VPOS="2476" HPOS="907" CONTENT=""/>
                  <SP HEIGHT="54" WIDTH="13" VPOS="2476" HPOS="974"/>
                  <String HEIGHT="54" WIDTH="80" VPOS="2476" HPOS="934" CONTENT="Ad"/>
                  <SP HEIGHT="54" WIDTH="13" VPOS="2476" HPOS="1014"/>
                  <String HEIGHT="54" WIDTH="80" VPOS="2476" HPOS="974" CONTENT="4m"/>
                  <SP HEIGHT="54" WIDTH="13" VPOS="2476" HPOS="1054"/>
                  <String HEIGHT="54"
                          WIDTH="80"
                          VPOS="2476"
                          HPOS="1001"
                          CONTENT="dico"/>
               </TextLine>
               <TextLine ID="r2l114"
                         BASELINE="2576"
                         HEIGHT="53"
                         WIDTH="901"
                         VPOS="2523"
                         HPOS="191">
                  <String HEIGHT="53"
                          WIDTH="111"
                          VPOS="2523"
                          HPOS="177"
                          CONTENT="quod"/>
                  <SP HEIGHT="53" WIDTH="14" VPOS="2523" HPOS="288"/>
                  <String HEIGHT="53"
                          WIDTH="111"
                          VPOS="2523"
                          HPOS="246"
                          CONTENT="siue"/>
                  <SP HEIGHT="53" WIDTH="14" VPOS="2523" HPOS="357"/>
                  <String HEIGHT="53"
                          WIDTH="125"
                          VPOS="2523"
                          HPOS="316"
                          CONTENT="ignis"/>
                  <SP HEIGHT="53" WIDTH="14" VPOS="2523" HPOS="441"/>
                  <String HEIGHT="53"
                          WIDTH="152"
                          VPOS="2523"
                          HPOS="399"
                          CONTENT="generet"/>
                  <SP HEIGHT="53" WIDTH="14" VPOS="2523" HPOS="551"/>
                  <String HEIGHT="53"
                          WIDTH="125"
                          VPOS="2523"
                          HPOS="510"
                          CONTENT="alium"/>
                  <SP HEIGHT="53" WIDTH="14" VPOS="2523" HPOS="635"/>
                  <String HEIGHT="53"
                          WIDTH="125"
                          VPOS="2523"
                          HPOS="593"
                          CONTENT="ignem"/>
                  <SP HEIGHT="53" WIDTH="14" VPOS="2523" HPOS="718"/>
                  <String HEIGHT="53" WIDTH="83" VPOS="2523" HPOS="676" CONTENT="de"/>
                  <SP HEIGHT="53" WIDTH="14" VPOS="2523" HPOS="759"/>
                  <String HEIGHT="53"
                          WIDTH="125"
                          VPOS="2523"
                          HPOS="718"
                          CONTENT="parte"/>
                  <SP HEIGHT="53" WIDTH="14" VPOS="2523" HPOS="842"/>
                  <String HEIGHT="53" WIDTH="97" VPOS="2523" HPOS="801" CONTENT="sue"/>
                  <SP HEIGHT="53" WIDTH="14" VPOS="2523" HPOS="898"/>
                  <String HEIGHT="53"
                          WIDTH="208"
                          VPOS="2523"
                          HPOS="856"
                          CONTENT="substantie:"/>
                  <SP HEIGHT="53" WIDTH="14" VPOS="2523" HPOS="1064"/>
                  <String HEIGHT="53"
                          WIDTH="83"
                          VPOS="2523"
                          HPOS="1009"
                          CONTENT="siue"/>
               </TextLine>
               <TextLine ID="r2l116"
                         BASELINE="2620"
                         HEIGHT="53"
                         WIDTH="889"
                         VPOS="2567"
                         HPOS="189">
                  <String HEIGHT="53" WIDTH="77" VPOS="2567" HPOS="176" CONTENT="de"/>
                  <SP HEIGHT="53" WIDTH="13" VPOS="2567" HPOS="253"/>
                  <String HEIGHT="53"
                          WIDTH="103"
                          VPOS="2567"
                          HPOS="215"
                          CONTENT="tota"/>
                  <SP HEIGHT="53" WIDTH="13" VPOS="2567" HPOS="318"/>
                  <String HEIGHT="53"
                          WIDTH="103"
                          VPOS="2567"
                          HPOS="279"
                          CONTENT="eius"/>
                  <SP HEIGHT="53" WIDTH="13" VPOS="2567" HPOS="382"/>
                  <String HEIGHT="53"
                          WIDTH="167"
                          VPOS="2567"
                          HPOS="344"
                          CONTENT="subiecta:"/>
                  <SP HEIGHT="53" WIDTH="13" VPOS="2567" HPOS="511"/>
                  <String HEIGHT="53"
                          WIDTH="142"
                          VPOS="2567"
                          HPOS="472"
                          CONTENT="dummodo"/>
                  <SP HEIGHT="53" WIDTH="13" VPOS="2567" HPOS="614"/>
                  <String HEIGHT="53"
                          WIDTH="116"
                          VPOS="2567"
                          HPOS="576"
                          CONTENT="nulla"/>
                  <SP HEIGHT="53" WIDTH="13" VPOS="2567" HPOS="691"/>
                  <String HEIGHT="53"
                          WIDTH="103"
                          VPOS="2567"
                          HPOS="653"
                          CONTENT="alia"/>
                  <SP HEIGHT="53" WIDTH="13" VPOS="2567" HPOS="756"/>
                  <String HEIGHT="53"
                          WIDTH="142"
                          VPOS="2567"
                          HPOS="717"
                          CONTENT="entitas"/>
                  <SP HEIGHT="53" WIDTH="13" VPOS="2567" HPOS="859"/>
                  <String HEIGHT="53"
                          WIDTH="116"
                          VPOS="2567"
                          HPOS="820"
                          CONTENT="esset"/>
                  <SP HEIGHT="53" WIDTH="13" VPOS="2567" HPOS="936"/>
                  <String HEIGHT="53" WIDTH="77" VPOS="2567" HPOS="898" CONTENT="in"/>
                  <SP HEIGHT="53" WIDTH="13" VPOS="2567" HPOS="975"/>
                  <String HEIGHT="53"
                          WIDTH="129"
                          VPOS="2567"
                          HPOS="936"
                          CONTENT="genito"/>
                  <SP HEIGHT="53" WIDTH="13" VPOS="2567" HPOS="1065"/>
                  <String HEIGHT="53"
                          WIDTH="64"
                          VPOS="2567"
                          HPOS="1014"
                          CONTENT="di"
                          SUBS_TYPE="HypPart1"
                          SUBS_CONTENT="disticta"/>
                  <HYP CONTENT="-"/>
               </TextLine>
               <TextLine ID="r2l118"
                         BASELINE="2661"
                         HEIGHT="50"
                         WIDTH="900"
                         VPOS="2611"
                         HPOS="186">
                  <String HEIGHT="50"
                          WIDTH="118"
                          VPOS="2611"
                          HPOS="174"
                          CONTENT="sticta"
                          SUBS_TYPE="HypPart2"
                          SUBS_CONTENT="disticta"/>
                  <SP HEIGHT="50" WIDTH="12" VPOS="2611" HPOS="293"/>
                  <String HEIGHT="50" WIDTH="59" VPOS="2611" HPOS="257" CONTENT="a"/>
                  <SP HEIGHT="50" WIDTH="12" VPOS="2611" HPOS="316"/>
                  <String HEIGHT="50"
                          WIDTH="142"
                          VPOS="2611"
                          HPOS="281"
                          CONTENT="subiecta"/>
                  <SP HEIGHT="50" WIDTH="12" VPOS="2611" HPOS="423"/>
                  <String HEIGHT="50"
                          WIDTH="107"
                          VPOS="2611"
                          HPOS="387"
                          CONTENT="illa:"/>
                  <SP HEIGHT="50" WIDTH="12" VPOS="2611" HPOS="494"/>
                  <String HEIGHT="50"
                          WIDTH="107"
                          VPOS="2611"
                          HPOS="458"
                          CONTENT="sicut"/>
                  <SP HEIGHT="50" WIDTH="12" VPOS="2611" HPOS="565"/>
                  <String HEIGHT="50" WIDTH="71" VPOS="2611" HPOS="529" CONTENT="in"/>
                  <SP HEIGHT="50" WIDTH="12" VPOS="2611" HPOS="600"/>
                  <String HEIGHT="50"
                          WIDTH="107"
                          VPOS="2611"
                          HPOS="565"
                          CONTENT="filio"/>
                  <SP HEIGHT="50" WIDTH="12" VPOS="2611" HPOS="672"/>
                  <String HEIGHT="50"
                          WIDTH="107"
                          VPOS="2611"
                          HPOS="636"
                          CONTENT="nulla"/>
                  <SP HEIGHT="50" WIDTH="12" VPOS="2611" HPOS="743"/>
                  <String HEIGHT="50" WIDTH="83" VPOS="2611" HPOS="707" CONTENT="est"/>
                  <SP HEIGHT="50" WIDTH="12" VPOS="2611" HPOS="790"/>
                  <String HEIGHT="50"
                          WIDTH="130"
                          VPOS="2611"
                          HPOS="754"
                          CONTENT="entitas"/>
                  <SP HEIGHT="50" WIDTH="12" VPOS="2611" HPOS="885"/>
                  <String HEIGHT="50"
                          WIDTH="154"
                          VPOS="2611"
                          HPOS="849"
                          CONTENT="distincta"/>
                  <SP HEIGHT="50" WIDTH="12" VPOS="2611" HPOS="1003"/>
                  <String HEIGHT="50" WIDTH="71" VPOS="2611" HPOS="968" CONTENT="ab"/>
                  <SP HEIGHT="50" WIDTH="12" VPOS="2611" HPOS="1039"/>
                  <String HEIGHT="50"
                          WIDTH="95"
                          VPOS="2611"
                          HPOS="991"
                          CONTENT="essen"
                          SUBS_TYPE="HypPart1"
                          SUBS_CONTENT="essentia:"/>
                  <HYP CONTENT="-"/>
               </TextLine>
               <TextLine ID="r2l120"
                         BASELINE="2700"
                         HEIGHT="49"
                         WIDTH="906"
                         VPOS="2651"
                         HPOS="186">
                  <String HEIGHT="49"
                          WIDTH="98"
                          VPOS="2651"
                          HPOS="174"
                          CONTENT="tia:"
                          SUBS_TYPE="HypPart2"
                          SUBS_CONTENT="essentia:"/>
                  <SP HEIGHT="49" WIDTH="12" VPOS="2651" HPOS="272"/>
                  <String HEIGHT="49"
                          WIDTH="98"
                          VPOS="2651"
                          HPOS="235"
                          CONTENT="illa"/>
                  <SP HEIGHT="49" WIDTH="12" VPOS="2651" HPOS="333"/>
                  <String HEIGHT="49"
                          WIDTH="147"
                          VPOS="2651"
                          HPOS="296"
                          CONTENT="subiecta"/>
                  <SP HEIGHT="49" WIDTH="12" VPOS="2651" HPOS="443"/>
                  <String HEIGHT="49" WIDTH="86" VPOS="2651" HPOS="406" CONTENT="non"/>
                  <SP HEIGHT="49" WIDTH="12" VPOS="2651" HPOS="492"/>
                  <String HEIGHT="49"
                          WIDTH="110"
                          VPOS="2651"
                          HPOS="455"
                          CONTENT="esset"/>
                  <SP HEIGHT="49" WIDTH="12" VPOS="2651" HPOS="566"/>
                  <String HEIGHT="49"
                          WIDTH="98"
                          VPOS="2651"
                          HPOS="529"
                          CONTENT="eius"/>
                  <SP HEIGHT="49" WIDTH="12" VPOS="2651" HPOS="627"/>
                  <String HEIGHT="49"
                          WIDTH="147"
                          VPOS="2651"
                          HPOS="590"
                          CONTENT="materia:"/>
                  <SP HEIGHT="49" WIDTH="12" VPOS="2651" HPOS="737"/>
                  <String HEIGHT="49" WIDTH="86" VPOS="2651" HPOS="700" CONTENT="sed"/>
                  <SP HEIGHT="49" WIDTH="12" VPOS="2651" HPOS="786"/>
                  <String HEIGHT="49"
                          WIDTH="110"
                          VPOS="2651"
                          HPOS="749"
                          CONTENT="ipse."/>
                  <SP HEIGHT="49" WIDTH="12" VPOS="2651" HPOS="859"/>
                  <String HEIGHT="49" WIDTH="61" VPOS="2651" HPOS="823" CONTENT=""/>
                  <SP HEIGHT="49" WIDTH="12" VPOS="2651" HPOS="884"/>
                  <String HEIGHT="49" WIDTH="73" VPOS="2651" HPOS="847" CONTENT="Ad"/>
                  <SP HEIGHT="49" WIDTH="12" VPOS="2651" HPOS="921"/>
                  <String HEIGHT="49" WIDTH="73" VPOS="2651" HPOS="884" CONTENT="5m"/>
                  <SP HEIGHT="49" WIDTH="12" VPOS="2651" HPOS="957"/>
                  <String HEIGHT="49"
                          WIDTH="98"
                          VPOS="2651"
                          HPOS="921"
                          CONTENT="dico"/>
                  <SP HEIGHT="49" WIDTH="12" VPOS="2651" HPOS="1019"/>
                  <String HEIGHT="49"
                          WIDTH="98"
                          VPOS="2651"
                          HPOS="982"
                          CONTENT="quod"/>
                  <SP HEIGHT="49" WIDTH="12" VPOS="2651" HPOS="1080"/>
                  <String HEIGHT="49"
                          WIDTH="61"
                          VPOS="2651"
                          HPOS="1031"
                          CONTENT="cum"/>
               </TextLine>
               <TextLine ID="r2l122"
                         BASELINE="2748"
                         HEIGHT="49"
                         WIDTH="881"
                         VPOS="2699"
                         HPOS="199">
                  <String HEIGHT="49"
                          WIDTH="147"
                          VPOS="2699"
                          HPOS="186"
                          CONTENT="dicimus"/>
                  <SP HEIGHT="49" WIDTH="13" VPOS="2699" HPOS="332"/>
                  <String HEIGHT="49" WIDTH="93" VPOS="2699" HPOS="292" CONTENT="hoc"/>
                  <SP HEIGHT="49" WIDTH="13" VPOS="2699" HPOS="386"/>
                  <String HEIGHT="49" WIDTH="93" VPOS="2699" HPOS="346" CONTENT="est"/>
                  <SP HEIGHT="49" WIDTH="13" VPOS="2699" HPOS="439"/>
                  <String HEIGHT="49" WIDTH="80" VPOS="2699" HPOS="399" CONTENT="de"/>
                  <SP HEIGHT="49" WIDTH="13" VPOS="2699" HPOS="479"/>
                  <String HEIGHT="49" WIDTH="93" VPOS="2699" HPOS="439" CONTENT="hoc"/>
                  <SP HEIGHT="49" WIDTH="13" VPOS="2699" HPOS="533"/>
                  <String HEIGHT="49" WIDTH="80" VPOS="2699" HPOS="493" CONTENT="ly"/>
                  <SP HEIGHT="49" WIDTH="13" VPOS="2699" HPOS="573"/>
                  <String HEIGHT="49" WIDTH="93" VPOS="2699" HPOS="533" CONTENT="de."/>
                  <SP HEIGHT="49" WIDTH="13" VPOS="2699" HPOS="626"/>
                  <String HEIGHT="49"
                          WIDTH="147"
                          VPOS="2699"
                          HPOS="586"
                          CONTENT="denotat"/>
                  <SP HEIGHT="49" WIDTH="13" VPOS="2699" HPOS="733"/>
                  <String HEIGHT="49"
                          WIDTH="320"
                          VPOS="2699"
                          HPOS="693"
                          CONTENT="consubstantialitatem"/>
                  <SP HEIGHT="49" WIDTH="13" VPOS="2699" HPOS="1013"/>
                  <String HEIGHT="49"
                          WIDTH="120"
                          VPOS="2699"
                          HPOS="960"
                          CONTENT="princi"
                          SUBS_TYPE="HypPart1"
                          SUBS_CONTENT="principii"/>
                  <HYP CONTENT="-"/>
               </TextLine>
               <TextLine ID="r2l124"
                         BASELINE="2790"
                         HEIGHT="45"
                         WIDTH="880"
                         VPOS="2745"
                         HPOS="206">
                  <String HEIGHT="45"
                          WIDTH="81"
                          VPOS="2745"
                          HPOS="194"
                          CONTENT="pii"
                          SUBS_TYPE="HypPart2"
                          SUBS_CONTENT="principii"/>
                  <SP HEIGHT="45" WIDTH="12" VPOS="2745" HPOS="275"/>
                  <String HEIGHT="45"
                          WIDTH="151"
                          VPOS="2745"
                          HPOS="241"
                          CONTENT="alicuius."/>
                  <SP HEIGHT="45" WIDTH="12" VPOS="2745" HPOS="391"/>
                  <String HEIGHT="45"
                          WIDTH="93"
                          VPOS="2745"
                          HPOS="357"
                          CONTENT="vnde"/>
                  <SP HEIGHT="45" WIDTH="12" VPOS="2745" HPOS="449"/>
                  <String HEIGHT="45"
                          WIDTH="104"
                          VPOS="2745"
                          HPOS="414"
                          CONTENT="simul"/>
                  <SP HEIGHT="45" WIDTH="12" VPOS="2745" HPOS="519"/>
                  <String HEIGHT="45"
                          WIDTH="139"
                          VPOS="2745"
                          HPOS="484"
                          CONTENT="importat"/>
                  <SP HEIGHT="45" WIDTH="12" VPOS="2745" HPOS="623"/>
                  <String HEIGHT="45"
                          WIDTH="266"
                          VPOS="2745"
                          HPOS="588"
                          CONTENT="consubsiectalitatem"/>
                  <SP HEIGHT="45" WIDTH="12" VPOS="2745" HPOS="854"/>
                  <String HEIGHT="45" WIDTH="69" VPOS="2745" HPOS="820" CONTENT="et"/>
                  <SP HEIGHT="45" WIDTH="12" VPOS="2745" HPOS="889"/>
                  <String HEIGHT="45"
                          WIDTH="197"
                          VPOS="2745"
                          HPOS="854"
                          CONTENT="distinctionem"/>
                  <SP HEIGHT="45" WIDTH="12" VPOS="2745" HPOS="1051"/>
                  <String HEIGHT="45"
                          WIDTH="81"
                          VPOS="2745"
                          HPOS="1005"
                          CONTENT="inter"/>
               </TextLine>
               <TextLine ID="r2l126"
                         BASELINE="2832"
                         HEIGHT="47"
                         WIDTH="883"
                         VPOS="2785"
                         HPOS="197">
                  <String HEIGHT="47"
                          WIDTH="117"
                          VPOS="2785"
                          HPOS="184"
                          CONTENT="illud"/>
                  <SP HEIGHT="47" WIDTH="13" VPOS="2785" HPOS="301"/>
                  <String HEIGHT="47" WIDTH="78" VPOS="2785" HPOS="262" CONTENT="de"/>
                  <SP HEIGHT="47" WIDTH="13" VPOS="2785" HPOS="340"/>
                  <String HEIGHT="47" WIDTH="91" VPOS="2785" HPOS="301" CONTENT="quo"/>
                  <SP HEIGHT="47" WIDTH="13" VPOS="2785" HPOS="392"/>
                  <String HEIGHT="47"
                          WIDTH="104"
                          VPOS="2785"
                          HPOS="353"
                          CONTENT="est:"/>
                  <SP HEIGHT="47" WIDTH="13" VPOS="2785" HPOS="457"/>
                  <String HEIGHT="47" WIDTH="78" VPOS="2785" HPOS="418" CONTENT="et"/>
                  <SP HEIGHT="47" WIDTH="13" VPOS="2785" HPOS="496"/>
                  <String HEIGHT="47"
                          WIDTH="117"
                          VPOS="2785"
                          HPOS="457"
                          CONTENT="illud"/>
                  <SP HEIGHT="47" WIDTH="13" VPOS="2785" HPOS="574"/>
                  <String HEIGHT="47"
                          WIDTH="104"
                          VPOS="2785"
                          HPOS="535"
                          CONTENT="quod"/>
                  <SP HEIGHT="47" WIDTH="13" VPOS="2785" HPOS="639"/>
                  <String HEIGHT="47" WIDTH="78" VPOS="2785" HPOS="600" CONTENT="de"/>
                  <SP HEIGHT="47" WIDTH="13" VPOS="2785" HPOS="677"/>
                  <String HEIGHT="47" WIDTH="78" VPOS="2785" HPOS="639" CONTENT="eo"/>
                  <SP HEIGHT="47" WIDTH="13" VPOS="2785" HPOS="716"/>
                  <String HEIGHT="47"
                          WIDTH="104"
                          VPOS="2785"
                          HPOS="677"
                          CONTENT="est."/>
                  <SP HEIGHT="47" WIDTH="13" VPOS="2785" HPOS="781"/>
                  <String HEIGHT="47"
                          WIDTH="104"
                          VPOS="2785"
                          HPOS="742"
                          CONTENT="hinc"/>
                  <SP HEIGHT="47" WIDTH="13" VPOS="2785" HPOS="846"/>
                  <String HEIGHT="47" WIDTH="91" VPOS="2785" HPOS="807" CONTENT="est"/>
                  <SP HEIGHT="47" WIDTH="13" VPOS="2785" HPOS="898"/>
                  <String HEIGHT="47"
                          WIDTH="104"
                          VPOS="2785"
                          HPOS="859"
                          CONTENT="quod"/>
                  <SP HEIGHT="47" WIDTH="13" VPOS="2785" HPOS="963"/>
                  <String HEIGHT="47" WIDTH="91" VPOS="2785" HPOS="924" CONTENT="non"/>
                  <SP HEIGHT="47" WIDTH="13" VPOS="2785" HPOS="1015"/>
                  <String HEIGHT="47"
                          WIDTH="117"
                          VPOS="2785"
                          HPOS="963"
                          CONTENT="dicimus"/>
               </TextLine>
               <TextLine ID="r2l128"
                         BASELINE="2877"
                         HEIGHT="54"
                         WIDTH="890"
                         VPOS="2823"
                         HPOS="192">
                  <String HEIGHT="54"
                          WIDTH="118"
                          VPOS="2823"
                          HPOS="179"
                          CONTENT="domum"/>
                  <SP HEIGHT="54" WIDTH="13" VPOS="2823" HPOS="297"/>
                  <String HEIGHT="54"
                          WIDTH="105"
                          VPOS="2823"
                          HPOS="257"
                          CONTENT="esse"/>
                  <SP HEIGHT="54" WIDTH="13" VPOS="2823" HPOS="362"/>
                  <String HEIGHT="54" WIDTH="79" VPOS="2823" HPOS="323" CONTENT="de"/>
                  <SP HEIGHT="54" WIDTH="13" VPOS="2823" HPOS="401"/>
                  <String HEIGHT="54"
                          WIDTH="196"
                          VPOS="2823"
                          HPOS="362"
                          CONTENT="efficiente:"/>
                  <SP HEIGHT="54" WIDTH="13" VPOS="2823" HPOS="558"/>
                  <String HEIGHT="54" WIDTH="92" VPOS="2823" HPOS="519" CONTENT="nec"/>
                  <SP HEIGHT="54" WIDTH="13" VPOS="2823" HPOS="611"/>
                  <String HEIGHT="54"
                          WIDTH="170"
                          VPOS="2823"
                          HPOS="572"
                          CONTENT="creaturam"/>
                  <SP HEIGHT="54" WIDTH="13" VPOS="2823" HPOS="742"/>
                  <String HEIGHT="54" WIDTH="79" VPOS="2823" HPOS="702" CONTENT="de"/>
                  <SP HEIGHT="54" WIDTH="13" VPOS="2823" HPOS="781"/>
                  <String HEIGHT="54"
                          WIDTH="105"
                          VPOS="2823"
                          HPOS="742"
                          CONTENT="deo:"/>
                  <SP HEIGHT="54" WIDTH="13" VPOS="2823" HPOS="846"/>
                  <String HEIGHT="54"
                          WIDTH="105"
                          VPOS="2823"
                          HPOS="807"
                          CONTENT="quia"/>
                  <SP HEIGHT="54" WIDTH="13" VPOS="2823" HPOS="912"/>
                  <String HEIGHT="54" WIDTH="92" VPOS="2823" HPOS="873" CONTENT="non"/>
                  <SP HEIGHT="54" WIDTH="13" VPOS="2823" HPOS="964"/>
                  <String HEIGHT="54" WIDTH="92" VPOS="2823" HPOS="925" CONTENT="est"/>
                  <SP HEIGHT="54" WIDTH="13" VPOS="2823" HPOS="1017"/>
                  <String HEIGHT="54"
                          WIDTH="118"
                          VPOS="2823"
                          HPOS="964"
                          CONTENT="consub"
                          SUBS_TYPE="HypPart1"
                          SUBS_CONTENT="consubstantialitas"/>
                  <HYP CONTENT="-"/>
               </TextLine>
               <TextLine ID="r2l130"
                         BASELINE="2913"
                         HEIGHT="45"
                         WIDTH="889"
                         VPOS="2868"
                         HPOS="191">
                  <String HEIGHT="45"
                          WIDTH="219"
                          VPOS="2868"
                          HPOS="177"
                          CONTENT="stantialitas"
                          SUBS_TYPE="HypPart2"
                          SUBS_CONTENT="consubstantialitas"/>
                  <SP HEIGHT="45" WIDTH="14" VPOS="2868" HPOS="396"/>
                  <String HEIGHT="45"
                          WIDTH="123"
                          VPOS="2868"
                          HPOS="355"
                          CONTENT="domus"/>
                  <SP HEIGHT="45" WIDTH="14" VPOS="2868" HPOS="478"/>
                  <String HEIGHT="45" WIDTH="82" VPOS="2868" HPOS="437" CONTENT="ad"/>
                  <SP HEIGHT="45" WIDTH="14" VPOS="2868" HPOS="519"/>
                  <String HEIGHT="45"
                          WIDTH="233"
                          VPOS="2868"
                          HPOS="478"
                          CONTENT="edificatorem:"/>
                  <SP HEIGHT="45" WIDTH="14" VPOS="2868" HPOS="711"/>
                  <String HEIGHT="45" WIDTH="96" VPOS="2868" HPOS="670" CONTENT="nec"/>
                  <SP HEIGHT="45" WIDTH="14" VPOS="2868" HPOS="765"/>
                  <String HEIGHT="45"
                          WIDTH="178"
                          VPOS="2868"
                          HPOS="724"
                          CONTENT="econverso"/>
                  <SP HEIGHT="45" WIDTH="14" VPOS="2868" HPOS="902"/>
                  <String HEIGHT="45" WIDTH="96" VPOS="2868" HPOS="861" CONTENT="nec"/>
                  <SP HEIGHT="45" WIDTH="14" VPOS="2868" HPOS="957"/>
                  <String HEIGHT="45" WIDTH="96" VPOS="2868" HPOS="916" CONTENT="dei"/>
                  <SP HEIGHT="45" WIDTH="14" VPOS="2868" HPOS="1012"/>
                  <String HEIGHT="45" WIDTH="82" VPOS="2868" HPOS="971" CONTENT="ad"/>
                  <SP HEIGHT="45" WIDTH="14" VPOS="2868" HPOS="1053"/>
                  <String HEIGHT="45"
                          WIDTH="82"
                          VPOS="2868"
                          HPOS="998"
                          CONTENT="crea"/>
               </TextLine>
               <TextLine ID="r2l132"
                         BASELINE="2963"
                         HEIGHT="47"
                         WIDTH="896"
                         VPOS="2916"
                         HPOS="195">
                  <String HEIGHT="47"
                          WIDTH="116"
                          VPOS="2916"
                          HPOS="183"
                          CONTENT="turam:"/>
                  <SP HEIGHT="47" WIDTH="12" VPOS="2916" HPOS="300"/>
                  <String HEIGHT="47" WIDTH="81" VPOS="2916" HPOS="265" CONTENT="nec"/>
                  <SP HEIGHT="47" WIDTH="12" VPOS="2916" HPOS="346"/>
                  <String HEIGHT="47"
                          WIDTH="151"
                          VPOS="2916"
                          HPOS="311"
                          CONTENT="econverso"/>
                  <SP HEIGHT="47" WIDTH="12" VPOS="2916" HPOS="463"/>
                  <String HEIGHT="47" WIDTH="81" VPOS="2916" HPOS="428" CONTENT="vbi"/>
                  <SP HEIGHT="47" WIDTH="12" VPOS="2916" HPOS="509"/>
                  <String HEIGHT="47"
                          WIDTH="93"
                          VPOS="2916"
                          HPOS="474"
                          CONTENT="enim"/>
                  <SP HEIGHT="47" WIDTH="12" VPOS="2916" HPOS="567"/>
                  <String HEIGHT="47"
                          WIDTH="105"
                          VPOS="2916"
                          HPOS="532"
                          CONTENT="nulla"/>
                  <SP HEIGHT="47" WIDTH="12" VPOS="2916" HPOS="637"/>
                  <String HEIGHT="47" WIDTH="81" VPOS="2916" HPOS="602" CONTENT="est"/>
                  <SP HEIGHT="47" WIDTH="12" VPOS="2916" HPOS="684"/>
                  <String HEIGHT="47"
                          WIDTH="105"
                          VPOS="2916"
                          HPOS="649"
                          CONTENT="dist."/>
                  <SP HEIGHT="47" WIDTH="12" VPOS="2916" HPOS="754"/>
                  <String HEIGHT="47" WIDTH="81" VPOS="2916" HPOS="719" CONTENT="non"/>
                  <SP HEIGHT="47" WIDTH="12" VPOS="2916" HPOS="800"/>
                  <String HEIGHT="47"
                          WIDTH="128"
                          VPOS="2916"
                          HPOS="765"
                          CONTENT="dicimus"/>
                  <SP HEIGHT="47" WIDTH="12" VPOS="2916" HPOS="893"/>
                  <String HEIGHT="47"
                          WIDTH="128"
                          VPOS="2916"
                          HPOS="858"
                          CONTENT="proprie"/>
                  <SP HEIGHT="47" WIDTH="12" VPOS="2916" HPOS="986"/>
                  <String HEIGHT="47" WIDTH="81" VPOS="2916" HPOS="951" CONTENT="hoc"/>
                  <SP HEIGHT="47" WIDTH="12" VPOS="2916" HPOS="1033"/>
                  <String HEIGHT="47" WIDTH="70" VPOS="2916" HPOS="998" CONTENT="de"/>
                  <SP HEIGHT="47" WIDTH="12" VPOS="2916" HPOS="1068"/>
                  <String HEIGHT="47"
                          WIDTH="70"
                          VPOS="2916"
                          HPOS="1021"
                          CONTENT="hoc."/>
               </TextLine>
               <TextLine ID="r2l134"
                         BASELINE="3007"
                         HEIGHT="52"
                         WIDTH="889"
                         VPOS="2955"
                         HPOS="193">
                  <String HEIGHT="52"
                          WIDTH="105"
                          VPOS="2955"
                          HPOS="180"
                          CONTENT="vnde"/>
                  <SP HEIGHT="52" WIDTH="13" VPOS="2955" HPOS="285"/>
                  <String HEIGHT="52" WIDTH="92" VPOS="2955" HPOS="245" CONTENT="non"/>
                  <SP HEIGHT="52" WIDTH="13" VPOS="2955" HPOS="337"/>
                  <String HEIGHT="52"
                          WIDTH="144"
                          VPOS="2955"
                          HPOS="298"
                          CONTENT="dicimus"/>
                  <SP HEIGHT="52" WIDTH="13" VPOS="2955" HPOS="441"/>
                  <String HEIGHT="52"
                          WIDTH="131"
                          VPOS="2955"
                          HPOS="402"
                          CONTENT="ferrum"/>
                  <SP HEIGHT="52" WIDTH="13" VPOS="2955" HPOS="533"/>
                  <String HEIGHT="52" WIDTH="92" VPOS="2955" HPOS="494" CONTENT="est"/>
                  <SP HEIGHT="52" WIDTH="13" VPOS="2955" HPOS="585"/>
                  <String HEIGHT="52" WIDTH="78" VPOS="2955" HPOS="546" CONTENT="de"/>
                  <SP HEIGHT="52" WIDTH="13" VPOS="2955" HPOS="624"/>
                  <String HEIGHT="52"
                          WIDTH="131"
                          VPOS="2955"
                          HPOS="585"
                          CONTENT="ferro:"/>
                  <SP HEIGHT="52" WIDTH="13" VPOS="2955" HPOS="716"/>
                  <String HEIGHT="52" WIDTH="92" VPOS="2955" HPOS="677" CONTENT="sed"/>
                  <SP HEIGHT="52" WIDTH="13" VPOS="2955" HPOS="768"/>
                  <String HEIGHT="52"
                          WIDTH="105"
                          VPOS="2955"
                          HPOS="729"
                          CONTENT="bene"/>
                  <SP HEIGHT="52" WIDTH="13" VPOS="2955" HPOS="834"/>
                  <String HEIGHT="52"
                          WIDTH="144"
                          VPOS="2955"
                          HPOS="794"
                          CONTENT="dicimus"/>
                  <SP HEIGHT="52" WIDTH="13" VPOS="2955" HPOS="938"/>
                  <String HEIGHT="52"
                          WIDTH="170"
                          VPOS="2955"
                          HPOS="899"
                          CONTENT="cultellus"/>
                  <SP HEIGHT="52" WIDTH="13" VPOS="2955" HPOS="1069"/>
                  <String HEIGHT="52"
                          WIDTH="65"
                          VPOS="2955"
                          HPOS="1017"
                          CONTENT="est"/>
               </TextLine>
               <TextLine ID="r2l136"
                         BASELINE="3045"
                         HEIGHT="47"
                         WIDTH="894"
                         VPOS="2998"
                         HPOS="179">
                  <String HEIGHT="47" WIDTH="72" VPOS="2998" HPOS="167" CONTENT="de"/>
                  <SP HEIGHT="47" WIDTH="12" VPOS="2998" HPOS="239"/>
                  <String HEIGHT="47"
                          WIDTH="119"
                          VPOS="2998"
                          HPOS="203"
                          CONTENT="ferro:"/>
                  <SP HEIGHT="47" WIDTH="12" VPOS="2998" HPOS="322"/>
                  <String HEIGHT="47"
                          WIDTH="95"
                          VPOS="2998"
                          HPOS="286"
                          CONTENT="quia"/>
                  <SP HEIGHT="47" WIDTH="12" VPOS="2998" HPOS="382"/>
                  <String HEIGHT="47"
                          WIDTH="107"
                          VPOS="2998"
                          HPOS="346"
                          CONTENT="inter"/>
                  <SP HEIGHT="47" WIDTH="12" VPOS="2998" HPOS="453"/>
                  <String HEIGHT="47"
                          WIDTH="119"
                          VPOS="2998"
                          HPOS="417"
                          CONTENT="ferrum"/>
                  <SP HEIGHT="47" WIDTH="12" VPOS="2998" HPOS="537"/>
                  <String HEIGHT="47" WIDTH="72" VPOS="2998" HPOS="501" CONTENT="et"/>
                  <SP HEIGHT="47" WIDTH="12" VPOS="2998" HPOS="572"/>
                  <String HEIGHT="47"
                          WIDTH="155"
                          VPOS="2998"
                          HPOS="537"
                          CONTENT="cultellum"/>
                  <SP HEIGHT="47" WIDTH="12" VPOS="2998" HPOS="692"/>
                  <String HEIGHT="47" WIDTH="83" VPOS="2998" HPOS="656" CONTENT="est"/>
                  <SP HEIGHT="47" WIDTH="12" VPOS="2998" HPOS="739"/>
                  <String HEIGHT="47"
                          WIDTH="179"
                          VPOS="2998"
                          HPOS="703"
                          CONTENT="distinctio:"/>
                  <SP HEIGHT="47" WIDTH="12" VPOS="2998" HPOS="882"/>
                  <String HEIGHT="47"
                          WIDTH="107"
                          VPOS="2998"
                          HPOS="847"
                          CONTENT="sicut"/>
                  <SP HEIGHT="47" WIDTH="12" VPOS="2998" HPOS="954"/>
                  <String HEIGHT="47"
                          WIDTH="107"
                          VPOS="2998"
                          HPOS="918"
                          CONTENT="inter"/>
                  <SP HEIGHT="47" WIDTH="12" VPOS="2998" HPOS="1025"/>
                  <String HEIGHT="47"
                          WIDTH="95"
                          VPOS="2998"
                          HPOS="978"
                          CONTENT="princi"/>
               </TextLine>
               <TextLine ID="r2l138"
                         BASELINE="3116"
                         HEIGHT="72"
                         WIDTH="885"
                         VPOS="3044"
                         HPOS="192">
                  <String HEIGHT="72"
                          WIDTH="143"
                          VPOS="3044"
                          HPOS="178"
                          CONTENT="piatum"/>
                  <SP HEIGHT="72" WIDTH="14" VPOS="3044" HPOS="320"/>
                  <String HEIGHT="72" WIDTH="86" VPOS="3044" HPOS="278" CONTENT="et"/>
                  <SP HEIGHT="72" WIDTH="14" VPOS="3044" HPOS="363"/>
                  <String HEIGHT="72"
                          WIDTH="214"
                          VPOS="3044"
                          HPOS="320"
                          CONTENT="intrinsecum"/>
                  <SP HEIGHT="72" WIDTH="14" VPOS="3044" HPOS="535"/>
                  <String HEIGHT="72"
                          WIDTH="114"
                          VPOS="3044"
                          HPOS="492"
                          CONTENT="eius"/>
                  <SP HEIGHT="72" WIDTH="14" VPOS="3044" HPOS="606"/>
                  <String HEIGHT="72"
                          WIDTH="214"
                          VPOS="3044"
                          HPOS="563"
                          CONTENT="principium:"/>
                  <SP HEIGHT="72" WIDTH="14" VPOS="3044" HPOS="777"/>
                  <String HEIGHT="72" WIDTH="86" VPOS="3044" HPOS="734" CONTENT="et"/>
                  <SP HEIGHT="72" WIDTH="14" VPOS="3044" HPOS="820"/>
                  <String HEIGHT="72"
                          WIDTH="143"
                          VPOS="3044"
                          HPOS="777"
                          CONTENT="ferrum"/>
                  <SP HEIGHT="72" WIDTH="14" VPOS="3044" HPOS="920"/>
                  <String HEIGHT="72"
                          WIDTH="100"
                          VPOS="3044"
                          HPOS="877"
                          CONTENT="est"/>
                  <SP HEIGHT="72" WIDTH="14" VPOS="3044" HPOS="977"/>
                  <String HEIGHT="72" WIDTH="86" VPOS="3044" HPOS="934" CONTENT="de"/>
                  <SP HEIGHT="72" WIDTH="14" VPOS="3044" HPOS="1020"/>
                  <String HEIGHT="72"
                          WIDTH="114"
                          VPOS="3044"
                          HPOS="963"
                          CONTENT="cultel"/>
               </TextLine>
            </TextBlock>
            <TextBlock ID="TextRegion_1596667796848_202"
                       HEIGHT="2894"
                       WIDTH="929"
                       VPOS="206"
                       HPOS="1132">
               <Shape>
                  <Polygon POINTS="1132,206 2061,206 2061,3100 1132,3100"/>
               </Shape>
               <TextLine ID="r2l5"
                         BASELINE="318"
                         HEIGHT="59"
                         WIDTH="896"
                         VPOS="259"
                         HPOS="1155">
                  <String HEIGHT="59" WIDTH="78" VPOS="259" HPOS="1142" CONTENT="li"/>
                  <SP HEIGHT="59" WIDTH="13" VPOS="259" HPOS="1220"/>
                  <String HEIGHT="59"
                          WIDTH="182"
                          VPOS="259"
                          HPOS="1181"
                          CONTENT="substantia"/>
                  <SP HEIGHT="59" WIDTH="13" VPOS="259" HPOS="1363"/>
                  <String HEIGHT="59" WIDTH="91" VPOS="259" HPOS="1324" CONTENT="seu"/>
                  <SP HEIGHT="59" WIDTH="13" VPOS="259" HPOS="1415"/>
                  <String HEIGHT="59"
                          WIDTH="117"
                          VPOS="259"
                          HPOS="1376"
                          CONTENT="esse."/>
                  <SP HEIGHT="59" WIDTH="13" VPOS="259" HPOS="1493"/>
                  <String HEIGHT="59" WIDTH="78" VPOS="259" HPOS="1454" CONTENT="Ad"/>
                  <SP HEIGHT="59" WIDTH="13" VPOS="259" HPOS="1532"/>
                  <String HEIGHT="59"
                          WIDTH="182"
                          VPOS="259"
                          HPOS="1493"
                          CONTENT="propositum"/>
                  <SP HEIGHT="59" WIDTH="13" VPOS="259" HPOS="1674"/>
                  <String HEIGHT="59"
                          WIDTH="104"
                          VPOS="259"
                          HPOS="1635"
                          CONTENT="dico"/>
                  <SP HEIGHT="59" WIDTH="13" VPOS="259" HPOS="1739"/>
                  <String HEIGHT="59"
                          WIDTH="104"
                          VPOS="259"
                          HPOS="1700"
                          CONTENT="quod"/>
                  <SP HEIGHT="59" WIDTH="13" VPOS="259" HPOS="1804"/>
                  <String HEIGHT="59" WIDTH="91" VPOS="259" HPOS="1765" CONTENT="cum"/>
                  <SP HEIGHT="59" WIDTH="13" VPOS="259" HPOS="1856"/>
                  <String HEIGHT="59"
                          WIDTH="130"
                          VPOS="259"
                          HPOS="1817"
                          CONTENT="sancti"/>
                  <SP HEIGHT="59" WIDTH="13" VPOS="259" HPOS="1947"/>
                  <String HEIGHT="59"
                          WIDTH="143"
                          VPOS="259"
                          HPOS="1908"
                          CONTENT="dicunt:"/>
                  <SP HEIGHT="59" WIDTH="13" VPOS="259" HPOS="2051"/>
                  <String HEIGHT="59" WIDTH="52" VPOS="259" HPOS="1999" CONTENT="fi"/>
               </TextLine>
               <TextLine ID="r2l7"
                         BASELINE="360"
                         HEIGHT="46"
                         WIDTH="879"
                         VPOS="314"
                         HPOS="1167">
                  <String HEIGHT="46"
                          WIDTH="102"
                          VPOS="314"
                          HPOS="1154"
                          CONTENT="lium"/>
                  <SP HEIGHT="46" WIDTH="13" VPOS="314" HPOS="1256"/>
                  <String HEIGHT="46"
                          WIDTH="102"
                          VPOS="314"
                          HPOS="1218"
                          CONTENT="esse"/>
                  <SP HEIGHT="46" WIDTH="13" VPOS="314" HPOS="1320"/>
                  <String HEIGHT="46"
                          WIDTH="115"
                          VPOS="314"
                          HPOS="1282"
                          CONTENT="natum"/>
                  <SP HEIGHT="46" WIDTH="13" VPOS="314" HPOS="1396"/>
                  <String HEIGHT="46" WIDTH="76" VPOS="314" HPOS="1358" CONTENT="de"/>
                  <SP HEIGHT="46" WIDTH="13" VPOS="314" HPOS="1435"/>
                  <String HEIGHT="46"
                          WIDTH="127"
                          VPOS="314"
                          HPOS="1396"
                          CONTENT="patris"/>
                  <SP HEIGHT="46" WIDTH="13" VPOS="314" HPOS="1524"/>
                  <String HEIGHT="46"
                          WIDTH="153"
                          VPOS="314"
                          HPOS="1485"
                          CONTENT="subiecta"/>
                  <SP HEIGHT="46" WIDTH="13" VPOS="314" HPOS="1638"/>
                  <String HEIGHT="46"
                          WIDTH="166"
                          VPOS="314"
                          HPOS="1600"
                          CONTENT="denotatur"/>
                  <SP HEIGHT="46" WIDTH="13" VPOS="314" HPOS="1766"/>
                  <String HEIGHT="46"
                          WIDTH="280"
                          VPOS="314"
                          HPOS="1728"
                          CONTENT="consubstantialitas"/>
                  <SP HEIGHT="46" WIDTH="13" VPOS="314" HPOS="2008"/>
                  <String HEIGHT="46"
                          WIDTH="89"
                          VPOS="314"
                          HPOS="1957"
                          CONTENT="produ"/>
               </TextLine>
               <TextLine ID="r2l9"
                         BASELINE="405"
                         HEIGHT="46"
                         WIDTH="898"
                         VPOS="359"
                         HPOS="1154">
                  <String HEIGHT="46"
                          WIDTH="114"
                          VPOS="359"
                          HPOS="1141"
                          CONTENT="ctiui"/>
                  <SP HEIGHT="46" WIDTH="13" VPOS="359" HPOS="1255"/>
                  <String HEIGHT="46"
                          WIDTH="177"
                          VPOS="359"
                          HPOS="1217"
                          CONTENT="principii."/>
                  <SP HEIGHT="46" WIDTH="13" VPOS="359" HPOS="1394"/>
                  <String HEIGHT="46"
                          WIDTH="101"
                          VPOS="359"
                          HPOS="1356"
                          CONTENT="vnde"/>
                  <SP HEIGHT="46" WIDTH="13" VPOS="359" HPOS="1458"/>
                  <String HEIGHT="46" WIDTH="89" VPOS="359" HPOS="1420" CONTENT="est"/>
                  <SP HEIGHT="46" WIDTH="13" VPOS="359" HPOS="1508"/>
                  <String HEIGHT="46"
                          WIDTH="139"
                          VPOS="359"
                          HPOS="1470"
                          CONTENT="sensus:"/>
                  <SP HEIGHT="46" WIDTH="13" VPOS="359" HPOS="1609"/>
                  <String HEIGHT="46"
                          WIDTH="101"
                          VPOS="359"
                          HPOS="1571"
                          CONTENT="quod"/>
                  <SP HEIGHT="46" WIDTH="13" VPOS="359" HPOS="1673"/>
                  <String HEIGHT="46" WIDTH="89" VPOS="359" HPOS="1635" CONTENT="est"/>
                  <SP HEIGHT="46" WIDTH="13" VPOS="359" HPOS="1723"/>
                  <String HEIGHT="46"
                          WIDTH="114"
                          VPOS="359"
                          HPOS="1685"
                          CONTENT="natus"/>
                  <SP HEIGHT="46" WIDTH="13" VPOS="359" HPOS="1799"/>
                  <String HEIGHT="46" WIDTH="63" VPOS="359" HPOS="1761" CONTENT="a"/>
                  <SP HEIGHT="46" WIDTH="13" VPOS="359" HPOS="1824"/>
                  <String HEIGHT="46"
                          WIDTH="126"
                          VPOS="359"
                          HPOS="1786"
                          CONTENT="patre:"/>
                  <SP HEIGHT="46" WIDTH="13" VPOS="359" HPOS="1913"/>
                  <String HEIGHT="46" WIDTH="89" VPOS="359" HPOS="1875" CONTENT="qui"/>
                  <SP HEIGHT="46" WIDTH="13" VPOS="359" HPOS="1963"/>
                  <String HEIGHT="46" WIDTH="89" VPOS="359" HPOS="1926" CONTENT="est"/>
                  <SP HEIGHT="46" WIDTH="13" VPOS="359" HPOS="2014"/>
                  <String HEIGHT="46"
                          WIDTH="89"
                          VPOS="359"
                          HPOS="1963"
                          CONTENT="eadem"/>
               </TextLine>
               <TextLine ID="r2l11"
                         BASELINE="451"
                         HEIGHT="50"
                         WIDTH="887"
                         VPOS="401"
                         HPOS="1164">
                  <String HEIGHT="50"
                          WIDTH="131"
                          VPOS="401"
                          HPOS="1153"
                          CONTENT="subiecta"/>
                  <SP HEIGHT="50" WIDTH="11" VPOS="401" HPOS="1284"/>
                  <String HEIGHT="50"
                          WIDTH="88"
                          VPOS="401"
                          HPOS="1252"
                          CONTENT="quod"/>
                  <SP HEIGHT="50" WIDTH="11" VPOS="401" HPOS="1339"/>
                  <String HEIGHT="50"
                          WIDTH="88"
                          VPOS="401"
                          HPOS="1306"
                          CONTENT="ipse"/>
                  <SP HEIGHT="50" WIDTH="11" VPOS="401" HPOS="1394"/>
                  <String HEIGHT="50"
                          WIDTH="131"
                          VPOS="401"
                          HPOS="1361"
                          CONTENT="subiecta"/>
                  <SP HEIGHT="50" WIDTH="11" VPOS="401" HPOS="1493"/>
                  <String HEIGHT="50" WIDTH="66" VPOS="401" HPOS="1460" CONTENT="et"/>
                  <SP HEIGHT="50" WIDTH="11" VPOS="401" HPOS="1525"/>
                  <String HEIGHT="50"
                          WIDTH="88"
                          VPOS="401"
                          HPOS="1493"
                          CONTENT="eius"/>
                  <SP HEIGHT="50" WIDTH="11" VPOS="401" HPOS="1580"/>
                  <String HEIGHT="50"
                          WIDTH="164"
                          VPOS="401"
                          HPOS="1547"
                          CONTENT="principium."/>
                  <SP HEIGHT="50" WIDTH="11" VPOS="401" HPOS="1712"/>
                  <String HEIGHT="50" WIDTH="77" VPOS="401" HPOS="1679" CONTENT="Non"/>
                  <SP HEIGHT="50" WIDTH="11" VPOS="401" HPOS="1755"/>
                  <String HEIGHT="50"
                          WIDTH="99"
                          VPOS="401"
                          HPOS="1722"
                          CONTENT="autem"/>
                  <SP HEIGHT="50" WIDTH="11" VPOS="401" HPOS="1821"/>
                  <String HEIGHT="50"
                          WIDTH="120"
                          VPOS="401"
                          HPOS="1788"
                          CONTENT="dicimus"/>
                  <SP HEIGHT="50" WIDTH="11" VPOS="401" HPOS="1909"/>
                  <String HEIGHT="50"
                          WIDTH="88"
                          VPOS="401"
                          HPOS="1876"
                          CONTENT="quod"/>
                  <SP HEIGHT="50" WIDTH="11" VPOS="401" HPOS="1963"/>
                  <String HEIGHT="50"
                          WIDTH="110"
                          VPOS="401"
                          HPOS="1931"
                          CONTENT="filius"/>
                  <SP HEIGHT="50" WIDTH="11" VPOS="401" HPOS="2040"/>
                  <String HEIGHT="50" WIDTH="55" VPOS="401" HPOS="1996" CONTENT="est"/>
               </TextLine>
               <TextLine ID="r2l13"
                         BASELINE="500"
                         HEIGHT="52"
                         WIDTH="888"
                         VPOS="448"
                         HPOS="1166">
                  <String HEIGHT="52" WIDTH="77" VPOS="448" HPOS="1153" CONTENT="de"/>
                  <SP HEIGHT="52" WIDTH="13" VPOS="448" HPOS="1230"/>
                  <String HEIGHT="52"
                          WIDTH="154"
                          VPOS="448"
                          HPOS="1192"
                          CONTENT="esentia:"/>
                  <SP HEIGHT="52" WIDTH="13" VPOS="448" HPOS="1346"/>
                  <String HEIGHT="52"
                          WIDTH="103"
                          VPOS="448"
                          HPOS="1308"
                          CONTENT="quia"/>
                  <SP HEIGHT="52" WIDTH="13" VPOS="448" HPOS="1411"/>
                  <String HEIGHT="52"
                          WIDTH="154"
                          VPOS="448"
                          HPOS="1372"
                          CONTENT="essentia"/>
                  <SP HEIGHT="52" WIDTH="13" VPOS="448" HPOS="1526"/>
                  <String HEIGHT="52" WIDTH="90" VPOS="448" HPOS="1488" CONTENT="non"/>
                  <SP HEIGHT="52" WIDTH="13" VPOS="448" HPOS="1578"/>
                  <String HEIGHT="52" WIDTH="90" VPOS="448" HPOS="1539" CONTENT="est"/>
                  <SP HEIGHT="52" WIDTH="13" VPOS="448" HPOS="1629"/>
                  <String HEIGHT="52"
                          WIDTH="180"
                          VPOS="448"
                          HPOS="1591"
                          CONTENT="principium"/>
                  <SP HEIGHT="52" WIDTH="13" VPOS="448" HPOS="1771"/>
                  <String HEIGHT="52"
                          WIDTH="103"
                          VPOS="448"
                          HPOS="1732"
                          CONTENT="eius"/>
                  <SP HEIGHT="52" WIDTH="13" VPOS="448" HPOS="1835"/>
                  <String HEIGHT="52" WIDTH="90" VPOS="448" HPOS="1797" CONTENT="nec"/>
                  <SP HEIGHT="52" WIDTH="13" VPOS="448" HPOS="1887"/>
                  <String HEIGHT="52" WIDTH="77" VPOS="448" HPOS="1848" CONTENT="ab"/>
                  <SP HEIGHT="52" WIDTH="13" VPOS="448" HPOS="1925"/>
                  <String HEIGHT="52"
                          WIDTH="103"
                          VPOS="448"
                          HPOS="1887"
                          CONTENT="ipso"/>
                  <SP HEIGHT="52" WIDTH="13" VPOS="448" HPOS="1990"/>
                  <String HEIGHT="52"
                          WIDTH="116"
                          VPOS="448"
                          HPOS="1938"
                          CONTENT="distin"
                          SUBS_TYPE="HypPart1"
                          SUBS_CONTENT="distincta."/>
                  <HYP CONTENT="-"/>
               </TextLine>
               <TextLine ID="r2l15"
                         BASELINE="536"
                         HEIGHT="50"
                         WIDTH="881"
                         VPOS="486"
                         HPOS="1170">
                  <String HEIGHT="50"
                          WIDTH="99"
                          VPOS="486"
                          HPOS="1158"
                          CONTENT="cta."
                          SUBS_TYPE="HypPart2"
                          SUBS_CONTENT="distincta."/>
                  <SP HEIGHT="50" WIDTH="12" VPOS="486" HPOS="1257"/>
                  <String HEIGHT="50" WIDTH="87" VPOS="486" HPOS="1220" CONTENT="Nec"/>
                  <SP HEIGHT="50" WIDTH="12" VPOS="486" HPOS="1306"/>
                  <String HEIGHT="50"
                          WIDTH="136"
                          VPOS="486"
                          HPOS="1269"
                          CONTENT="dicimus"/>
                  <SP HEIGHT="50" WIDTH="12" VPOS="486" HPOS="1406"/>
                  <String HEIGHT="50"
                          WIDTH="124"
                          VPOS="486"
                          HPOS="1369"
                          CONTENT="filius"/>
                  <SP HEIGHT="50" WIDTH="12" VPOS="486" HPOS="1493"/>
                  <String HEIGHT="50" WIDTH="87" VPOS="486" HPOS="1455" CONTENT="est"/>
                  <SP HEIGHT="50" WIDTH="12" VPOS="486" HPOS="1542"/>
                  <String HEIGHT="50" WIDTH="74" VPOS="486" HPOS="1505" CONTENT="de"/>
                  <SP HEIGHT="50" WIDTH="12" VPOS="486" HPOS="1579"/>
                  <String HEIGHT="50"
                          WIDTH="149"
                          VPOS="486"
                          HPOS="1542"
                          CONTENT="essentia"/>
                  <SP HEIGHT="50" WIDTH="12" VPOS="486" HPOS="1691"/>
                  <String HEIGHT="50"
                          WIDTH="149"
                          VPOS="486"
                          HPOS="1654"
                          CONTENT="spiritus"/>
                  <SP HEIGHT="50" WIDTH="12" VPOS="486" HPOS="1803"/>
                  <String HEIGHT="50"
                          WIDTH="149"
                          VPOS="486"
                          HPOS="1766"
                          CONTENT="sanctus:"/>
                  <SP HEIGHT="50" WIDTH="12" VPOS="486" HPOS="1915"/>
                  <String HEIGHT="50" WIDTH="87" VPOS="486" HPOS="1877" CONTENT="nec"/>
                  <SP HEIGHT="50" WIDTH="12" VPOS="486" HPOS="1964"/>
                  <String HEIGHT="50"
                          WIDTH="112"
                          VPOS="486"
                          HPOS="1927"
                          CONTENT="pater"/>
                  <SP HEIGHT="50" WIDTH="12" VPOS="486" HPOS="2039"/>
                  <String HEIGHT="50" WIDTH="62" VPOS="486" HPOS="1989" CONTENT="est"/>
               </TextLine>
               <TextLine ID="r2l17"
                         BASELINE="573"
                         HEIGHT="41"
                         WIDTH="898"
                         VPOS="532"
                         HPOS="1157">
                  <String HEIGHT="41" WIDTH="75" VPOS="532" HPOS="1145" CONTENT="de"/>
                  <SP HEIGHT="41" WIDTH="12" VPOS="532" HPOS="1219"/>
                  <String HEIGHT="41"
                          WIDTH="150"
                          VPOS="532"
                          HPOS="1182"
                          CONTENT="essentia"/>
                  <SP HEIGHT="41" WIDTH="12" VPOS="532" HPOS="1332"/>
                  <String HEIGHT="41"
                          WIDTH="125"
                          VPOS="532"
                          HPOS="1294"
                          CONTENT="filii:"/>
                  <SP HEIGHT="41" WIDTH="12" VPOS="532" HPOS="1419"/>
                  <String HEIGHT="41"
                          WIDTH="100"
                          VPOS="532"
                          HPOS="1382"
                          CONTENT="quia"/>
                  <SP HEIGHT="41" WIDTH="12" VPOS="532" HPOS="1481"/>
                  <String HEIGHT="41"
                          WIDTH="112"
                          VPOS="532"
                          HPOS="1444"
                          CONTENT="licet"/>
                  <SP HEIGHT="41" WIDTH="12" VPOS="532" HPOS="1556"/>
                  <String HEIGHT="41"
                          WIDTH="112"
                          VPOS="532"
                          HPOS="1519"
                          CONTENT="inter"/>
                  <SP HEIGHT="41" WIDTH="12" VPOS="532" HPOS="1631"/>
                  <String HEIGHT="41" WIDTH="87" VPOS="532" HPOS="1594" CONTENT="eos"/>
                  <SP HEIGHT="41" WIDTH="12" VPOS="532" HPOS="1681"/>
                  <String HEIGHT="41" WIDTH="87" VPOS="532" HPOS="1643" CONTENT="sit"/>
                  <SP HEIGHT="41" WIDTH="12" VPOS="532" HPOS="1731"/>
                  <String HEIGHT="41"
                          WIDTH="274"
                          VPOS="532"
                          HPOS="1693"
                          CONTENT="consubstantialitas"/>
                  <SP HEIGHT="41" WIDTH="12" VPOS="532" HPOS="1968"/>
                  <String HEIGHT="41" WIDTH="75" VPOS="532" HPOS="1930" CONTENT="et"/>
                  <SP HEIGHT="41" WIDTH="12" VPOS="532" HPOS="2005"/>
                  <String HEIGHT="41"
                          WIDTH="100"
                          VPOS="532"
                          HPOS="1955"
                          CONTENT="perso"
                          SUBS_TYPE="HypPart1"
                          SUBS_CONTENT="personalis"/>
                  <HYP CONTENT="-"/>
               </TextLine>
               <TextLine ID="r2l19"
                         BASELINE="624"
                         HEIGHT="47"
                         WIDTH="872"
                         VPOS="577"
                         HPOS="1166">
                  <String HEIGHT="47"
                          WIDTH="105"
                          VPOS="577"
                          HPOS="1154"
                          CONTENT="nalis"
                          SUBS_TYPE="HypPart2"
                          SUBS_CONTENT="personalis"/>
                  <SP HEIGHT="47" WIDTH="12" VPOS="577" HPOS="1259"/>
                  <String HEIGHT="47"
                          WIDTH="174"
                          VPOS="577"
                          HPOS="1224"
                          CONTENT="distinctio:"/>
                  <SP HEIGHT="47" WIDTH="12" VPOS="577" HPOS="1399"/>
                  <String HEIGHT="47" WIDTH="81" VPOS="577" HPOS="1364" CONTENT="non"/>
                  <SP HEIGHT="47" WIDTH="12" VPOS="577" HPOS="1445"/>
                  <String HEIGHT="47"
                          WIDTH="105"
                          VPOS="577"
                          HPOS="1410"
                          CONTENT="tamen"/>
                  <SP HEIGHT="47" WIDTH="12" VPOS="577" HPOS="1515"/>
                  <String HEIGHT="47"
                          WIDTH="140"
                          VPOS="577"
                          HPOS="1480"
                          CONTENT="spiritus"/>
                  <SP HEIGHT="47" WIDTH="12" VPOS="577" HPOS="1619"/>
                  <String HEIGHT="47"
                          WIDTH="128"
                          VPOS="577"
                          HPOS="1585"
                          CONTENT="sanctus"/>
                  <SP HEIGHT="47" WIDTH="12" VPOS="577" HPOS="1712"/>
                  <String HEIGHT="47" WIDTH="81" VPOS="577" HPOS="1678" CONTENT="est"/>
                  <SP HEIGHT="47" WIDTH="12" VPOS="577" HPOS="1759"/>
                  <String HEIGHT="47"
                          WIDTH="163"
                          VPOS="577"
                          HPOS="1724"
                          CONTENT="principium"/>
                  <SP HEIGHT="47" WIDTH="12" VPOS="577" HPOS="1887"/>
                  <String HEIGHT="47"
                          WIDTH="105"
                          VPOS="577"
                          HPOS="1852"
                          CONTENT="filii"/>
                  <SP HEIGHT="47" WIDTH="12" VPOS="577" HPOS="1957"/>
                  <String HEIGHT="47" WIDTH="81" VPOS="577" HPOS="1922" CONTENT="nec"/>
                  <SP HEIGHT="47" WIDTH="12" VPOS="577" HPOS="2003"/>
                  <String HEIGHT="47"
                          WIDTH="81"
                          VPOS="577"
                          HPOS="1957"
                          CONTENT="fili"
                          SUBS_TYPE="HypPart1"
                          SUBS_CONTENT="filipatris"/>
                  <HYP CONTENT="-"/>
               </TextLine>
               <TextLine ID="r2l21"
                         BASELINE="667"
                         HEIGHT="49"
                         WIDTH="888"
                         VPOS="618"
                         HPOS="1163">
                  <String HEIGHT="49"
                          WIDTH="123"
                          VPOS="618"
                          HPOS="1151"
                          CONTENT="patris"
                          SUBS_TYPE="HypPart2"
                          SUBS_CONTENT="filipatris"/>
                  <SP HEIGHT="49" WIDTH="12" VPOS="618" HPOS="1274"/>
                  <String HEIGHT="49"
                          WIDTH="185"
                          VPOS="618"
                          HPOS="1237"
                          CONTENT="principium:"/>
                  <SP HEIGHT="49" WIDTH="12" VPOS="618" HPOS="1422"/>
                  <String HEIGHT="49"
                          WIDTH="136"
                          VPOS="618"
                          HPOS="1385"
                          CONTENT="quamuis"/>
                  <SP HEIGHT="49" WIDTH="12" VPOS="618" HPOS="1521"/>
                  <String HEIGHT="49"
                          WIDTH="111"
                          VPOS="618"
                          HPOS="1484"
                          CONTENT="autem"/>
                  <SP HEIGHT="49" WIDTH="12" VPOS="618" HPOS="1595"/>
                  <String HEIGHT="49" WIDTH="86" VPOS="618" HPOS="1558" CONTENT="non"/>
                  <SP HEIGHT="49" WIDTH="12" VPOS="618" HPOS="1644"/>
                  <String HEIGHT="49"
                          WIDTH="148"
                          VPOS="618"
                          HPOS="1607"
                          CONTENT="absolute"/>
                  <SP HEIGHT="49" WIDTH="12" VPOS="618" HPOS="1755"/>
                  <String HEIGHT="49"
                          WIDTH="136"
                          VPOS="618"
                          HPOS="1718"
                          CONTENT="dicamus"/>
                  <SP HEIGHT="49" WIDTH="12" VPOS="618" HPOS="1854"/>
                  <String HEIGHT="49"
                          WIDTH="123"
                          VPOS="618"
                          HPOS="1817"
                          CONTENT="filius"/>
                  <SP HEIGHT="49" WIDTH="12" VPOS="618" HPOS="1940"/>
                  <String HEIGHT="49" WIDTH="86" VPOS="618" HPOS="1903" CONTENT="est"/>
                  <SP HEIGHT="49" WIDTH="12" VPOS="618" HPOS="1989"/>
                  <String HEIGHT="49" WIDTH="74" VPOS="618" HPOS="1952" CONTENT="de"/>
                  <SP HEIGHT="49" WIDTH="12" VPOS="618" HPOS="2026"/>
                  <String HEIGHT="49" WIDTH="74" VPOS="618" HPOS="1977" CONTENT="es"/>
               </TextLine>
               <TextLine ID="r2l23"
                         BASELINE="707"
                         HEIGHT="49"
                         WIDTH="890"
                         VPOS="658"
                         HPOS="1167">
                  <String HEIGHT="49"
                          WIDTH="126"
                          VPOS="658"
                          HPOS="1156"
                          CONTENT="sentia:"/>
                  <SP HEIGHT="49" WIDTH="11" VPOS="658" HPOS="1281"/>
                  <String HEIGHT="49"
                          WIDTH="126"
                          VPOS="658"
                          HPOS="1247"
                          CONTENT="dicimus"/>
                  <SP HEIGHT="49" WIDTH="11" VPOS="658" HPOS="1372"/>
                  <String HEIGHT="49"
                          WIDTH="103"
                          VPOS="658"
                          HPOS="1338"
                          CONTENT="tamen"/>
                  <SP HEIGHT="49" WIDTH="11" VPOS="658" HPOS="1441"/>
                  <String HEIGHT="49"
                          WIDTH="114"
                          VPOS="658"
                          HPOS="1407"
                          CONTENT="filius"/>
                  <SP HEIGHT="49" WIDTH="11" VPOS="658" HPOS="1521"/>
                  <String HEIGHT="49" WIDTH="80" VPOS="658" HPOS="1486" CONTENT="est"/>
                  <SP HEIGHT="49" WIDTH="11" VPOS="658" HPOS="1566"/>
                  <String HEIGHT="49" WIDTH="68" VPOS="658" HPOS="1532" CONTENT="de"/>
                  <SP HEIGHT="49" WIDTH="11" VPOS="658" HPOS="1601"/>
                  <String HEIGHT="49"
                          WIDTH="126"
                          VPOS="658"
                          HPOS="1566"
                          CONTENT="esentia"/>
                  <SP HEIGHT="49" WIDTH="11" VPOS="658" HPOS="1692"/>
                  <String HEIGHT="49"
                          WIDTH="126"
                          VPOS="658"
                          HPOS="1658"
                          CONTENT="patris."/>
                  <SP HEIGHT="49" WIDTH="11" VPOS="658" HPOS="1783"/>
                  <String HEIGHT="49"
                          WIDTH="126"
                          VPOS="658"
                          HPOS="1749"
                          CONTENT="quoniam"/>
                  <SP HEIGHT="49" WIDTH="11" VPOS="658" HPOS="1874"/>
                  <String HEIGHT="49" WIDTH="68" VPOS="658" HPOS="1840" CONTENT="in"/>
                  <SP HEIGHT="49" WIDTH="11" VPOS="658" HPOS="1909"/>
                  <String HEIGHT="49" WIDTH="68" VPOS="658" HPOS="1874" CONTENT="eo"/>
                  <SP HEIGHT="49" WIDTH="11" VPOS="658" HPOS="1943"/>
                  <String HEIGHT="49"
                          WIDTH="91"
                          VPOS="658"
                          HPOS="1909"
                          CONTENT="quod"/>
                  <SP HEIGHT="49" WIDTH="11" VPOS="658" HPOS="2000"/>
                  <String HEIGHT="49"
                          WIDTH="103"
                          VPOS="658"
                          HPOS="1954"
                          CONTENT="dicitur"/>
               </TextLine>
               <TextLine ID="r2l24"
                         BASELINE="747"
                         HEIGHT="43"
                         WIDTH="893"
                         VPOS="704"
                         HPOS="1168">
                  <String HEIGHT="43"
                          WIDTH="114"
                          VPOS="704"
                          HPOS="1157"
                          CONTENT="patris"/>
                  <SP HEIGHT="43" WIDTH="11" VPOS="704" HPOS="1271"/>
                  <String HEIGHT="43"
                          WIDTH="149"
                          VPOS="704"
                          HPOS="1237"
                          CONTENT="denotatur"/>
                  <SP HEIGHT="43" WIDTH="11" VPOS="704" HPOS="1386"/>
                  <String HEIGHT="43" WIDTH="69" VPOS="704" HPOS="1351" CONTENT="et"/>
                  <SP HEIGHT="43" WIDTH="11" VPOS="704" HPOS="1420"/>
                  <String HEIGHT="43"
                          WIDTH="183"
                          VPOS="704"
                          HPOS="1386"
                          CONTENT="principiatio"/>
                  <SP HEIGHT="43" WIDTH="11" VPOS="704" HPOS="1569"/>
                  <String HEIGHT="43" WIDTH="69" VPOS="704" HPOS="1534" CONTENT="et"/>
                  <SP HEIGHT="43" WIDTH="11" VPOS="704" HPOS="1603"/>
                  <String HEIGHT="43"
                          WIDTH="172"
                          VPOS="704"
                          HPOS="1569"
                          CONTENT="distinctio:"/>
                  <SP HEIGHT="43" WIDTH="11" VPOS="704" HPOS="1740"/>
                  <String HEIGHT="43" WIDTH="69" VPOS="704" HPOS="1706" CONTENT="in"/>
                  <SP HEIGHT="43" WIDTH="11" VPOS="704" HPOS="1775"/>
                  <String HEIGHT="43" WIDTH="69" VPOS="704" HPOS="1740" CONTENT="eo"/>
                  <SP HEIGHT="43" WIDTH="11" VPOS="704" HPOS="1809"/>
                  <String HEIGHT="43"
                          WIDTH="92"
                          VPOS="704"
                          HPOS="1775"
                          CONTENT="vero"/>
                  <SP HEIGHT="43" WIDTH="11" VPOS="704" HPOS="1866"/>
                  <String HEIGHT="43"
                          WIDTH="92"
                          VPOS="704"
                          HPOS="1832"
                          CONTENT="quod"/>
                  <SP HEIGHT="43" WIDTH="11" VPOS="704" HPOS="1924"/>
                  <String HEIGHT="43"
                          WIDTH="126"
                          VPOS="704"
                          HPOS="1889"
                          CONTENT="dicitur"/>
                  <SP HEIGHT="43" WIDTH="11" VPOS="704" HPOS="2015"/>
                  <String HEIGHT="43"
                          WIDTH="92"
                          VPOS="704"
                          HPOS="1969"
                          CONTENT="essen"
                          SUBS_TYPE="HypPart1"
                          SUBS_CONTENT="essentia."/>
                  <HYP CONTENT="-"/>
               </TextLine>
               <TextLine ID="r2l27"
                         BASELINE="803"
                         HEIGHT="57"
                         WIDTH="896"
                         VPOS="746"
                         HPOS="1161">
                  <String HEIGHT="57"
                          WIDTH="100"
                          VPOS="746"
                          HPOS="1149"
                          CONTENT="tia."
                          SUBS_TYPE="HypPart2"
                          SUBS_CONTENT="essentia."/>
                  <SP HEIGHT="57" WIDTH="12" VPOS="746" HPOS="1248"/>
                  <String HEIGHT="57"
                          WIDTH="162"
                          VPOS="746"
                          HPOS="1211"
                          CONTENT="denotatur"/>
                  <SP HEIGHT="57" WIDTH="12" VPOS="746" HPOS="1373"/>
                  <String HEIGHT="57"
                          WIDTH="286"
                          VPOS="746"
                          HPOS="1335"
                          CONTENT="consubstantialitas:"/>
                  <SP HEIGHT="57" WIDTH="12" VPOS="746" HPOS="1621"/>
                  <String HEIGHT="57" WIDTH="75" VPOS="746" HPOS="1584" CONTENT="et"/>
                  <SP HEIGHT="57" WIDTH="12" VPOS="746" HPOS="1659"/>
                  <String HEIGHT="57"
                          WIDTH="112"
                          VPOS="746"
                          HPOS="1621"
                          CONTENT="debet"/>
                  <SP HEIGHT="57" WIDTH="12" VPOS="746" HPOS="1733"/>
                  <String HEIGHT="57"
                          WIDTH="124"
                          VPOS="746"
                          HPOS="1696"
                          CONTENT="exponi"/>
                  <SP HEIGHT="57" WIDTH="12" VPOS="746" HPOS="1821"/>
                  <String HEIGHT="57" WIDTH="87" VPOS="746" HPOS="1783" CONTENT="per"/>
                  <SP HEIGHT="57" WIDTH="12" VPOS="746" HPOS="1870"/>
                  <String HEIGHT="57"
                          WIDTH="112"
                          VPOS="746"
                          HPOS="1833"
                          CONTENT="hanc:"/>
                  <SP HEIGHT="57" WIDTH="12" VPOS="746" HPOS="1945"/>
                  <String HEIGHT="57" WIDTH="87" VPOS="746" HPOS="1908" CONTENT="est"/>
                  <SP HEIGHT="57" WIDTH="12" VPOS="746" HPOS="1995"/>
                  <String HEIGHT="57" WIDTH="62" VPOS="746" HPOS="1957" CONTENT="a"/>
                  <SP HEIGHT="57" WIDTH="12" VPOS="746" HPOS="2020"/>
                  <String HEIGHT="57"
                          WIDTH="87"
                          VPOS="746"
                          HPOS="1970"
                          CONTENT="patre"/>
               </TextLine>
               <TextLine ID="r2l28"
                         BASELINE="848"
                         HEIGHT="58"
                         WIDTH="897"
                         VPOS="790"
                         HPOS="1157">
                  <String HEIGHT="58" WIDTH="91" VPOS="790" HPOS="1144" CONTENT="cum"/>
                  <SP HEIGHT="58" WIDTH="13" VPOS="790" HPOS="1235"/>
                  <String HEIGHT="58" WIDTH="91" VPOS="790" HPOS="1196" CONTENT="quo"/>
                  <SP HEIGHT="58" WIDTH="13" VPOS="790" HPOS="1287"/>
                  <String HEIGHT="58" WIDTH="91" VPOS="790" HPOS="1248" CONTENT="est"/>
                  <SP HEIGHT="58" WIDTH="13" VPOS="790" HPOS="1339"/>
                  <String HEIGHT="58" WIDTH="91" VPOS="790" HPOS="1300" CONTENT="vna"/>
                  <SP HEIGHT="58" WIDTH="13" VPOS="790" HPOS="1391"/>
                  <String HEIGHT="58"
                          WIDTH="156"
                          VPOS="790"
                          HPOS="1352"
                          CONTENT="essentia"/>
                  <SP HEIGHT="58" WIDTH="13" VPOS="790" HPOS="1508"/>
                  <String HEIGHT="58" WIDTH="78" VPOS="790" HPOS="1469" CONTENT="et"/>
                  <SP HEIGHT="58" WIDTH="13" VPOS="790" HPOS="1547"/>
                  <String HEIGHT="58"
                          WIDTH="195"
                          VPOS="790"
                          HPOS="1508"
                          CONTENT="substantia:"/>
                  <SP HEIGHT="58" WIDTH="13" VPOS="790" HPOS="1703"/>
                  <String HEIGHT="58" WIDTH="78" VPOS="790" HPOS="1664" CONTENT="et"/>
                  <SP HEIGHT="58" WIDTH="13" VPOS="790" HPOS="1742"/>
                  <String HEIGHT="58" WIDTH="91" VPOS="790" HPOS="1703" CONTENT="hec"/>
                  <SP HEIGHT="58" WIDTH="13" VPOS="790" HPOS="1794"/>
                  <String HEIGHT="58" WIDTH="91" VPOS="790" HPOS="1755" CONTENT="est"/>
                  <SP HEIGHT="58" WIDTH="13" VPOS="790" HPOS="1846"/>
                  <String HEIGHT="58"
                          WIDTH="104"
                          VPOS="790"
                          HPOS="1807"
                          CONTENT="tota"/>
                  <SP HEIGHT="58" WIDTH="13" VPOS="790" HPOS="1911"/>
                  <String HEIGHT="58"
                          WIDTH="169"
                          VPOS="790"
                          HPOS="1872"
                          CONTENT="sanctorum"/>
                  <SP HEIGHT="58" WIDTH="13" VPOS="790" HPOS="2041"/>
                  <String HEIGHT="58"
                          WIDTH="65"
                          VPOS="790"
                          HPOS="1989"
                          CONTENT="in"
                          SUBS_TYPE="HypPart1"
                          SUBS_CONTENT="intentio:"/>
                  <HYP CONTENT="-"/>
               </TextLine>
               <TextLine ID="r2l30"
                         BASELINE="884"
                         HEIGHT="53"
                         WIDTH="900"
                         VPOS="831"
                         HPOS="1158">
                  <String HEIGHT="53"
                          WIDTH="162"
                          VPOS="831"
                          HPOS="1143"
                          CONTENT="tentio:"
                          SUBS_TYPE="HypPart2"
                          SUBS_CONTENT="intentio:"/>
                  <SP HEIGHT="53" WIDTH="15" VPOS="831" HPOS="1306"/>
                  <String HEIGHT="53" WIDTH="89" VPOS="831" HPOS="1261" CONTENT="et"/>
                  <SP HEIGHT="53" WIDTH="15" VPOS="831" HPOS="1350"/>
                  <String HEIGHT="53"
                          WIDTH="103"
                          VPOS="831"
                          HPOS="1306"
                          CONTENT="sic"/>
                  <SP HEIGHT="53" WIDTH="15" VPOS="831" HPOS="1409"/>
                  <String HEIGHT="53"
                          WIDTH="133"
                          VPOS="831"
                          HPOS="1365"
                          CONTENT="docet"/>
                  <SP HEIGHT="53" WIDTH="15" VPOS="831" HPOS="1497"/>
                  <String HEIGHT="53"
                          WIDTH="177"
                          VPOS="831"
                          HPOS="1453"
                          CONTENT="magister"/>
                  <SP HEIGHT="53" WIDTH="15" VPOS="831" HPOS="1630"/>
                  <String HEIGHT="53" WIDTH="89" VPOS="831" HPOS="1586" CONTENT="ex"/>
                  <SP HEIGHT="53" WIDTH="15" VPOS="831" HPOS="1674"/>
                  <String HEIGHT="53"
                          WIDTH="207"
                          VPOS="831"
                          HPOS="1630"
                          CONTENT="intentione"/>
                  <SP HEIGHT="53" WIDTH="15" VPOS="831" HPOS="1837"/>
                  <String HEIGHT="53"
                          WIDTH="118"
                          VPOS="831"
                          HPOS="1792"
                          CONTENT="Aug."/>
                  <SP HEIGHT="53" WIDTH="15" VPOS="831" HPOS="1910"/>
                  <String HEIGHT="53"
                          WIDTH="177"
                          VPOS="831"
                          HPOS="1866"
                          CONTENT="exponere"/>
                  <SP HEIGHT="53" WIDTH="15" VPOS="831" HPOS="2043"/>
                  <String HEIGHT="53" WIDTH="74" VPOS="831" HPOS="1984" CONTENT="de."/>
               </TextLine>
               <TextLine ID="r2l33"
                         BASELINE="922"
                         HEIGHT="48"
                         WIDTH="892"
                         VPOS="874"
                         HPOS="1157">
                  <String HEIGHT="48" WIDTH="81" VPOS="874" HPOS="1143" CONTENT="et"/>
                  <SP HEIGHT="48" WIDTH="14" VPOS="874" HPOS="1225"/>
                  <String HEIGHT="48" WIDTH="81" VPOS="874" HPOS="1184" CONTENT="in"/>
                  <SP HEIGHT="48" WIDTH="14" VPOS="874" HPOS="1265"/>
                  <String HEIGHT="48"
                          WIDTH="189"
                          VPOS="874"
                          HPOS="1225"
                          CONTENT="praesenti."/>
                  <SP HEIGHT="48" WIDTH="14" VPOS="874" HPOS="1414"/>
                  <String HEIGHT="48"
                          WIDTH="108"
                          VPOS="874"
                          HPOS="1373"
                          CONTENT="dis."/>
                  <SP HEIGHT="48" WIDTH="14" VPOS="874" HPOS="1481"/>
                  <String HEIGHT="48"
                          WIDTH="108"
                          VPOS="874"
                          HPOS="1441"
                          CONTENT="Quod"/>
                  <SP HEIGHT="48" WIDTH="14" VPOS="874" HPOS="1549"/>
                  <String HEIGHT="48"
                          WIDTH="108"
                          VPOS="874"
                          HPOS="1508"
                          CONTENT="vero"/>
                  <SP HEIGHT="48" WIDTH="14" VPOS="874" HPOS="1617"/>
                  <String HEIGHT="48"
                          WIDTH="135"
                          VPOS="874"
                          HPOS="1576"
                          CONTENT="contra"/>
                  <SP HEIGHT="48" WIDTH="14" VPOS="874" HPOS="1711"/>
                  <String HEIGHT="48"
                          WIDTH="176"
                          VPOS="874"
                          HPOS="1671"
                          CONTENT="inducitur"/>
                  <SP HEIGHT="48" WIDTH="14" VPOS="874" HPOS="1846"/>
                  <String HEIGHT="48" WIDTH="81" VPOS="874" HPOS="1806" CONTENT="ex"/>
                  <SP HEIGHT="48" WIDTH="14" VPOS="874" HPOS="1887"/>
                  <String HEIGHT="48"
                          WIDTH="216"
                          VPOS="874"
                          HPOS="1833"
                          CONTENT="argumentatione"/>
               </TextLine>
               <TextLine ID="r2l34"
                         BASELINE="969"
                         HEIGHT="48"
                         WIDTH="897"
                         VPOS="921"
                         HPOS="1158">
                  <String HEIGHT="48"
                          WIDTH="110"
                          VPOS="921"
                          HPOS="1144"
                          CONTENT="Aug."/>
                  <SP HEIGHT="48" WIDTH="14" VPOS="921" HPOS="1255"/>
                  <String HEIGHT="48" WIDTH="97" VPOS="921" HPOS="1213" CONTENT="non"/>
                  <SP HEIGHT="48" WIDTH="14" VPOS="921" HPOS="1310"/>
                  <String HEIGHT="48"
                          WIDTH="138"
                          VPOS="921"
                          HPOS="1268"
                          CONTENT="tollit"/>
                  <SP HEIGHT="48" WIDTH="14" VPOS="921" HPOS="1406"/>
                  <String HEIGHT="48"
                          WIDTH="110"
                          VPOS="921"
                          HPOS="1365"
                          CONTENT="quod"/>
                  <SP HEIGHT="48" WIDTH="14" VPOS="921" HPOS="1475"/>
                  <String HEIGHT="48"
                          WIDTH="138"
                          VPOS="921"
                          HPOS="1434"
                          CONTENT="dictum"/>
                  <SP HEIGHT="48" WIDTH="14" VPOS="921" HPOS="1572"/>
                  <String HEIGHT="48"
                          WIDTH="110"
                          VPOS="921"
                          HPOS="1531"
                          CONTENT="est."/>
                  <SP HEIGHT="48" WIDTH="14" VPOS="921" HPOS="1641"/>
                  <String HEIGHT="48" WIDTH="97" VPOS="921" HPOS="1600" CONTENT="Nam"/>
                  <SP HEIGHT="48" WIDTH="14" VPOS="921" HPOS="1696"/>
                  <String HEIGHT="48"
                          WIDTH="110"
                          VPOS="921"
                          HPOS="1655"
                          CONTENT="Aug."/>
                  <SP HEIGHT="48" WIDTH="14" VPOS="921" HPOS="1765"/>
                  <String HEIGHT="48"
                          WIDTH="152"
                          VPOS="921"
                          HPOS="1724"
                          CONTENT="accipit"/>
                  <SP HEIGHT="48" WIDTH="14" VPOS="921" HPOS="1876"/>
                  <String HEIGHT="48" WIDTH="97" VPOS="921" HPOS="1834" CONTENT="ibi"/>
                  <SP HEIGHT="48" WIDTH="14" VPOS="921" HPOS="1931"/>
                  <String HEIGHT="48"
                          WIDTH="110"
                          VPOS="921"
                          HPOS="1889"
                          CONTENT="esse"/>
                  <SP HEIGHT="48" WIDTH="14" VPOS="921" HPOS="2000"/>
                  <String HEIGHT="48" WIDTH="83" VPOS="921" HPOS="1958" CONTENT="de"/>
                  <SP HEIGHT="48" WIDTH="14" VPOS="921" HPOS="2041"/>
                  <String HEIGHT="48"
                          WIDTH="69"
                          VPOS="921"
                          HPOS="1986"
                          CONTENT="ni"
                          SUBS_TYPE="HypPart1"
                          SUBS_CONTENT="nihilo"/>
                  <HYP CONTENT="-"/>
               </TextLine>
               <TextLine ID="r2l37"
                         BASELINE="1015"
                         HEIGHT="51"
                         WIDTH="879"
                         VPOS="964"
                         HPOS="1164">
                  <String HEIGHT="51"
                          WIDTH="98"
                          VPOS="964"
                          HPOS="1152"
                          CONTENT="hilo"
                          SUBS_TYPE="HypPart2"
                          SUBS_CONTENT="nihilo"/>
                  <SP HEIGHT="51" WIDTH="12" VPOS="964" HPOS="1249"/>
                  <String HEIGHT="51" WIDTH="73" VPOS="964" HPOS="1213" CONTENT="eo"/>
                  <SP HEIGHT="51" WIDTH="12" VPOS="964" HPOS="1286"/>
                  <String HEIGHT="51"
                          WIDTH="98"
                          VPOS="964"
                          HPOS="1249"
                          CONTENT="modo"/>
                  <SP HEIGHT="51" WIDTH="12" VPOS="964" HPOS="1347"/>
                  <String HEIGHT="51" WIDTH="85" VPOS="964" HPOS="1311" CONTENT="quo"/>
                  <SP HEIGHT="51" WIDTH="12" VPOS="964" HPOS="1396"/>
                  <String HEIGHT="51"
                          WIDTH="110"
                          VPOS="964"
                          HPOS="1359"
                          CONTENT="supra"/>
                  <SP HEIGHT="51" WIDTH="12" VPOS="964" HPOS="1469"/>
                  <String HEIGHT="51"
                          WIDTH="122"
                          VPOS="964"
                          HPOS="1433"
                          CONTENT="dictum"/>
                  <SP HEIGHT="51" WIDTH="12" VPOS="964" HPOS="1555"/>
                  <String HEIGHT="51"
                          WIDTH="98"
                          VPOS="964"
                          HPOS="1518"
                          CONTENT="est."/>
                  <SP HEIGHT="51" WIDTH="12" VPOS="964" HPOS="1616"/>
                  <String HEIGHT="51"
                          WIDTH="147"
                          VPOS="964"
                          HPOS="1579"
                          CONTENT="creatura"/>
                  <SP HEIGHT="51" WIDTH="12" VPOS="964" HPOS="1726"/>
                  <String HEIGHT="51"
                          WIDTH="98"
                          VPOS="964"
                          HPOS="1689"
                          CONTENT="esse"/>
                  <SP HEIGHT="51" WIDTH="12" VPOS="964" HPOS="1787"/>
                  <String HEIGHT="51" WIDTH="73" VPOS="964" HPOS="1750" CONTENT="de"/>
                  <SP HEIGHT="51" WIDTH="12" VPOS="964" HPOS="1823"/>
                  <String HEIGHT="51"
                          WIDTH="122"
                          VPOS="964"
                          HPOS="1787"
                          CONTENT="nihilo"/>
                  <SP HEIGHT="51" WIDTH="12" VPOS="964" HPOS="1909"/>
                  <String HEIGHT="51"
                          WIDTH="147"
                          VPOS="964"
                          HPOS="1872"
                          CONTENT="scilicet"/>
                  <SP HEIGHT="51" WIDTH="12" VPOS="964" HPOS="2019"/>
                  <String HEIGHT="51"
                          WIDTH="73"
                          VPOS="964"
                          HPOS="1970"
                          CONTENT="quia"/>
               </TextLine>
               <TextLine ID="r2l38"
                         BASELINE="1061"
                         HEIGHT="55"
                         WIDTH="899"
                         VPOS="1006"
                         HPOS="1158">
                  <String HEIGHT="55"
                          WIDTH="93"
                          VPOS="1006"
                          HPOS="1145"
                          CONTENT="non"/>
                  <SP HEIGHT="55" WIDTH="13" VPOS="1006" HPOS="1237"/>
                  <String HEIGHT="55"
                          WIDTH="93"
                          VPOS="1006"
                          HPOS="1198"
                          CONTENT="est"/>
                  <SP HEIGHT="55" WIDTH="13" VPOS="1006" HPOS="1290"/>
                  <String HEIGHT="55" WIDTH="79" VPOS="1006" HPOS="1251" CONTENT="ex"/>
                  <SP HEIGHT="55" WIDTH="13" VPOS="1006" HPOS="1330"/>
                  <String HEIGHT="55"
                          WIDTH="132"
                          VPOS="1006"
                          HPOS="1290"
                          CONTENT="aliquo"/>
                  <SP HEIGHT="55" WIDTH="13" VPOS="1006" HPOS="1422"/>
                  <String HEIGHT="55"
                          WIDTH="225"
                          VPOS="1006"
                          HPOS="1383"
                          CONTENT="praexistente:"/>
                  <SP HEIGHT="55" WIDTH="13" VPOS="1006" HPOS="1608"/>
                  <String HEIGHT="55"
                          WIDTH="93"
                          VPOS="1006"
                          HPOS="1568"
                          CONTENT="nec"/>
                  <SP HEIGHT="55" WIDTH="13" VPOS="1006" HPOS="1660"/>
                  <String HEIGHT="55"
                          WIDTH="106"
                          VPOS="1006"
                          HPOS="1621"
                          CONTENT="tota"/>
                  <SP HEIGHT="55" WIDTH="13" VPOS="1006" HPOS="1726"/>
                  <String HEIGHT="55"
                          WIDTH="93"
                          VPOS="1006"
                          HPOS="1687"
                          CONTENT="est"/>
                  <SP HEIGHT="55" WIDTH="13" VPOS="1006" HPOS="1779"/>
                  <String HEIGHT="55"
                          WIDTH="106"
                          VPOS="1006"
                          HPOS="1740"
                          CONTENT="eius"/>
                  <SP HEIGHT="55" WIDTH="13" VPOS="1006" HPOS="1845"/>
                  <String HEIGHT="55"
                          WIDTH="185"
                          VPOS="1006"
                          HPOS="1806"
                          CONTENT="substantia"/>
                  <SP HEIGHT="55" WIDTH="13" VPOS="1006" HPOS="1991"/>
                  <String HEIGHT="55"
                          WIDTH="119"
                          VPOS="1006"
                          HPOS="1938"
                          CONTENT="aliquid"/>
               </TextLine>
               <TextLine ID="r2l41"
                         BASELINE="1099"
                         HEIGHT="49"
                         WIDTH="907"
                         VPOS="1050"
                         HPOS="1151">
                  <String HEIGHT="49"
                          WIDTH="199"
                          VPOS="1050"
                          HPOS="1139"
                          CONTENT="praexistens."/>
                  <SP HEIGHT="49" WIDTH="12" VPOS="1050" HPOS="1337"/>
                  <String HEIGHT="49" WIDTH="75" VPOS="1050" HPOS="1300" CONTENT="Et"/>
                  <SP HEIGHT="49" WIDTH="12" VPOS="1050" HPOS="1375"/>
                  <String HEIGHT="49"
                          WIDTH="87"
                          VPOS="1050"
                          HPOS="1337"
                          CONTENT="per"/>
                  <SP HEIGHT="49" WIDTH="12" VPOS="1050" HPOS="1424"/>
                  <String HEIGHT="49"
                          WIDTH="162"
                          VPOS="1050"
                          HPOS="1387"
                          CONTENT="oppositum"/>
                  <SP HEIGHT="49" WIDTH="12" VPOS="1050" HPOS="1549"/>
                  <String HEIGHT="49"
                          WIDTH="137"
                          VPOS="1050"
                          HPOS="1511"
                          CONTENT="accipit"/>
                  <SP HEIGHT="49" WIDTH="12" VPOS="1050" HPOS="1648"/>
                  <String HEIGHT="49"
                          WIDTH="99"
                          VPOS="1050"
                          HPOS="1611"
                          CONTENT="esse"/>
                  <SP HEIGHT="49" WIDTH="12" VPOS="1050" HPOS="1710"/>
                  <String HEIGHT="49" WIDTH="75" VPOS="1050" HPOS="1673" CONTENT="de"/>
                  <SP HEIGHT="49" WIDTH="12" VPOS="1050" HPOS="1747"/>
                  <String HEIGHT="49"
                          WIDTH="124"
                          VPOS="1050"
                          HPOS="1710"
                          CONTENT="aliquo"/>
                  <SP HEIGHT="49" WIDTH="12" VPOS="1050" HPOS="1834"/>
                  <String HEIGHT="49"
                          WIDTH="186"
                          VPOS="1050"
                          HPOS="1797"
                          CONTENT="communiter:"/>
                  <SP HEIGHT="49" WIDTH="12" VPOS="1050" HPOS="1983"/>
                  <String HEIGHT="49"
                          WIDTH="87"
                          VPOS="1050"
                          HPOS="1946"
                          CONTENT="tam"/>
                  <SP HEIGHT="49" WIDTH="12" VPOS="1050" HPOS="2033"/>
                  <String HEIGHT="49"
                          WIDTH="75"
                          VPOS="1050"
                          HPOS="1983"
                          CONTENT="pro"
                          SUBS_TYPE="HypPart1"
                          SUBS_CONTENT="prosubiecta"/>
                  <HYP CONTENT="-"/>
               </TextLine>
               <TextLine ID="r2l42"
                         BASELINE="1137"
                         HEIGHT="44"
                         WIDTH="890"
                         VPOS="1093"
                         HPOS="1158">
                  <String HEIGHT="44"
                          WIDTH="137"
                          VPOS="1093"
                          HPOS="1147"
                          CONTENT="subiecta"
                          SUBS_TYPE="HypPart2"
                          SUBS_CONTENT="prosubiecta"/>
                  <SP HEIGHT="44" WIDTH="11" VPOS="1093" HPOS="1284"/>
                  <String HEIGHT="44" WIDTH="68" VPOS="1093" HPOS="1249" CONTENT="de"/>
                  <SP HEIGHT="44" WIDTH="11" VPOS="1093" HPOS="1318"/>
                  <String HEIGHT="44"
                          WIDTH="114"
                          VPOS="1093"
                          HPOS="1284"
                          CONTENT="aliqua"/>
                  <SP HEIGHT="44" WIDTH="11" VPOS="1093" HPOS="1398"/>
                  <String HEIGHT="44"
                          WIDTH="137"
                          VPOS="1093"
                          HPOS="1363"
                          CONTENT="subiecta"/>
                  <SP HEIGHT="44" WIDTH="11" VPOS="1093" HPOS="1500"/>
                  <String HEIGHT="44"
                          WIDTH="183"
                          VPOS="1093"
                          HPOS="1466"
                          CONTENT="praexistente"/>
                  <SP HEIGHT="44" WIDTH="11" VPOS="1093" HPOS="1649"/>
                  <String HEIGHT="44"
                          WIDTH="80"
                          VPOS="1093"
                          HPOS="1614"
                          CONTENT="vel"/>
                  <SP HEIGHT="44" WIDTH="11" VPOS="1093" HPOS="1694"/>
                  <String HEIGHT="44" WIDTH="68" VPOS="1093" HPOS="1660" CONTENT="in"/>
                  <SP HEIGHT="44" WIDTH="11" VPOS="1093" HPOS="1729"/>
                  <String HEIGHT="44"
                          WIDTH="103"
                          VPOS="1093"
                          HPOS="1694"
                          CONTENT="alio:"/>
                  <SP HEIGHT="44" WIDTH="11" VPOS="1093" HPOS="1797"/>
                  <String HEIGHT="44"
                          WIDTH="80"
                          VPOS="1093"
                          HPOS="1763"
                          CONTENT="non"/>
                  <SP HEIGHT="44" WIDTH="11" VPOS="1093" HPOS="1843"/>
                  <String HEIGHT="44"
                          WIDTH="80"
                          VPOS="1093"
                          HPOS="1808"
                          CONTENT="per"/>
                  <SP HEIGHT="44" WIDTH="11" VPOS="1093" HPOS="1888"/>
                  <String HEIGHT="44"
                          WIDTH="183"
                          VPOS="1093"
                          HPOS="1854"
                          CONTENT="productionem"/>
                  <SP HEIGHT="44" WIDTH="11" VPOS="1093" HPOS="2037"/>
                  <String HEIGHT="44"
                          WIDTH="57"
                          VPOS="1093"
                          HPOS="1991"
                          CONTENT="il"
                          SUBS_TYPE="HypPart1"
                          SUBS_CONTENT="illam"/>
                  <HYP CONTENT="-"/>
               </TextLine>
               <TextLine ID="r2l44"
                         BASELINE="1192"
                         HEIGHT="57"
                         WIDTH="884"
                         VPOS="1135"
                         HPOS="1158">
                  <String HEIGHT="57"
                          WIDTH="81"
                          VPOS="1135"
                          HPOS="1146"
                          CONTENT="lam"
                          SUBS_TYPE="HypPart2"
                          SUBS_CONTENT="illam"/>
                  <SP HEIGHT="57" WIDTH="12" VPOS="1135" HPOS="1228"/>
                  <String HEIGHT="57"
                          WIDTH="163"
                          VPOS="1135"
                          HPOS="1193"
                          CONTENT="existente:"/>
                  <SP HEIGHT="57" WIDTH="12" VPOS="1135" HPOS="1356"/>
                  <String HEIGHT="57"
                          WIDTH="93"
                          VPOS="1135"
                          HPOS="1321"
                          CONTENT="quam"/>
                  <SP HEIGHT="57" WIDTH="12" VPOS="1135" HPOS="1414"/>
                  <String HEIGHT="57"
                          WIDTH="81"
                          VPOS="1135"
                          HPOS="1379"
                          CONTENT="pro"/>
                  <SP HEIGHT="57" WIDTH="12" VPOS="1135" HPOS="1460"/>
                  <String HEIGHT="57"
                          WIDTH="93"
                          VPOS="1135"
                          HPOS="1426"
                          CONTENT="esse"/>
                  <SP HEIGHT="57" WIDTH="12" VPOS="1135" HPOS="1519"/>
                  <String HEIGHT="57"
                          WIDTH="128"
                          VPOS="1135"
                          HPOS="1484"
                          CONTENT="aliquam"/>
                  <SP HEIGHT="57" WIDTH="12" VPOS="1135" HPOS="1612"/>
                  <String HEIGHT="57"
                          WIDTH="151"
                          VPOS="1135"
                          HPOS="1577"
                          CONTENT="subiectam"/>
                  <SP HEIGHT="57" WIDTH="12" VPOS="1135" HPOS="1728"/>
                  <String HEIGHT="57"
                          WIDTH="163"
                          VPOS="1135"
                          HPOS="1693"
                          CONTENT="actualiter"/>
                  <SP HEIGHT="57" WIDTH="12" VPOS="1135" HPOS="1856"/>
                  <String HEIGHT="57" WIDTH="70" VPOS="1135" HPOS="1821" CONTENT="in"/>
                  <SP HEIGHT="57" WIDTH="12" VPOS="1135" HPOS="1891"/>
                  <String HEIGHT="57"
                          WIDTH="93"
                          VPOS="1135"
                          HPOS="1856"
                          CONTENT="alio"/>
                  <SP HEIGHT="57" WIDTH="12" VPOS="1135" HPOS="1949"/>
                  <String HEIGHT="57"
                          WIDTH="140"
                          VPOS="1135"
                          HPOS="1902"
                          CONTENT="existentem"/>
               </TextLine>
               <TextLine ID="r2l46"
                         BASELINE="1230"
                         HEIGHT="50"
                         WIDTH="902"
                         VPOS="1180"
                         HPOS="1149">
                  <String HEIGHT="50"
                          WIDTH="215"
                          VPOS="1180"
                          HPOS="1136"
                          CONTENT="improductam."/>
                  <SP HEIGHT="50" WIDTH="13" VPOS="1180" HPOS="1351"/>
                  <String HEIGHT="50"
                          WIDTH="94"
                          VPOS="1180"
                          HPOS="1311"
                          CONTENT="hoc"/>
                  <SP HEIGHT="50" WIDTH="13" VPOS="1180" HPOS="1405"/>
                  <String HEIGHT="50"
                          WIDTH="121"
                          VPOS="1180"
                          HPOS="1364"
                          CONTENT="autem"/>
                  <SP HEIGHT="50" WIDTH="13" VPOS="1180" HPOS="1486"/>
                  <String HEIGHT="50"
                          WIDTH="108"
                          VPOS="1180"
                          HPOS="1445"
                          CONTENT="modo"/>
                  <SP HEIGHT="50" WIDTH="13" VPOS="1180" HPOS="1553"/>
                  <String HEIGHT="50"
                          WIDTH="135"
                          VPOS="1180"
                          HPOS="1512"
                          CONTENT="filius"/>
                  <SP HEIGHT="50" WIDTH="13" VPOS="1180" HPOS="1647"/>
                  <String HEIGHT="50"
                          WIDTH="94"
                          VPOS="1180"
                          HPOS="1607"
                          CONTENT="non"/>
                  <SP HEIGHT="50" WIDTH="13" VPOS="1180" HPOS="1701"/>
                  <String HEIGHT="50"
                          WIDTH="94"
                          VPOS="1180"
                          HPOS="1661"
                          CONTENT="est"/>
                  <SP HEIGHT="50" WIDTH="13" VPOS="1180" HPOS="1755"/>
                  <String HEIGHT="50" WIDTH="81" VPOS="1180" HPOS="1714" CONTENT="de"/>
                  <SP HEIGHT="50" WIDTH="13" VPOS="1180" HPOS="1795"/>
                  <String HEIGHT="50"
                          WIDTH="148"
                          VPOS="1180"
                          HPOS="1755"
                          CONTENT="nihilo:"/>
                  <SP HEIGHT="50" WIDTH="13" VPOS="1180" HPOS="1903"/>
                  <String HEIGHT="50"
                          WIDTH="94"
                          VPOS="1180"
                          HPOS="1863"
                          CONTENT="sed"/>
                  <SP HEIGHT="50" WIDTH="13" VPOS="1180" HPOS="1957"/>
                  <String HEIGHT="50" WIDTH="81" VPOS="1180" HPOS="1916" CONTENT="de"/>
                  <SP HEIGHT="50" WIDTH="13" VPOS="1180" HPOS="1997"/>
                  <String HEIGHT="50"
                          WIDTH="108"
                          VPOS="1180"
                          HPOS="1943"
                          CONTENT="aliqua"/>
               </TextLine>
               <TextLine ID="r2l48"
                         BASELINE="1271"
                         HEIGHT="51"
                         WIDTH="890"
                         VPOS="1220"
                         HPOS="1161">
                  <String HEIGHT="51"
                          WIDTH="115"
                          VPOS="1220"
                          HPOS="1152"
                          CONTENT="subiecta:"/>
                  <SP HEIGHT="51" WIDTH="9" VPOS="1220" HPOS="1267"/>
                  <String HEIGHT="51" WIDTH="53" VPOS="1220" HPOS="1240" CONTENT="et"/>
                  <SP HEIGHT="51" WIDTH="9" VPOS="1220" HPOS="1293"/>
                  <String HEIGHT="51"
                          WIDTH="62"
                          VPOS="1220"
                          HPOS="1267"
                          CONTENT="non"/>
                  <SP HEIGHT="51" WIDTH="9" VPOS="1220" HPOS="1328"/>
                  <String HEIGHT="51"
                          WIDTH="62"
                          VPOS="1220"
                          HPOS="1302"
                          CONTENT="est"/>
                  <SP HEIGHT="51" WIDTH="9" VPOS="1220" HPOS="1364"/>
                  <String HEIGHT="51" WIDTH="53" VPOS="1220" HPOS="1337" CONTENT="de"/>
                  <SP HEIGHT="51" WIDTH="9" VPOS="1220" HPOS="1390"/>
                  <String HEIGHT="51"
                          WIDTH="70"
                          VPOS="1220"
                          HPOS="1364"
                          CONTENT="alia"/>
                  <SP HEIGHT="51" WIDTH="9" VPOS="1220" HPOS="1434"/>
                  <String HEIGHT="51"
                          WIDTH="106"
                          VPOS="1220"
                          HPOS="1408"
                          CONTENT="subiecta"/>
                  <SP HEIGHT="51" WIDTH="9" VPOS="1220" HPOS="1513"/>
                  <String HEIGHT="51"
                          WIDTH="70"
                          VPOS="1220"
                          HPOS="1487"
                          CONTENT="quam"/>
                  <SP HEIGHT="51" WIDTH="9" VPOS="1220" HPOS="1558"/>
                  <String HEIGHT="51"
                          WIDTH="97"
                          VPOS="1220"
                          HPOS="1531"
                          CONTENT="patris."/>
                  <SP HEIGHT="51" WIDTH="9" VPOS="1220" HPOS="1628"/>
                  <String HEIGHT="51"
                          WIDTH="70"
                          VPOS="1220"
                          HPOS="1602"
                          CONTENT="ergo"/>
                  <SP HEIGHT="51" WIDTH="9" VPOS="1220" HPOS="1672"/>
                  <String HEIGHT="51"
                          WIDTH="62"
                          VPOS="1220"
                          HPOS="1646"
                          CONTENT="est"/>
                  <SP HEIGHT="51" WIDTH="9" VPOS="1220" HPOS="1707"/>
                  <String HEIGHT="51" WIDTH="53" VPOS="1220" HPOS="1681" CONTENT="de"/>
                  <SP HEIGHT="51" WIDTH="9" VPOS="1220" HPOS="1734"/>
                  <String HEIGHT="51"
                          WIDTH="70"
                          VPOS="1220"
                          HPOS="1707"
                          CONTENT="eius"/>
                  <SP HEIGHT="51" WIDTH="9" VPOS="1220" HPOS="1778"/>
                  <String HEIGHT="51"
                          WIDTH="115"
                          VPOS="1220"
                          HPOS="1751"
                          CONTENT="substanti"/>
                  <SP HEIGHT="51" WIDTH="9" VPOS="1220" HPOS="1866"/>
                  <String HEIGHT="51" WIDTH="53" VPOS="1220" HPOS="1840" CONTENT="id"/>
                  <SP HEIGHT="51" WIDTH="9" VPOS="1220" HPOS="1892"/>
                  <String HEIGHT="51"
                          WIDTH="132"
                          VPOS="1220"
                          HPOS="1866"
                          CONTENT="estsubiecta"/>
                  <SP HEIGHT="51" WIDTH="9" VPOS="1220" HPOS="1998"/>
                  <String HEIGHT="51"
                          WIDTH="70"
                          VPOS="1220"
                          HPOS="1972"
                          CONTENT="quae"/>
                  <SP HEIGHT="51" WIDTH="9" VPOS="1220" HPOS="2042"/>
                  <String HEIGHT="51"
                          WIDTH="44"
                          VPOS="1220"
                          HPOS="2007"
                          CONTENT="est"/>
               </TextLine>
               <TextLine ID="r2l51"
                         BASELINE="1312"
                         HEIGHT="49"
                         WIDTH="890"
                         VPOS="1263"
                         HPOS="1158">
                  <String HEIGHT="49"
                          WIDTH="140"
                          VPOS="1263"
                          HPOS="1145"
                          CONTENT="patris:"/>
                  <SP HEIGHT="49" WIDTH="13" VPOS="1263" HPOS="1285"/>
                  <String HEIGHT="49" WIDTH="76" VPOS="1263" HPOS="1247" CONTENT="et"/>
                  <SP HEIGHT="49" WIDTH="13" VPOS="1263" HPOS="1323"/>
                  <String HEIGHT="49"
                          WIDTH="89"
                          VPOS="1263"
                          HPOS="1285"
                          CONTENT="sic"/>
                  <SP HEIGHT="49" WIDTH="13" VPOS="1263" HPOS="1374"/>
                  <String HEIGHT="49"
                          WIDTH="153"
                          VPOS="1263"
                          HPOS="1336"
                          CONTENT="procedit"/>
                  <SP HEIGHT="49" WIDTH="13" VPOS="1263" HPOS="1489"/>
                  <String HEIGHT="49"
                          WIDTH="140"
                          VPOS="1263"
                          HPOS="1450"
                          CONTENT="argutio"/>
                  <SP HEIGHT="49" WIDTH="13" VPOS="1263" HPOS="1590"/>
                  <String HEIGHT="49"
                          WIDTH="114"
                          VPOS="1263"
                          HPOS="1552"
                          CONTENT="eius:"/>
                  <SP HEIGHT="49" WIDTH="13" VPOS="1263" HPOS="1667"/>
                  <String HEIGHT="49" WIDTH="76" VPOS="1263" HPOS="1628" CONTENT="et"/>
                  <SP HEIGHT="49" WIDTH="13" VPOS="1263" HPOS="1705"/>
                  <String HEIGHT="49"
                          WIDTH="165"
                          VPOS="1263"
                          HPOS="1667"
                          CONTENT="concludit"/>
                  <SP HEIGHT="49" WIDTH="13" VPOS="1263" HPOS="1832"/>
                  <String HEIGHT="49"
                          WIDTH="191"
                          VPOS="1263"
                          HPOS="1794"
                          CONTENT="propositum."/>
                  <SP HEIGHT="49" WIDTH="13" VPOS="1263" HPOS="1984"/>
                  <String HEIGHT="49"
                          WIDTH="114"
                          VPOS="1263"
                          HPOS="1934"
                          CONTENT="Quamuis"/>
               </TextLine>
               <TextLine ID="r2l52"
                         BASELINE="1364"
                         HEIGHT="53"
                         WIDTH="906"
                         VPOS="1311"
                         HPOS="1158">
                  <String HEIGHT="53"
                          WIDTH="115"
                          VPOS="1311"
                          HPOS="1145"
                          CONTENT="autem"/>
                  <SP HEIGHT="53" WIDTH="13" VPOS="1311" HPOS="1260"/>
                  <String HEIGHT="53"
                          WIDTH="115"
                          VPOS="1311"
                          HPOS="1222"
                          CONTENT="maxi."/>
                  <SP HEIGHT="53" WIDTH="13" VPOS="1311" HPOS="1337"/>
                  <String HEIGHT="53"
                          WIDTH="179"
                          VPOS="1311"
                          HPOS="1298"
                          CONTENT="concederet"/>
                  <SP HEIGHT="53" WIDTH="13" VPOS="1311" HPOS="1477"/>
                  <String HEIGHT="53"
                          WIDTH="128"
                          VPOS="1311"
                          HPOS="1439"
                          CONTENT="filium"/>
                  <SP HEIGHT="53" WIDTH="13" VPOS="1311" HPOS="1566"/>
                  <String HEIGHT="53"
                          WIDTH="102"
                          VPOS="1311"
                          HPOS="1528"
                          CONTENT="esse"/>
                  <SP HEIGHT="53" WIDTH="13" VPOS="1311" HPOS="1630"/>
                  <String HEIGHT="53" WIDTH="77" VPOS="1311" HPOS="1592" CONTENT="ex"/>
                  <SP HEIGHT="53" WIDTH="13" VPOS="1311" HPOS="1668"/>
                  <String HEIGHT="53"
                          WIDTH="128"
                          VPOS="1311"
                          HPOS="1630"
                          CONTENT="patre:"/>
                  <SP HEIGHT="53" WIDTH="13" VPOS="1311" HPOS="1758"/>
                  <String HEIGHT="53"
                          WIDTH="89"
                          VPOS="1311"
                          HPOS="1719"
                          CONTENT="non"/>
                  <SP HEIGHT="53" WIDTH="13" VPOS="1311" HPOS="1809"/>
                  <String HEIGHT="53"
                          WIDTH="115"
                          VPOS="1311"
                          HPOS="1771"
                          CONTENT="tamen"/>
                  <SP HEIGHT="53" WIDTH="13" VPOS="1311" HPOS="1885"/>
                  <String HEIGHT="53"
                          WIDTH="179"
                          VPOS="1311"
                          HPOS="1847"
                          CONTENT="concedebat"/>
                  <SP HEIGHT="53" WIDTH="13" VPOS="1311" HPOS="2026"/>
                  <String HEIGHT="53"
                          WIDTH="89"
                          VPOS="1311"
                          HPOS="1975"
                          CONTENT="ipsum"/>
               </TextLine>
               <TextLine ID="r2l55"
                         BASELINE="1401"
                         HEIGHT="46"
                         WIDTH="907"
                         VPOS="1355"
                         HPOS="1148">
                  <String HEIGHT="46"
                          WIDTH="104"
                          VPOS="1355"
                          HPOS="1135"
                          CONTENT="esse"/>
                  <SP HEIGHT="46" WIDTH="13" VPOS="1355" HPOS="1239"/>
                  <String HEIGHT="46"
                          WIDTH="104"
                          VPOS="1355"
                          HPOS="1200"
                          CONTENT="vnam"/>
                  <SP HEIGHT="46" WIDTH="13" VPOS="1355" HPOS="1303"/>
                  <String HEIGHT="46"
                          WIDTH="194"
                          VPOS="1355"
                          HPOS="1265"
                          CONTENT="substantiam"/>
                  <SP HEIGHT="46" WIDTH="13" VPOS="1355" HPOS="1459"/>
                  <String HEIGHT="46"
                          WIDTH="91"
                          VPOS="1355"
                          HPOS="1420"
                          CONTENT="cum"/>
                  <SP HEIGHT="46" WIDTH="13" VPOS="1355" HPOS="1511"/>
                  <String HEIGHT="46"
                          WIDTH="130"
                          VPOS="1355"
                          HPOS="1472"
                          CONTENT="patre:"/>
                  <SP HEIGHT="46" WIDTH="13" VPOS="1355" HPOS="1602"/>
                  <String HEIGHT="46"
                          WIDTH="104"
                          VPOS="1355"
                          HPOS="1563"
                          CONTENT="quod"/>
                  <SP HEIGHT="46" WIDTH="13" VPOS="1355" HPOS="1666"/>
                  <String HEIGHT="46"
                          WIDTH="104"
                          VPOS="1355"
                          HPOS="1627"
                          CONTENT="Aug."/>
                  <SP HEIGHT="46" WIDTH="13" VPOS="1355" HPOS="1731"/>
                  <String HEIGHT="46" WIDTH="78" VPOS="1355" HPOS="1692" CONTENT="ex"/>
                  <SP HEIGHT="46" WIDTH="13" VPOS="1355" HPOS="1770"/>
                  <String HEIGHT="46"
                          WIDTH="117"
                          VPOS="1355"
                          HPOS="1731"
                          CONTENT="datis"/>
                  <SP HEIGHT="46" WIDTH="13" VPOS="1355" HPOS="1848"/>
                  <String HEIGHT="46"
                          WIDTH="130"
                          VPOS="1355"
                          HPOS="1809"
                          CONTENT="probat"/>
                  <SP HEIGHT="46" WIDTH="13" VPOS="1355" HPOS="1938"/>
                  <String HEIGHT="46"
                          WIDTH="130"
                          VPOS="1355"
                          HPOS="1900"
                          CONTENT="contra"/>
                  <SP HEIGHT="46" WIDTH="13" VPOS="1355" HPOS="2029"/>
                  <String HEIGHT="46"
                          WIDTH="78"
                          VPOS="1355"
                          HPOS="1977"
                          CONTENT="eum:"/>
               </TextLine>
               <TextLine ID="r2l56"
                         BASELINE="1448"
                         HEIGHT="49"
                         WIDTH="879"
                         VPOS="1399"
                         HPOS="1164">
                  <String HEIGHT="49"
                          WIDTH="79"
                          VPOS="1399"
                          HPOS="1153"
                          CONTENT="qui"/>
                  <SP HEIGHT="49" WIDTH="11" VPOS="1399" HPOS="1232"/>
                  <String HEIGHT="49"
                          WIDTH="90"
                          VPOS="1399"
                          HPOS="1198"
                          CONTENT="ipse"/>
                  <SP HEIGHT="49" WIDTH="11" VPOS="1399" HPOS="1288"/>
                  <String HEIGHT="49"
                          WIDTH="79"
                          VPOS="1399"
                          HPOS="1254"
                          CONTENT="non"/>
                  <SP HEIGHT="49" WIDTH="11" VPOS="1399" HPOS="1333"/>
                  <String HEIGHT="49"
                          WIDTH="79"
                          VPOS="1399"
                          HPOS="1299"
                          CONTENT="est"/>
                  <SP HEIGHT="49" WIDTH="11" VPOS="1399" HPOS="1378"/>
                  <String HEIGHT="49" WIDTH="68" VPOS="1399" HPOS="1344" CONTENT="de"/>
                  <SP HEIGHT="49" WIDTH="11" VPOS="1399" HPOS="1412"/>
                  <String HEIGHT="49"
                          WIDTH="113"
                          VPOS="1399"
                          HPOS="1378"
                          CONTENT="nihilo"/>
                  <SP HEIGHT="49" WIDTH="11" VPOS="1399" HPOS="1491"/>
                  <String HEIGHT="49" WIDTH="68" VPOS="1399" HPOS="1457" CONTENT="vt"/>
                  <SP HEIGHT="49" WIDTH="11" VPOS="1399" HPOS="1525"/>
                  <String HEIGHT="49"
                          WIDTH="147"
                          VPOS="1399"
                          HPOS="1491"
                          CONTENT="creatura:"/>
                  <SP HEIGHT="49" WIDTH="11" VPOS="1399" HPOS="1637"/>
                  <String HEIGHT="49" WIDTH="68" VPOS="1399" HPOS="1604" CONTENT="et"/>
                  <SP HEIGHT="49" WIDTH="11" VPOS="1399" HPOS="1671"/>
                  <String HEIGHT="49"
                          WIDTH="79"
                          VPOS="1399"
                          HPOS="1637"
                          CONTENT="per"/>
                  <SP HEIGHT="49" WIDTH="11" VPOS="1399" HPOS="1716"/>
                  <String HEIGHT="49"
                          WIDTH="158"
                          VPOS="1399"
                          HPOS="1682"
                          CONTENT="consequens"/>
                  <SP HEIGHT="49" WIDTH="11" VPOS="1399" HPOS="1840"/>
                  <String HEIGHT="49"
                          WIDTH="124"
                          VPOS="1399"
                          HPOS="1806"
                          CONTENT="oportet"/>
                  <SP HEIGHT="49" WIDTH="11" VPOS="1399" HPOS="1930"/>
                  <String HEIGHT="49"
                          WIDTH="90"
                          VPOS="1399"
                          HPOS="1897"
                          CONTENT="quod"/>
                  <SP HEIGHT="49" WIDTH="11" VPOS="1399" HPOS="1987"/>
                  <String HEIGHT="49" WIDTH="68" VPOS="1399" HPOS="1953" CONTENT="de"/>
                  <SP HEIGHT="49" WIDTH="11" VPOS="1399" HPOS="2020"/>
                  <String HEIGHT="49"
                          WIDTH="68"
                          VPOS="1399"
                          HPOS="1975"
                          CONTENT="ali"
                          SUBS_TYPE="HypPart1"
                          SUBS_CONTENT="aliqua"/>
                  <HYP CONTENT="-"/>
               </TextLine>
               <TextLine ID="r2l59"
                         BASELINE="1490"
                         HEIGHT="52"
                         WIDTH="887"
                         VPOS="1438"
                         HPOS="1152">
                  <String HEIGHT="52"
                          WIDTH="89"
                          VPOS="1438"
                          HPOS="1139"
                          CONTENT="qua"
                          SUBS_TYPE="HypPart2"
                          SUBS_CONTENT="aliqua"/>
                  <SP HEIGHT="52" WIDTH="13" VPOS="1438" HPOS="1228"/>
                  <String HEIGHT="52"
                          WIDTH="165"
                          VPOS="1438"
                          HPOS="1190"
                          CONTENT="subiecta:"/>
                  <SP HEIGHT="52" WIDTH="13" VPOS="1438" HPOS="1355"/>
                  <String HEIGHT="52"
                          WIDTH="89"
                          VPOS="1438"
                          HPOS="1317"
                          CONTENT="aut"/>
                  <SP HEIGHT="52" WIDTH="13" VPOS="1438" HPOS="1405"/>
                  <String HEIGHT="52"
                          WIDTH="89"
                          VPOS="1438"
                          HPOS="1367"
                          CONTENT="sit"/>
                  <SP HEIGHT="52" WIDTH="13" VPOS="1438" HPOS="1456"/>
                  <String HEIGHT="52"
                          WIDTH="127"
                          VPOS="1438"
                          HPOS="1418"
                          CONTENT="aliqua"/>
                  <SP HEIGHT="52" WIDTH="13" VPOS="1438" HPOS="1545"/>
                  <String HEIGHT="52"
                          WIDTH="165"
                          VPOS="1438"
                          HPOS="1507"
                          CONTENT="subiecta:"/>
                  <SP HEIGHT="52" WIDTH="13" VPOS="1438" HPOS="1672"/>
                  <String HEIGHT="52" WIDTH="76" VPOS="1438" HPOS="1634" CONTENT="et"/>
                  <SP HEIGHT="52" WIDTH="13" VPOS="1438" HPOS="1710"/>
                  <String HEIGHT="52"
                          WIDTH="89"
                          VPOS="1438"
                          HPOS="1672"
                          CONTENT="non"/>
                  <SP HEIGHT="52" WIDTH="13" VPOS="1438" HPOS="1760"/>
                  <String HEIGHT="52"
                          WIDTH="139"
                          VPOS="1438"
                          HPOS="1722"
                          CONTENT="apparet"/>
                  <SP HEIGHT="52" WIDTH="13" VPOS="1438" HPOS="1862"/>
                  <String HEIGHT="52"
                          WIDTH="101"
                          VPOS="1438"
                          HPOS="1824"
                          CONTENT="nisi"/>
                  <SP HEIGHT="52" WIDTH="13" VPOS="1438" HPOS="1925"/>
                  <String HEIGHT="52"
                          WIDTH="152"
                          VPOS="1438"
                          HPOS="1887"
                          CONTENT="subiecta"/>
                  <SP HEIGHT="52" WIDTH="13" VPOS="1438" HPOS="2039"/>
                  <String HEIGHT="52" WIDTH="51" VPOS="1438" HPOS="1988" CONTENT="pa"/>
               </TextLine>
               <TextLine ID="r2l60"
                         BASELINE="1535"
                         HEIGHT="51"
                         WIDTH="891"
                         VPOS="1484"
                         HPOS="1152">
                  <String HEIGHT="51"
                          WIDTH="94"
                          VPOS="1484"
                          HPOS="1142"
                          CONTENT="tris."/>
                  <SP HEIGHT="51" WIDTH="10" VPOS="1484" HPOS="1236"/>
                  <String HEIGHT="51"
                          WIDTH="84"
                          VPOS="1484"
                          HPOS="1204"
                          CONTENT="ergo"/>
                  <SP HEIGHT="51" WIDTH="10" VPOS="1484" HPOS="1288"/>
                  <String HEIGHT="51"
                          WIDTH="73"
                          VPOS="1484"
                          HPOS="1257"
                          CONTENT="est"/>
                  <SP HEIGHT="51" WIDTH="10" VPOS="1484" HPOS="1330"/>
                  <String HEIGHT="51"
                          WIDTH="126"
                          VPOS="1484"
                          HPOS="1299"
                          CONTENT="subiecta"/>
                  <SP HEIGHT="51" WIDTH="10" VPOS="1484" HPOS="1425"/>
                  <String HEIGHT="51"
                          WIDTH="115"
                          VPOS="1484"
                          HPOS="1393"
                          CONTENT="patris:"/>
                  <SP HEIGHT="51" WIDTH="10" VPOS="1484" HPOS="1508"/>
                  <String HEIGHT="51" WIDTH="63" VPOS="1484" HPOS="1477" CONTENT="ac"/>
                  <SP HEIGHT="51" WIDTH="10" VPOS="1484" HPOS="1540"/>
                  <String HEIGHT="51"
                          WIDTH="73"
                          VPOS="1484"
                          HPOS="1508"
                          CONTENT="per"/>
                  <SP HEIGHT="51" WIDTH="10" VPOS="1484" HPOS="1582"/>
                  <String HEIGHT="51"
                          WIDTH="73"
                          VPOS="1484"
                          HPOS="1550"
                          CONTENT="hoc"/>
                  <SP HEIGHT="51" WIDTH="10" VPOS="1484" HPOS="1624"/>
                  <String HEIGHT="51" WIDTH="63" VPOS="1484" HPOS="1592" CONTENT="ex"/>
                  <SP HEIGHT="51" WIDTH="10" VPOS="1484" HPOS="1655"/>
                  <String HEIGHT="51"
                          WIDTH="94"
                          VPOS="1484"
                          HPOS="1624"
                          CONTENT="patre"/>
                  <SP HEIGHT="51" WIDTH="10" VPOS="1484" HPOS="1718"/>
                  <String HEIGHT="51"
                          WIDTH="73"
                          VPOS="1484"
                          HPOS="1687"
                          CONTENT="qui"/>
                  <SP HEIGHT="51" WIDTH="10" VPOS="1484" HPOS="1760"/>
                  <String HEIGHT="51"
                          WIDTH="73"
                          VPOS="1484"
                          HPOS="1729"
                          CONTENT="est"/>
                  <SP HEIGHT="51" WIDTH="10" VPOS="1484" HPOS="1802"/>
                  <String HEIGHT="51"
                          WIDTH="136"
                          VPOS="1484"
                          HPOS="1770"
                          CONTENT="subiecta:"/>
                  <SP HEIGHT="51" WIDTH="10" VPOS="1484" HPOS="1907"/>
                  <String HEIGHT="51" WIDTH="63" VPOS="1484" HPOS="1875" CONTENT="in"/>
                  <SP HEIGHT="51" WIDTH="10" VPOS="1484" HPOS="1938"/>
                  <String HEIGHT="51"
                          WIDTH="73"
                          VPOS="1484"
                          HPOS="1907"
                          CONTENT="qua"/>
                  <SP HEIGHT="51" WIDTH="10" VPOS="1484" HPOS="1980"/>
                  <String HEIGHT="51"
                          WIDTH="73"
                          VPOS="1484"
                          HPOS="1949"
                          CONTENT="vel"/>
                  <SP HEIGHT="51" WIDTH="10" VPOS="1484" HPOS="2022"/>
                  <String HEIGHT="51"
                          WIDTH="63"
                          VPOS="1484"
                          HPOS="1980"
                          CONTENT="quae"/>
               </TextLine>
               <TextLine ID="r2l62"
                         BASELINE="1576"
                         HEIGHT="50"
                         WIDTH="780"
                         VPOS="1526"
                         HPOS="1154">
                  <String HEIGHT="50"
                          WIDTH="98"
                          VPOS="1526"
                          HPOS="1140"
                          CONTENT="est"/>
                  <SP HEIGHT="50" WIDTH="14" VPOS="1526" HPOS="1238"/>
                  <String HEIGHT="50"
                          WIDTH="139"
                          VPOS="1526"
                          HPOS="1196"
                          CONTENT="filius"/>
                  <SP HEIGHT="50" WIDTH="14" VPOS="1526" HPOS="1335"/>
                  <String HEIGHT="50" WIDTH="84" VPOS="1526" HPOS="1293" CONTENT="et"/>
                  <SP HEIGHT="50" WIDTH="14" VPOS="1526" HPOS="1377"/>
                  <String HEIGHT="50"
                          WIDTH="195"
                          VPOS="1526"
                          HPOS="1335"
                          CONTENT="econuerso."/>
                  <SP HEIGHT="50" WIDTH="14" VPOS="1526" HPOS="1530"/>
                  <String HEIGHT="50" WIDTH="84" VPOS="1526" HPOS="1488" CONTENT="Et"/>
                  <SP HEIGHT="50" WIDTH="14" VPOS="1526" HPOS="1572"/>
                  <String HEIGHT="50"
                          WIDTH="98"
                          VPOS="1526"
                          HPOS="1530"
                          CONTENT="sic"/>
                  <SP HEIGHT="50" WIDTH="14" VPOS="1526" HPOS="1628"/>
                  <String HEIGHT="50"
                          WIDTH="153"
                          VPOS="1526"
                          HPOS="1586"
                          CONTENT="finitur"/>
                  <SP HEIGHT="50" WIDTH="14" VPOS="1526" HPOS="1739"/>
                  <String HEIGHT="50"
                          WIDTH="181"
                          VPOS="1526"
                          HPOS="1697"
                          CONTENT="articulus"/>
                  <SP HEIGHT="50" WIDTH="14" VPOS="1526" HPOS="1878"/>
                  <String HEIGHT="50"
                          WIDTH="111"
                          VPOS="1526"
                          HPOS="1823"
                          CONTENT="primus"/>
               </TextLine>
               <TextLine ID="line_1596889048922_21"
                         BASELINE="1660"
                         HEIGHT="94"
                         WIDTH="908"
                         VPOS="1566"
                         HPOS="1132">
                  <String HEIGHT="94"
                          WIDTH="217"
                          VPOS="1566"
                          HPOS="1112"
                          CONTENT="Quantum"/>
                  <SP HEIGHT="94" WIDTH="20" VPOS="1566" HPOS="1329"/>
                  <String HEIGHT="94"
                          WIDTH="118"
                          VPOS="1566"
                          HPOS="1270"
                          CONTENT="ad"/>
                  <SP HEIGHT="94" WIDTH="20" VPOS="1566" HPOS="1389"/>
                  <String HEIGHT="94"
                          WIDTH="118"
                          VPOS="1566"
                          HPOS="1329"
                          CONTENT="2m"/>
                  <SP HEIGHT="94" WIDTH="20" VPOS="1566" HPOS="1448"/>
                  <String HEIGHT="94"
                          WIDTH="197"
                          VPOS="1566"
                          HPOS="1389"
                          CONTENT="artic."/>
                  <SP HEIGHT="94" WIDTH="20" VPOS="1566" HPOS="1586"/>
                  <String HEIGHT="94"
                          WIDTH="237"
                          VPOS="1566"
                          HPOS="1527"
                          CONTENT="Queritur"/>
                  <SP HEIGHT="94" WIDTH="20" VPOS="1566" HPOS="1764"/>
                  <String HEIGHT="94"
                          WIDTH="118"
                          VPOS="1566"
                          HPOS="1704"
                          CONTENT="an"/>
                  <SP HEIGHT="94" WIDTH="20" VPOS="1566" HPOS="1823"/>
                  <String HEIGHT="94"
                          WIDTH="237"
                          VPOS="1566"
                          HPOS="1764"
                          CONTENT="essentia"/>
                  <SP HEIGHT="94" WIDTH="20" VPOS="1566" HPOS="2001"/>
                  <String HEIGHT="94"
                          WIDTH="118"
                          VPOS="1566"
                          HPOS="1922"
                          CONTENT="diui"/>
               </TextLine>
               <TextLine ID="line_1596889037363_15"
                         BASELINE="1668"
                         HEIGHT="61"
                         WIDTH="586"
                         VPOS="1607"
                         HPOS="1449">
                  <String HEIGHT="61" WIDTH="95" VPOS="1607" HPOS="1433" CONTENT="na"/>
                  <SP HEIGHT="61" WIDTH="16" VPOS="1607" HPOS="1528"/>
                  <String HEIGHT="61"
                          WIDTH="111"
                          VPOS="1607"
                          HPOS="1481"
                          CONTENT="sit"/>
                  <SP HEIGHT="61" WIDTH="16" VPOS="1607" HPOS="1592"/>
                  <String HEIGHT="61"
                          WIDTH="190"
                          VPOS="1607"
                          HPOS="1544"
                          CONTENT="formalis"/>
                  <SP HEIGHT="61" WIDTH="16" VPOS="1607" HPOS="1734"/>
                  <String HEIGHT="61"
                          WIDTH="190"
                          VPOS="1607"
                          HPOS="1687"
                          CONTENT="terminus"/>
                  <SP HEIGHT="61" WIDTH="16" VPOS="1607" HPOS="1877"/>
                  <String HEIGHT="61"
                          WIDTH="222"
                          VPOS="1607"
                          HPOS="1813"
                          CONTENT="generationis"/>
               </TextLine>
               <TextLine ID="r2l69"
                         BASELINE="1706"
                         HEIGHT="55"
                         WIDTH="889"
                         VPOS="1651"
                         HPOS="1156">
                  <String HEIGHT="55"
                          WIDTH="99"
                          VPOS="1651"
                          HPOS="1142"
                          CONTENT="Est"/>
                  <SP HEIGHT="55" WIDTH="14" VPOS="1651" HPOS="1241"/>
                  <String HEIGHT="55"
                          WIDTH="99"
                          VPOS="1651"
                          HPOS="1198"
                          CONTENT="vna"/>
                  <SP HEIGHT="55" WIDTH="14" VPOS="1651" HPOS="1297"/>
                  <String HEIGHT="55"
                          WIDTH="155"
                          VPOS="1651"
                          HPOS="1255"
                          CONTENT="opinio."/>
                  <SP HEIGHT="55" WIDTH="14" VPOS="1651" HPOS="1410"/>
                  <String HEIGHT="55"
                          WIDTH="141"
                          VPOS="1651"
                          HPOS="1368"
                          CONTENT="dicens"/>
                  <SP HEIGHT="55" WIDTH="14" VPOS="1651" HPOS="1509"/>
                  <String HEIGHT="55"
                          WIDTH="113"
                          VPOS="1651"
                          HPOS="1466"
                          CONTENT="quod"/>
                  <SP HEIGHT="55" WIDTH="14" VPOS="1651" HPOS="1579"/>
                  <String HEIGHT="55"
                          WIDTH="113"
                          VPOS="1651"
                          HPOS="1537"
                          CONTENT="non."/>
                  <SP HEIGHT="55" WIDTH="14" VPOS="1651" HPOS="1650"/>
                  <String HEIGHT="55" WIDTH="85" VPOS="1651" HPOS="1608" CONTENT="Ad"/>
                  <SP HEIGHT="55" WIDTH="14" VPOS="1651" HPOS="1692"/>
                  <String HEIGHT="55"
                          WIDTH="113"
                          VPOS="1651"
                          HPOS="1650"
                          CONTENT="quod"/>
                  <SP HEIGHT="55" WIDTH="14" VPOS="1651" HPOS="1763"/>
                  <String HEIGHT="55"
                          WIDTH="212"
                          VPOS="1651"
                          HPOS="1720"
                          CONTENT="ostendendum"/>
                  <SP HEIGHT="55" WIDTH="14" VPOS="1651" HPOS="1932"/>
                  <String HEIGHT="55"
                          WIDTH="141"
                          VPOS="1651"
                          HPOS="1890"
                          CONTENT="probat"/>
                  <SP HEIGHT="55" WIDTH="14" VPOS="1651" HPOS="2031"/>
                  <String HEIGHT="55"
                          WIDTH="71"
                          VPOS="1651"
                          HPOS="1974"
                          CONTENT="duc"/>
               </TextLine>
               <TextLine ID="r2l72"
                         BASELINE="1747"
                         HEIGHT="51"
                         WIDTH="876"
                         VPOS="1696"
                         HPOS="1161">
                  <String HEIGHT="51"
                          WIDTH="114"
                          VPOS="1696"
                          HPOS="1145"
                          CONTENT="per"/>
                  <SP HEIGHT="51" WIDTH="16" VPOS="1696" HPOS="1258"/>
                  <String HEIGHT="51"
                          WIDTH="195"
                          VPOS="1696"
                          HPOS="1210"
                          CONTENT="ordinem."/>
                  <SP HEIGHT="51" WIDTH="16" VPOS="1696" HPOS="1404"/>
                  <String HEIGHT="51" WIDTH="81" VPOS="1696" HPOS="1356" CONTENT=""/>
                  <SP HEIGHT="51" WIDTH="16" VPOS="1696" HPOS="1437"/>
                  <String HEIGHT="51"
                          WIDTH="162"
                          VPOS="1696"
                          HPOS="1388"
                          CONTENT="Primum"/>
                  <SP HEIGHT="51" WIDTH="16" VPOS="1696" HPOS="1550"/>
                  <String HEIGHT="51"
                          WIDTH="130"
                          VPOS="1696"
                          HPOS="1502"
                          CONTENT="quod"/>
                  <SP HEIGHT="51" WIDTH="16" VPOS="1696" HPOS="1631"/>
                  <String HEIGHT="51"
                          WIDTH="146"
                          VPOS="1696"
                          HPOS="1583"
                          CONTENT="ratio"/>
                  <SP HEIGHT="51" WIDTH="16" VPOS="1696" HPOS="1729"/>
                  <String HEIGHT="51"
                          WIDTH="195"
                          VPOS="1696"
                          HPOS="1680"
                          CONTENT="formalis"/>
                  <SP HEIGHT="51" WIDTH="16" VPOS="1696" HPOS="1875"/>
                  <String HEIGHT="51"
                          WIDTH="178"
                          VPOS="1696"
                          HPOS="1826"
                          CONTENT="termini"/>
                  <SP HEIGHT="51" WIDTH="16" VPOS="1696" HPOS="2005"/>
                  <String HEIGHT="51"
                          WIDTH="97"
                          VPOS="1696"
                          HPOS="1940"
                          CONTENT="gene"/>
               </TextLine>
               <TextLine ID="r2l75"
                         BASELINE="1786"
                         HEIGHT="43"
                         WIDTH="893"
                         VPOS="1743"
                         HPOS="1150">
                  <String HEIGHT="43"
                          WIDTH="187"
                          VPOS="1743"
                          HPOS="1136"
                          CONTENT="rationis:"/>
                  <SP HEIGHT="43" WIDTH="14" VPOS="1743" HPOS="1323"/>
                  <String HEIGHT="43" WIDTH="86" VPOS="1743" HPOS="1280" CONTENT="et"/>
                  <SP HEIGHT="43" WIDTH="14" VPOS="1743" HPOS="1366"/>
                  <String HEIGHT="43"
                          WIDTH="202"
                          VPOS="1743"
                          HPOS="1323"
                          CONTENT="cuiuslibet"/>
                  <SP HEIGHT="43" WIDTH="14" VPOS="1743" HPOS="1524"/>
                  <String HEIGHT="43"
                          WIDTH="230"
                          VPOS="1743"
                          HPOS="1481"
                          CONTENT="productionis"/>
                  <SP HEIGHT="43" WIDTH="14" VPOS="1743" HPOS="1712"/>
                  <String HEIGHT="43"
                          WIDTH="187"
                          VPOS="1743"
                          HPOS="1669"
                          CONTENT="consistit"/>
                  <SP HEIGHT="43" WIDTH="14" VPOS="1743" HPOS="1856"/>
                  <String HEIGHT="43" WIDTH="86" VPOS="1743" HPOS="1813" CONTENT="in"/>
                  <SP HEIGHT="43" WIDTH="14" VPOS="1743" HPOS="1899"/>
                  <String HEIGHT="43"
                          WIDTH="101"
                          VPOS="1743"
                          HPOS="1856"
                          CONTENT="hoc"/>
                  <SP HEIGHT="43" WIDTH="14" VPOS="1743" HPOS="1957"/>
                  <String HEIGHT="43"
                          WIDTH="115"
                          VPOS="1743"
                          HPOS="1913"
                          CONTENT="quod"/>
                  <SP HEIGHT="43" WIDTH="14" VPOS="1743" HPOS="2029"/>
                  <String HEIGHT="43"
                          WIDTH="72"
                          VPOS="1743"
                          HPOS="1971"
                          CONTENT="ca"
                          SUBS_TYPE="HypPart1"
                          SUBS_CONTENT="capit"/>
                  <HYP CONTENT="-"/>
               </TextLine>
               <TextLine ID="r2l78"
                         BASELINE="1837"
                         HEIGHT="47"
                         WIDTH="879"
                         VPOS="1790"
                         HPOS="1157">
                  <String HEIGHT="47"
                          WIDTH="98"
                          VPOS="1790"
                          HPOS="1143"
                          CONTENT="pit"
                          SUBS_TYPE="HypPart2"
                          SUBS_CONTENT="capit"/>
                  <SP HEIGHT="47" WIDTH="14" VPOS="1790" HPOS="1241"/>
                  <String HEIGHT="47"
                          WIDTH="112"
                          VPOS="1790"
                          HPOS="1199"
                          CONTENT="quod"/>
                  <SP HEIGHT="47" WIDTH="14" VPOS="1790" HPOS="1310"/>
                  <String HEIGHT="47"
                          WIDTH="112"
                          VPOS="1790"
                          HPOS="1269"
                          CONTENT="sit:"/>
                  <SP HEIGHT="47" WIDTH="14" VPOS="1790" HPOS="1380"/>
                  <String HEIGHT="47" WIDTH="84" VPOS="1790" HPOS="1338" CONTENT="et"/>
                  <SP HEIGHT="47" WIDTH="14" VPOS="1790" HPOS="1422"/>
                  <String HEIGHT="47"
                          WIDTH="98"
                          VPOS="1790"
                          HPOS="1380"
                          CONTENT="sua"/>
                  <SP HEIGHT="47" WIDTH="14" VPOS="1790" HPOS="1478"/>
                  <String HEIGHT="47"
                          WIDTH="167"
                          VPOS="1790"
                          HPOS="1436"
                          CONTENT="realitas"/>
                  <SP HEIGHT="47" WIDTH="14" VPOS="1790" HPOS="1603"/>
                  <String HEIGHT="47"
                          WIDTH="153"
                          VPOS="1790"
                          HPOS="1562"
                          CONTENT="accipit"/>
                  <SP HEIGHT="47" WIDTH="14" VPOS="1790" HPOS="1715"/>
                  <String HEIGHT="47" WIDTH="84" VPOS="1790" HPOS="1673" CONTENT="vt"/>
                  <SP HEIGHT="47" WIDTH="14" VPOS="1790" HPOS="1757"/>
                  <String HEIGHT="47"
                          WIDTH="98"
                          VPOS="1790"
                          HPOS="1715"
                          CONTENT="sit"/>
                  <SP HEIGHT="47" WIDTH="14" VPOS="1790" HPOS="1813"/>
                  <String HEIGHT="47"
                          WIDTH="167"
                          VPOS="1790"
                          HPOS="1771"
                          CONTENT="realitas"/>
                  <SP HEIGHT="47" WIDTH="14" VPOS="1790" HPOS="1938"/>
                  <String HEIGHT="47"
                          WIDTH="98"
                          VPOS="1790"
                          HPOS="1896"
                          CONTENT="per"/>
                  <SP HEIGHT="47" WIDTH="14" VPOS="1790" HPOS="1994"/>
                  <String HEIGHT="47"
                          WIDTH="98"
                          VPOS="1790"
                          HPOS="1938"
                          CONTENT="produ"/>
               </TextLine>
               <TextLine ID="r2l81"
                         BASELINE="1878"
                         HEIGHT="50"
                         WIDTH="885"
                         VPOS="1828"
                         HPOS="1149">
                  <String HEIGHT="50"
                          WIDTH="160"
                          VPOS="1828"
                          HPOS="1134"
                          CONTENT="ctionem"/>
                  <SP HEIGHT="50" WIDTH="15" VPOS="1828" HPOS="1294"/>
                  <String HEIGHT="50"
                          WIDTH="145"
                          VPOS="1828"
                          HPOS="1251"
                          CONTENT="illam:"/>
                  <SP HEIGHT="50" WIDTH="15" VPOS="1828" HPOS="1396"/>
                  <String HEIGHT="50" WIDTH="87" VPOS="1828" HPOS="1352" CONTENT="et"/>
                  <SP HEIGHT="50" WIDTH="15" VPOS="1828" HPOS="1439"/>
                  <String HEIGHT="50"
                          WIDTH="102"
                          VPOS="1828"
                          HPOS="1396"
                          CONTENT="non"/>
                  <SP HEIGHT="50" WIDTH="15" VPOS="1828" HPOS="1497"/>
                  <String HEIGHT="50"
                          WIDTH="131"
                          VPOS="1828"
                          HPOS="1454"
                          CONTENT="solum"/>
                  <SP HEIGHT="50" WIDTH="15" VPOS="1828" HPOS="1584"/>
                  <String HEIGHT="50" WIDTH="87" VPOS="1828" HPOS="1541" CONTENT="vt"/>
                  <SP HEIGHT="50" WIDTH="15" VPOS="1828" HPOS="1628"/>
                  <String HEIGHT="50" WIDTH="87" VPOS="1828" HPOS="1584" CONTENT="in"/>
                  <SP HEIGHT="50" WIDTH="15" VPOS="1828" HPOS="1671"/>
                  <String HEIGHT="50"
                          WIDTH="116"
                          VPOS="1828"
                          HPOS="1628"
                          CONTENT="alio"/>
                  <SP HEIGHT="50" WIDTH="15" VPOS="1828" HPOS="1744"/>
                  <String HEIGHT="50"
                          WIDTH="116"
                          VPOS="1828"
                          HPOS="1700"
                          CONTENT="sit:"/>
                  <SP HEIGHT="50" WIDTH="15" VPOS="1828" HPOS="1816"/>
                  <String HEIGHT="50"
                          WIDTH="131"
                          VPOS="1828"
                          HPOS="1773"
                          CONTENT="ratio"/>
                  <SP HEIGHT="50" WIDTH="15" VPOS="1828" HPOS="1903"/>
                  <String HEIGHT="50"
                          WIDTH="131"
                          VPOS="1828"
                          HPOS="1860"
                          CONTENT="autem"/>
                  <SP HEIGHT="50" WIDTH="15" VPOS="1828" HPOS="1990"/>
                  <String HEIGHT="50"
                          WIDTH="102"
                          VPOS="1828"
                          HPOS="1932"
                          CONTENT="subie"/>
               </TextLine>
               <TextLine ID="r2l83"
                         BASELINE="1919"
                         HEIGHT="46"
                         WIDTH="888"
                         VPOS="1873"
                         HPOS="1155">
                  <String HEIGHT="46"
                          WIDTH="88"
                          VPOS="1873"
                          HPOS="1142"
                          CONTENT="cti"/>
                  <SP HEIGHT="46" WIDTH="13" VPOS="1873" HPOS="1230"/>
                  <String HEIGHT="46"
                          WIDTH="163"
                          VPOS="1873"
                          HPOS="1193"
                          CONTENT="consistit"/>
                  <SP HEIGHT="46" WIDTH="13" VPOS="1873" HPOS="1355"/>
                  <String HEIGHT="46" WIDTH="75" VPOS="1873" HPOS="1318" CONTENT="in"/>
                  <SP HEIGHT="46" WIDTH="13" VPOS="1873" HPOS="1393"/>
                  <String HEIGHT="46"
                          WIDTH="88"
                          VPOS="1873"
                          HPOS="1355"
                          CONTENT="hoc"/>
                  <SP HEIGHT="46" WIDTH="13" VPOS="1873" HPOS="1443"/>
                  <String HEIGHT="46"
                          WIDTH="100"
                          VPOS="1873"
                          HPOS="1405"
                          CONTENT="quod"/>
                  <SP HEIGHT="46" WIDTH="13" VPOS="1873" HPOS="1505"/>
                  <String HEIGHT="46"
                          WIDTH="138"
                          VPOS="1873"
                          HPOS="1468"
                          CONTENT="recipit"/>
                  <SP HEIGHT="46" WIDTH="13" VPOS="1873" HPOS="1605"/>
                  <String HEIGHT="46"
                          WIDTH="125"
                          VPOS="1873"
                          HPOS="1568"
                          CONTENT="illam."/>
                  <SP HEIGHT="46" WIDTH="13" VPOS="1873" HPOS="1693"/>
                  <String HEIGHT="46"
                          WIDTH="100"
                          VPOS="1873"
                          HPOS="1655"
                          CONTENT="Quia"/>
                  <SP HEIGHT="46" WIDTH="13" VPOS="1873" HPOS="1755"/>
                  <String HEIGHT="46"
                          WIDTH="113"
                          VPOS="1873"
                          HPOS="1718"
                          CONTENT="autem"/>
                  <SP HEIGHT="46" WIDTH="13" VPOS="1873" HPOS="1830"/>
                  <String HEIGHT="46"
                          WIDTH="100"
                          VPOS="1873"
                          HPOS="1793"
                          CONTENT="illa"/>
                  <SP HEIGHT="46" WIDTH="13" VPOS="1873" HPOS="1893"/>
                  <String HEIGHT="46"
                          WIDTH="88"
                          VPOS="1873"
                          HPOS="1855"
                          CONTENT="sit"/>
                  <SP HEIGHT="46" WIDTH="13" VPOS="1873" HPOS="1943"/>
                  <String HEIGHT="46"
                          WIDTH="113"
                          VPOS="1873"
                          HPOS="1905"
                          CONTENT="ratio"/>
                  <SP HEIGHT="46" WIDTH="13" VPOS="1873" HPOS="2018"/>
                  <String HEIGHT="46"
                          WIDTH="75"
                          VPOS="1873"
                          HPOS="1968"
                          CONTENT="for"
                          SUBS_TYPE="HypPart1"
                          SUBS_CONTENT="formalis"/>
                  <HYP CONTENT="-"/>
               </TextLine>
               <TextLine ID="r2l85"
                         BASELINE="1958"
                         HEIGHT="45"
                         WIDTH="900"
                         VPOS="1913"
                         HPOS="1151">
                  <String HEIGHT="45"
                          WIDTH="145"
                          VPOS="1913"
                          HPOS="1135"
                          CONTENT="malis"
                          SUBS_TYPE="HypPart2"
                          SUBS_CONTENT="formalis"/>
                  <SP HEIGHT="45" WIDTH="16" VPOS="1913" HPOS="1280"/>
                  <String HEIGHT="45"
                          WIDTH="177"
                          VPOS="1913"
                          HPOS="1231"
                          CONTENT="termini"/>
                  <SP HEIGHT="45" WIDTH="16" VPOS="1913" HPOS="1408"/>
                  <String HEIGHT="45"
                          WIDTH="177"
                          VPOS="1913"
                          HPOS="1360"
                          CONTENT="probant"/>
                  <SP HEIGHT="45" WIDTH="16" VPOS="1913" HPOS="1537"/>
                  <String HEIGHT="45"
                          WIDTH="145"
                          VPOS="1913"
                          HPOS="1489"
                          CONTENT="primo"/>
                  <SP HEIGHT="45" WIDTH="16" VPOS="1913" HPOS="1633"/>
                  <String HEIGHT="45"
                          WIDTH="225"
                          VPOS="1913"
                          HPOS="1585"
                          CONTENT="inducendo."/>
                  <SP HEIGHT="45" WIDTH="16" VPOS="1913" HPOS="1810"/>
                  <String HEIGHT="45" WIDTH="96" VPOS="1913" HPOS="1762" CONTENT="Si"/>
                  <SP HEIGHT="45" WIDTH="16" VPOS="1913" HPOS="1858"/>
                  <String HEIGHT="45"
                          WIDTH="129"
                          VPOS="1913"
                          HPOS="1810"
                          CONTENT="enim"/>
                  <SP HEIGHT="45" WIDTH="16" VPOS="1913" HPOS="1939"/>
                  <String HEIGHT="45" WIDTH="96" VPOS="1913" HPOS="1890" CONTENT="vt"/>
                  <SP HEIGHT="45" WIDTH="16" VPOS="1913" HPOS="1987"/>
                  <String HEIGHT="45"
                          WIDTH="129"
                          VPOS="1913"
                          HPOS="1922"
                          CONTENT="dicunt"/>
               </TextLine>
               <TextLine ID="r2l87"
                         BASELINE="2014"
                         HEIGHT="59"
                         WIDTH="899"
                         VPOS="1955"
                         HPOS="1153">
                  <String HEIGHT="59"
                          WIDTH="155"
                          VPOS="1955"
                          HPOS="1138"
                          CONTENT="albedo"/>
                  <SP HEIGHT="59" WIDTH="16" VPOS="1955" HPOS="1293"/>
                  <String HEIGHT="59"
                          WIDTH="109"
                          VPOS="1955"
                          HPOS="1246"
                          CONTENT="non"/>
                  <SP HEIGHT="59" WIDTH="16" VPOS="1955" HPOS="1355"/>
                  <String HEIGHT="59"
                          WIDTH="186"
                          VPOS="1955"
                          HPOS="1308"
                          CONTENT="accipiat"/>
                  <SP HEIGHT="59" WIDTH="16" VPOS="1955" HPOS="1494"/>
                  <String HEIGHT="59"
                          WIDTH="124"
                          VPOS="1955"
                          HPOS="1448"
                          CONTENT="esse"/>
                  <SP HEIGHT="59" WIDTH="16" VPOS="1955" HPOS="1572"/>
                  <String HEIGHT="59"
                          WIDTH="109"
                          VPOS="1955"
                          HPOS="1525"
                          CONTENT="per"/>
                  <SP HEIGHT="59" WIDTH="16" VPOS="1955" HPOS="1634"/>
                  <String HEIGHT="59"
                          WIDTH="264"
                          VPOS="1955"
                          HPOS="1587"
                          CONTENT="dealbationem:"/>
                  <SP HEIGHT="59" WIDTH="16" VPOS="1955" HPOS="1851"/>
                  <String HEIGHT="59"
                          WIDTH="202"
                          VPOS="1955"
                          HPOS="1804"
                          CONTENT="nequaquam"/>
                  <SP HEIGHT="59" WIDTH="16" VPOS="1955" HPOS="2006"/>
                  <String HEIGHT="59"
                          WIDTH="109"
                          VPOS="1955"
                          HPOS="1944"
                          CONTENT="esset"/>
               </TextLine>
               <TextLine ID="r2l89"
                         BASELINE="2048"
                         HEIGHT="45"
                         WIDTH="900"
                         VPOS="2003"
                         HPOS="1152">
                  <String HEIGHT="45"
                          WIDTH="189"
                          VPOS="2003"
                          HPOS="1136"
                          CONTENT="terminus"/>
                  <SP HEIGHT="45" WIDTH="16" VPOS="2003" HPOS="1326"/>
                  <String HEIGHT="45"
                          WIDTH="189"
                          VPOS="2003"
                          HPOS="1278"
                          CONTENT="formalis"/>
                  <SP HEIGHT="45" WIDTH="16" VPOS="2003" HPOS="1468"/>
                  <String HEIGHT="45"
                          WIDTH="268"
                          VPOS="2003"
                          HPOS="1420"
                          CONTENT="dealbationis."/>
                  <SP HEIGHT="45" WIDTH="16" VPOS="2003" HPOS="1689"/>
                  <String HEIGHT="45"
                          WIDTH="205"
                          VPOS="2003"
                          HPOS="1641"
                          CONTENT="Similiter"/>
                  <SP HEIGHT="45" WIDTH="16" VPOS="2003" HPOS="1847"/>
                  <String HEIGHT="45"
                          WIDTH="111"
                          VPOS="2003"
                          HPOS="1799"
                          CONTENT="nec"/>
                  <SP HEIGHT="45" WIDTH="16" VPOS="2003" HPOS="1910"/>
                  <String HEIGHT="45"
                          WIDTH="142"
                          VPOS="2003"
                          HPOS="1863"
                          CONTENT="forma"/>
                  <SP HEIGHT="45" WIDTH="16" VPOS="2003" HPOS="2005"/>
                  <String HEIGHT="45"
                          WIDTH="111"
                          VPOS="2003"
                          HPOS="1941"
                          CONTENT="ignis"/>
               </TextLine>
               <TextLine ID="r2l91"
                         BASELINE="2092"
                         HEIGHT="51"
                         WIDTH="887"
                         VPOS="2041"
                         HPOS="1156">
                  <String HEIGHT="51"
                          WIDTH="140"
                          VPOS="2041"
                          HPOS="1140"
                          CONTENT="esset"/>
                  <SP HEIGHT="51" WIDTH="16" VPOS="2041" HPOS="1280"/>
                  <String HEIGHT="51"
                          WIDTH="187"
                          VPOS="2041"
                          HPOS="1234"
                          CONTENT="terminus"/>
                  <SP HEIGHT="51" WIDTH="16" VPOS="2041" HPOS="1421"/>
                  <String HEIGHT="51"
                          WIDTH="187"
                          VPOS="2041"
                          HPOS="1374"
                          CONTENT="formalis"/>
                  <SP HEIGHT="51" WIDTH="16" VPOS="2041" HPOS="1561"/>
                  <String HEIGHT="51"
                          WIDTH="233"
                          VPOS="2041"
                          HPOS="1514"
                          CONTENT="ignitionis:"/>
                  <SP HEIGHT="51" WIDTH="16" VPOS="2041" HPOS="1747"/>
                  <String HEIGHT="51" WIDTH="93" VPOS="2041" HPOS="1701" CONTENT="si"/>
                  <SP HEIGHT="51" WIDTH="16" VPOS="2041" HPOS="1794"/>
                  <String HEIGHT="51"
                          WIDTH="109"
                          VPOS="2041"
                          HPOS="1747"
                          CONTENT="non"/>
                  <SP HEIGHT="51" WIDTH="16" VPOS="2041" HPOS="1856"/>
                  <String HEIGHT="51"
                          WIDTH="202"
                          VPOS="2041"
                          HPOS="1810"
                          CONTENT="acciperet"/>
                  <SP HEIGHT="51" WIDTH="16" VPOS="2041" HPOS="2012"/>
                  <String HEIGHT="51"
                          WIDTH="93"
                          VPOS="2041"
                          HPOS="1950"
                          CONTENT="esse"/>
               </TextLine>
               <TextLine ID="r2l93"
                         BASELINE="2132"
                         HEIGHT="46"
                         WIDTH="901"
                         VPOS="2086"
                         HPOS="1154">
                  <String HEIGHT="46"
                          WIDTH="103"
                          VPOS="2086"
                          HPOS="1139"
                          CONTENT="per"/>
                  <SP HEIGHT="46" WIDTH="15" VPOS="2086" HPOS="1243"/>
                  <String HEIGHT="46"
                          WIDTH="222"
                          VPOS="2086"
                          HPOS="1198"
                          CONTENT="ignitionem:"/>
                  <SP HEIGHT="46" WIDTH="15" VPOS="2086" HPOS="1420"/>
                  <String HEIGHT="46" WIDTH="89" VPOS="2086" HPOS="1376" CONTENT="et"/>
                  <SP HEIGHT="46" WIDTH="15" VPOS="2086" HPOS="1464"/>
                  <String HEIGHT="46"
                          WIDTH="103"
                          VPOS="2086"
                          HPOS="1420"
                          CONTENT="sic"/>
                  <SP HEIGHT="46" WIDTH="15" VPOS="2086" HPOS="1523"/>
                  <String HEIGHT="46" WIDTH="89" VPOS="2086" HPOS="1479" CONTENT="in"/>
                  <SP HEIGHT="46" WIDTH="15" VPOS="2086" HPOS="1568"/>
                  <String HEIGHT="46"
                          WIDTH="162"
                          VPOS="2086"
                          HPOS="1523"
                          CONTENT="ceteris"/>
                  <SP HEIGHT="46" WIDTH="15" VPOS="2086" HPOS="1686"/>
                  <String HEIGHT="46"
                          WIDTH="281"
                          VPOS="2086"
                          HPOS="1641"
                          CONTENT="productionibus."/>
                  <SP HEIGHT="46" WIDTH="15" VPOS="2086" HPOS="1922"/>
                  <String HEIGHT="46" WIDTH="74" VPOS="2086" HPOS="1878" CONTENT=""/>
                  <SP HEIGHT="46" WIDTH="15" VPOS="2086" HPOS="1952"/>
                  <String HEIGHT="46"
                          WIDTH="162"
                          VPOS="2086"
                          HPOS="1893"
                          CONTENT="Confirma"
                          SUBS_TYPE="HypPart1"
                          SUBS_CONTENT="Confirmatur:"/>
                  <HYP CONTENT="-"/>
               </TextLine>
               <TextLine ID="r2l95"
                         BASELINE="2177"
                         HEIGHT="48"
                         WIDTH="896"
                         VPOS="2129"
                         HPOS="1154">
                  <String HEIGHT="48"
                          WIDTH="109"
                          VPOS="2129"
                          HPOS="1140"
                          CONTENT="tur:"
                          SUBS_TYPE="HypPart2"
                          SUBS_CONTENT="Confirmatur:"/>
                  <SP HEIGHT="48" WIDTH="14" VPOS="2129" HPOS="1249"/>
                  <String HEIGHT="48"
                          WIDTH="109"
                          VPOS="2129"
                          HPOS="1208"
                          CONTENT="quia"/>
                  <SP HEIGHT="48" WIDTH="14" VPOS="2129" HPOS="1317"/>
                  <String HEIGHT="48"
                          WIDTH="122"
                          VPOS="2129"
                          HPOS="1276"
                          CONTENT="illud"/>
                  <SP HEIGHT="48" WIDTH="14" VPOS="2129" HPOS="1398"/>
                  <String HEIGHT="48"
                          WIDTH="109"
                          VPOS="2129"
                          HPOS="1358"
                          CONTENT="quod"/>
                  <SP HEIGHT="48" WIDTH="14" VPOS="2129" HPOS="1466"/>
                  <String HEIGHT="48"
                          WIDTH="217"
                          VPOS="2129"
                          HPOS="1426"
                          CONTENT="communicatur"/>
                  <SP HEIGHT="48" WIDTH="14" VPOS="2129" HPOS="1643"/>
                  <String HEIGHT="48"
                          WIDTH="136"
                          VPOS="2129"
                          HPOS="1602"
                          CONTENT="alteri"/>
                  <SP HEIGHT="48" WIDTH="14" VPOS="2129" HPOS="1738"/>
                  <String HEIGHT="48" WIDTH="81" VPOS="2129" HPOS="1697" CONTENT="in"/>
                  <SP HEIGHT="48" WIDTH="14" VPOS="2129" HPOS="1778"/>
                  <String HEIGHT="48"
                          WIDTH="136"
                          VPOS="2129"
                          HPOS="1738"
                          CONTENT="altero"/>
                  <SP HEIGHT="48" WIDTH="14" VPOS="2129" HPOS="1874"/>
                  <String HEIGHT="48"
                          WIDTH="204"
                          VPOS="2129"
                          HPOS="1833"
                          CONTENT="preexistens"/>
                  <SP HEIGHT="48" WIDTH="14" VPOS="2129" HPOS="2036"/>
                  <String HEIGHT="48"
                          WIDTH="68"
                          VPOS="2129"
                          HPOS="1982"
                          CONTENT="non"/>
               </TextLine>
               <TextLine ID="r2l97"
                         BASELINE="2221"
                         HEIGHT="54"
                         WIDTH="902"
                         VPOS="2167"
                         HPOS="1152">
                  <String HEIGHT="54"
                          WIDTH="102"
                          VPOS="2167"
                          HPOS="1137"
                          CONTENT="est"/>
                  <SP HEIGHT="54" WIDTH="15" VPOS="2167" HPOS="1239"/>
                  <String HEIGHT="54"
                          WIDTH="175"
                          VPOS="2167"
                          HPOS="1196"
                          CONTENT="formalis"/>
                  <SP HEIGHT="54" WIDTH="15" VPOS="2167" HPOS="1370"/>
                  <String HEIGHT="54"
                          WIDTH="175"
                          VPOS="2167"
                          HPOS="1327"
                          CONTENT="terminus"/>
                  <SP HEIGHT="54" WIDTH="15" VPOS="2167" HPOS="1501"/>
                  <String HEIGHT="54"
                          WIDTH="247"
                          VPOS="2167"
                          HPOS="1458"
                          CONTENT="generationis:"/>
                  <SP HEIGHT="54" WIDTH="15" VPOS="2167" HPOS="1705"/>
                  <String HEIGHT="54"
                          WIDTH="131"
                          VPOS="2167"
                          HPOS="1661"
                          CONTENT="sicut"/>
                  <SP HEIGHT="54" WIDTH="15" VPOS="2167" HPOS="1792"/>
                  <String HEIGHT="54"
                          WIDTH="131"
                          VPOS="2167"
                          HPOS="1748"
                          CONTENT="patet"/>
                  <SP HEIGHT="54" WIDTH="15" VPOS="2167" HPOS="1879"/>
                  <String HEIGHT="54"
                          WIDTH="116"
                          VPOS="2167"
                          HPOS="1836"
                          CONTENT="quod"/>
                  <SP HEIGHT="54" WIDTH="15" VPOS="2167" HPOS="1952"/>
                  <String HEIGHT="54"
                          WIDTH="160"
                          VPOS="2167"
                          HPOS="1894"
                          CONTENT="caliditas"/>
               </TextLine>
               <TextLine ID="r2l99"
                         BASELINE="2269"
                         HEIGHT="53"
                         WIDTH="899"
                         VPOS="2216"
                         HPOS="1151">
                  <String HEIGHT="53"
                          WIDTH="105"
                          VPOS="2216"
                          HPOS="1136"
                          CONTENT="que"/>
                  <SP HEIGHT="53" WIDTH="15" VPOS="2216" HPOS="1241"/>
                  <String HEIGHT="53"
                          WIDTH="120"
                          VPOS="2216"
                          HPOS="1196"
                          CONTENT="fuit"/>
                  <SP HEIGHT="53" WIDTH="15" VPOS="2216" HPOS="1316"/>
                  <String HEIGHT="53" WIDTH="90" VPOS="2216" HPOS="1271" CONTENT="in"/>
                  <SP HEIGHT="53" WIDTH="15" VPOS="2216" HPOS="1361"/>
                  <String HEIGHT="53"
                          WIDTH="135"
                          VPOS="2216"
                          HPOS="1316"
                          CONTENT="aere:"/>
                  <SP HEIGHT="53" WIDTH="15" VPOS="2216" HPOS="1451"/>
                  <String HEIGHT="53" WIDTH="90" VPOS="2216" HPOS="1406" CONTENT="et"/>
                  <SP HEIGHT="53" WIDTH="15" VPOS="2216" HPOS="1496"/>
                  <String HEIGHT="53"
                          WIDTH="165"
                          VPOS="2216"
                          HPOS="1451"
                          CONTENT="remanet"/>
                  <SP HEIGHT="53" WIDTH="15" VPOS="2216" HPOS="1615"/>
                  <String HEIGHT="53" WIDTH="90" VPOS="2216" HPOS="1571" CONTENT="in"/>
                  <SP HEIGHT="53" WIDTH="15" VPOS="2216" HPOS="1660"/>
                  <String HEIGHT="53"
                          WIDTH="120"
                          VPOS="2216"
                          HPOS="1615"
                          CONTENT="igne"/>
                  <SP HEIGHT="53" WIDTH="15" VPOS="2216" HPOS="1735"/>
                  <String HEIGHT="53"
                          WIDTH="150"
                          VPOS="2216"
                          HPOS="1690"
                          CONTENT="genito"/>
                  <SP HEIGHT="53" WIDTH="15" VPOS="2216" HPOS="1840"/>
                  <String HEIGHT="53" WIDTH="90" VPOS="2216" HPOS="1795" CONTENT="ex"/>
                  <SP HEIGHT="53" WIDTH="15" VPOS="2216" HPOS="1885"/>
                  <String HEIGHT="53"
                          WIDTH="135"
                          VPOS="2216"
                          HPOS="1840"
                          CONTENT="aere:"/>
                  <SP HEIGHT="53" WIDTH="15" VPOS="2216" HPOS="1975"/>
                  <String HEIGHT="53"
                          WIDTH="105"
                          VPOS="2216"
                          HPOS="1930"
                          CONTENT="non"/>
                  <SP HEIGHT="53" WIDTH="15" VPOS="2216" HPOS="2035"/>
                  <String HEIGHT="53"
                          WIDTH="75"
                          VPOS="2216"
                          HPOS="1975"
                          CONTENT="di"
                          SUBS_TYPE="HypPart1"
                          SUBS_CONTENT="dicitur"/>
                  <HYP CONTENT="-"/>
               </TextLine>
               <TextLine ID="r2l101"
                         BASELINE="2309"
                         HEIGHT="43"
                         WIDTH="892"
                         VPOS="2266"
                         HPOS="1154">
                  <String HEIGHT="43"
                          WIDTH="146"
                          VPOS="2266"
                          HPOS="1138"
                          CONTENT="citur"
                          SUBS_TYPE="HypPart2"
                          SUBS_CONTENT="dicitur"/>
                  <SP HEIGHT="43" WIDTH="16" VPOS="2266" HPOS="1284"/>
                  <String HEIGHT="43"
                          WIDTH="195"
                          VPOS="2266"
                          HPOS="1235"
                          CONTENT="generari"/>
                  <SP HEIGHT="43" WIDTH="16" VPOS="2266" HPOS="1430"/>
                  <String HEIGHT="43"
                          WIDTH="114"
                          VPOS="2266"
                          HPOS="1381"
                          CONTENT="aut"/>
                  <SP HEIGHT="43" WIDTH="16" VPOS="2266" HPOS="1495"/>
                  <String HEIGHT="43"
                          WIDTH="130"
                          VPOS="2266"
                          HPOS="1446"
                          CONTENT="esse"/>
                  <SP HEIGHT="43" WIDTH="16" VPOS="2266" HPOS="1576"/>
                  <String HEIGHT="43"
                          WIDTH="195"
                          VPOS="2266"
                          HPOS="1527"
                          CONTENT="formalis"/>
                  <SP HEIGHT="43" WIDTH="16" VPOS="2266" HPOS="1722"/>
                  <String HEIGHT="43"
                          WIDTH="195"
                          VPOS="2266"
                          HPOS="1673"
                          CONTENT="terminus"/>
                  <SP HEIGHT="43" WIDTH="16" VPOS="2266" HPOS="1868"/>
                  <String HEIGHT="43"
                          WIDTH="243"
                          VPOS="2266"
                          HPOS="1803"
                          CONTENT="generationis."/>
               </TextLine>
               <TextLine ID="r2l103"
                         BASELINE="2351"
                         HEIGHT="48"
                         WIDTH="891"
                         VPOS="2303"
                         HPOS="1151">
                  <String HEIGHT="48" WIDTH="92" VPOS="2303" HPOS="1136" CONTENT="Et"/>
                  <SP HEIGHT="48" WIDTH="15" VPOS="2303" HPOS="1228"/>
                  <String HEIGHT="48"
                          WIDTH="123"
                          VPOS="2303"
                          HPOS="1182"
                          CONTENT="idem"/>
                  <SP HEIGHT="48" WIDTH="15" VPOS="2303" HPOS="1305"/>
                  <String HEIGHT="48"
                          WIDTH="108"
                          VPOS="2303"
                          HPOS="1259"
                          CONTENT="est"/>
                  <SP HEIGHT="48" WIDTH="15" VPOS="2303" HPOS="1366"/>
                  <String HEIGHT="48" WIDTH="92" VPOS="2303" HPOS="1320" CONTENT="de"/>
                  <SP HEIGHT="48" WIDTH="15" VPOS="2303" HPOS="1412"/>
                  <String HEIGHT="48"
                          WIDTH="138"
                          VPOS="2303"
                          HPOS="1366"
                          CONTENT="aliis"/>
                  <SP HEIGHT="48" WIDTH="15" VPOS="2303" HPOS="1504"/>
                  <String HEIGHT="48"
                          WIDTH="154"
                          VPOS="2303"
                          HPOS="1458"
                          CONTENT="formis"/>
                  <SP HEIGHT="48" WIDTH="15" VPOS="2303" HPOS="1612"/>
                  <String HEIGHT="48"
                          WIDTH="230"
                          VPOS="2303"
                          HPOS="1566"
                          CONTENT="symbolicis."/>
                  <SP HEIGHT="48" WIDTH="15" VPOS="2303" HPOS="1796"/>
                  <String HEIGHT="48"
                          WIDTH="123"
                          VPOS="2303"
                          HPOS="1750"
                          CONTENT="Unde"/>
                  <SP HEIGHT="48" WIDTH="15" VPOS="2303" HPOS="1873"/>
                  <String HEIGHT="48"
                          WIDTH="200"
                          VPOS="2303"
                          HPOS="1827"
                          CONTENT="quantitas"/>
                  <SP HEIGHT="48" WIDTH="15" VPOS="2303" HPOS="2027"/>
                  <String HEIGHT="48"
                          WIDTH="77"
                          VPOS="2303"
                          HPOS="1965"
                          CONTENT="est"/>
               </TextLine>
               <TextLine ID="line_1596667782043_192"
                         BASELINE="2394"
                         HEIGHT="47"
                         WIDTH="912"
                         VPOS="2347"
                         HPOS="1155">
                  <String HEIGHT="47"
                          WIDTH="263"
                          VPOS="2347"
                          HPOS="1140"
                          CONTENT="ingenerabilis"/>
                  <SP HEIGHT="47" WIDTH="15" VPOS="2347" HPOS="1402"/>
                  <String HEIGHT="47" WIDTH="93" VPOS="2347" HPOS="1356" CONTENT="et"/>
                  <SP HEIGHT="47" WIDTH="15" VPOS="2347" HPOS="1449"/>
                  <String HEIGHT="47"
                          WIDTH="294"
                          VPOS="2347"
                          HPOS="1402"
                          CONTENT="incorruptibilis"/>
                  <SP HEIGHT="47" WIDTH="15" VPOS="2347" HPOS="1696"/>
                  <String HEIGHT="47"
                          WIDTH="185"
                          VPOS="2347"
                          HPOS="1650"
                          CONTENT="secundum"/>
                  <SP HEIGHT="47" WIDTH="15" VPOS="2347" HPOS="1835"/>
                  <String HEIGHT="47"
                          WIDTH="263"
                          VPOS="2347"
                          HPOS="1789"
                          CONTENT="Commentatorem"/>
                  <SP HEIGHT="47" WIDTH="15" VPOS="2347" HPOS="2052"/>
                  <String HEIGHT="47" WIDTH="93" VPOS="2347" HPOS="2005" CONTENT="in"/>
                  <SP HEIGHT="47" WIDTH="15" VPOS="2347" HPOS="2098"/>
                  <String HEIGHT="47" WIDTH="31" VPOS="2347" HPOS="2036" CONTENT=""/>
               </TextLine>
               <TextLine ID="r2l107"
                         BASELINE="2445"
                         HEIGHT="57"
                         WIDTH="900"
                         VPOS="2388"
                         HPOS="1154">
                  <String HEIGHT="57"
                          WIDTH="137"
                          VPOS="2388"
                          HPOS="1139"
                          CONTENT="libro"/>
                  <SP HEIGHT="57" WIDTH="15" VPOS="2388" HPOS="1276"/>
                  <String HEIGHT="57" WIDTH="92" VPOS="2388" HPOS="1230" CONTENT="de"/>
                  <SP HEIGHT="57" WIDTH="15" VPOS="2388" HPOS="1322"/>
                  <String HEIGHT="57"
                          WIDTH="214"
                          VPOS="2388"
                          HPOS="1276"
                          CONTENT="substantia"/>
                  <SP HEIGHT="57" WIDTH="15" VPOS="2388" HPOS="1490"/>
                  <String HEIGHT="57"
                          WIDTH="137"
                          VPOS="2388"
                          HPOS="1444"
                          CONTENT="orbis"/>
                  <SP HEIGHT="57" WIDTH="15" VPOS="2388" HPOS="1581"/>
                  <String HEIGHT="57"
                          WIDTH="107"
                          VPOS="2388"
                          HPOS="1535"
                          CONTENT="pro"/>
                  <SP HEIGHT="57" WIDTH="15" VPOS="2388" HPOS="1642"/>
                  <String HEIGHT="57" WIDTH="92" VPOS="2388" HPOS="1596" CONTENT="eo"/>
                  <SP HEIGHT="57" WIDTH="15" VPOS="2388" HPOS="1688"/>
                  <String HEIGHT="57"
                          WIDTH="122"
                          VPOS="2388"
                          HPOS="1642"
                          CONTENT="quod"/>
                  <SP HEIGHT="57" WIDTH="15" VPOS="2388" HPOS="1764"/>
                  <String HEIGHT="57"
                          WIDTH="137"
                          VPOS="2388"
                          HPOS="1718"
                          CONTENT="manet"/>
                  <SP HEIGHT="57" WIDTH="15" VPOS="2388" HPOS="1856"/>
                  <String HEIGHT="57"
                          WIDTH="137"
                          VPOS="2388"
                          HPOS="1810"
                          CONTENT="eadem"/>
                  <SP HEIGHT="57" WIDTH="15" VPOS="2388" HPOS="1947"/>
                  <String HEIGHT="57" WIDTH="92" VPOS="2388" HPOS="1901" CONTENT="in"/>
                  <SP HEIGHT="57" WIDTH="15" VPOS="2388" HPOS="1993"/>
                  <String HEIGHT="57"
                          WIDTH="122"
                          VPOS="2388"
                          HPOS="1932"
                          CONTENT="genito"/>
               </TextLine>
               <TextLine ID="r2l109"
                         BASELINE="2477"
                         HEIGHT="43"
                         WIDTH="893"
                         VPOS="2434"
                         HPOS="1158">
                  <String HEIGHT="43" WIDTH="92" VPOS="2434" HPOS="1143" CONTENT="et"/>
                  <SP HEIGHT="43" WIDTH="15" VPOS="2434" HPOS="1235"/>
                  <String HEIGHT="43"
                          WIDTH="200"
                          VPOS="2434"
                          HPOS="1189"
                          CONTENT="corrupto."/>
                  <SP HEIGHT="43" WIDTH="15" VPOS="2434" HPOS="1389"/>
                  <String HEIGHT="43"
                          WIDTH="123"
                          VPOS="2434"
                          HPOS="1343"
                          CONTENT="Idem"/>
                  <SP HEIGHT="43" WIDTH="15" VPOS="2434" HPOS="1466"/>
                  <String HEIGHT="43"
                          WIDTH="139"
                          VPOS="2434"
                          HPOS="1420"
                          CONTENT="patet"/>
                  <SP HEIGHT="43" WIDTH="15" VPOS="2434" HPOS="1558"/>
                  <String HEIGHT="43" WIDTH="92" VPOS="2434" HPOS="1512" CONTENT="de"/>
                  <SP HEIGHT="43" WIDTH="15" VPOS="2434" HPOS="1605"/>
                  <String HEIGHT="43"
                          WIDTH="154"
                          VPOS="2434"
                          HPOS="1558"
                          CONTENT="anima:"/>
                  <SP HEIGHT="43" WIDTH="15" VPOS="2434" HPOS="1712"/>
                  <String HEIGHT="43"
                          WIDTH="108"
                          VPOS="2434"
                          HPOS="1666"
                          CONTENT="que"/>
                  <SP HEIGHT="43" WIDTH="15" VPOS="2434" HPOS="1774"/>
                  <String HEIGHT="43"
                          WIDTH="154"
                          VPOS="2434"
                          HPOS="1728"
                          CONTENT="vnitur"/>
                  <SP HEIGHT="43" WIDTH="15" VPOS="2434" HPOS="1882"/>
                  <String HEIGHT="43"
                          WIDTH="185"
                          VPOS="2434"
                          HPOS="1835"
                          CONTENT="partibus"/>
                  <SP HEIGHT="43" WIDTH="15" VPOS="2434" HPOS="2020"/>
                  <String HEIGHT="43"
                          WIDTH="92"
                          VPOS="2434"
                          HPOS="1959"
                          CONTENT="ali"
                          SUBS_TYPE="HypPart1"
                          SUBS_CONTENT="alimenti"/>
                  <HYP CONTENT="-"/>
               </TextLine>
               <TextLine ID="r2l111"
                         BASELINE="2527"
                         HEIGHT="50"
                         WIDTH="892"
                         VPOS="2477"
                         HPOS="1151">
                  <String HEIGHT="50"
                          WIDTH="141"
                          VPOS="2477"
                          HPOS="1135"
                          CONTENT="menti"
                          SUBS_TYPE="HypPart2"
                          SUBS_CONTENT="alimenti"/>
                  <SP HEIGHT="50" WIDTH="16" VPOS="2477" HPOS="1276"/>
                  <String HEIGHT="50"
                          WIDTH="188"
                          VPOS="2477"
                          HPOS="1229"
                          CONTENT="conuersi"/>
                  <SP HEIGHT="50" WIDTH="16" VPOS="2477" HPOS="1417"/>
                  <String HEIGHT="50" WIDTH="94" VPOS="2477" HPOS="1370" CONTENT="in"/>
                  <SP HEIGHT="50" WIDTH="16" VPOS="2477" HPOS="1464"/>
                  <String HEIGHT="50"
                          WIDTH="172"
                          VPOS="2477"
                          HPOS="1417"
                          CONTENT="carnem:"/>
                  <SP HEIGHT="50" WIDTH="16" VPOS="2477" HPOS="1589"/>
                  <String HEIGHT="50"
                          WIDTH="110"
                          VPOS="2477"
                          HPOS="1542"
                          CONTENT="que"/>
                  <SP HEIGHT="50" WIDTH="16" VPOS="2477" HPOS="1652"/>
                  <String HEIGHT="50"
                          WIDTH="110"
                          VPOS="2477"
                          HPOS="1605"
                          CONTENT="non"/>
                  <SP HEIGHT="50" WIDTH="16" VPOS="2477" HPOS="1714"/>
                  <String HEIGHT="50"
                          WIDTH="172"
                          VPOS="2477"
                          HPOS="1667"
                          CONTENT="dicitur"/>
                  <SP HEIGHT="50" WIDTH="16" VPOS="2477" HPOS="1840"/>
                  <String HEIGHT="50"
                          WIDTH="188"
                          VPOS="2477"
                          HPOS="1793"
                          CONTENT="formalis"/>
                  <SP HEIGHT="50" WIDTH="16" VPOS="2477" HPOS="1980"/>
                  <String HEIGHT="50"
                          WIDTH="125"
                          VPOS="2477"
                          HPOS="1918"
                          CONTENT="termi"
                          SUBS_TYPE="HypPart1"
                          SUBS_CONTENT="terminus"/>
                  <HYP CONTENT="-"/>
               </TextLine>
               <TextLine ID="r2l113"
                         BASELINE="2571"
                         HEIGHT="54"
                         WIDTH="899"
                         VPOS="2517"
                         HPOS="1146">
                  <String HEIGHT="54"
                          WIDTH="110"
                          VPOS="2517"
                          HPOS="1130"
                          CONTENT="nus"
                          SUBS_TYPE="HypPart2"
                          SUBS_CONTENT="terminus"/>
                  <SP HEIGHT="54" WIDTH="16" VPOS="2517" HPOS="1241"/>
                  <String HEIGHT="54"
                          WIDTH="252"
                          VPOS="2517"
                          HPOS="1193"
                          CONTENT="nutritionis:"/>
                  <SP HEIGHT="54" WIDTH="16" VPOS="2517" HPOS="1446"/>
                  <String HEIGHT="54"
                          WIDTH="126"
                          VPOS="2517"
                          HPOS="1398"
                          CONTENT="quia"/>
                  <SP HEIGHT="54" WIDTH="16" VPOS="2517" HPOS="1525"/>
                  <String HEIGHT="54"
                          WIDTH="110"
                          VPOS="2517"
                          HPOS="1477"
                          CONTENT="per"/>
                  <SP HEIGHT="54" WIDTH="16" VPOS="2517" HPOS="1588"/>
                  <String HEIGHT="54"
                          WIDTH="237"
                          VPOS="2517"
                          HPOS="1540"
                          CONTENT="nutritionem"/>
                  <SP HEIGHT="54" WIDTH="16" VPOS="2517" HPOS="1777"/>
                  <String HEIGHT="54"
                          WIDTH="110"
                          VPOS="2517"
                          HPOS="1730"
                          CONTENT="non"/>
                  <SP HEIGHT="54" WIDTH="16" VPOS="2517" HPOS="1840"/>
                  <String HEIGHT="54"
                          WIDTH="110"
                          VPOS="2517"
                          HPOS="1793"
                          CONTENT="fit"/>
                  <SP HEIGHT="54" WIDTH="16" VPOS="2517" HPOS="1903"/>
                  <String HEIGHT="54"
                          WIDTH="110"
                          VPOS="2517"
                          HPOS="1856"
                          CONTENT="nec"/>
                  <SP HEIGHT="54" WIDTH="16" VPOS="2517" HPOS="1966"/>
                  <String HEIGHT="54"
                          WIDTH="142"
                          VPOS="2517"
                          HPOS="1903"
                          CONTENT="accipit"/>
               </TextLine>
               <TextLine ID="r2l115"
                         BASELINE="2610"
                         HEIGHT="45"
                         WIDTH="902"
                         VPOS="2565"
                         HPOS="1145">
                  <String HEIGHT="45"
                          WIDTH="116"
                          VPOS="2565"
                          HPOS="1130"
                          CONTENT="esse"/>
                  <SP HEIGHT="45" WIDTH="15" VPOS="2565" HPOS="1247"/>
                  <String HEIGHT="45" WIDTH="87" VPOS="2565" HPOS="1203" CONTENT="in"/>
                  <SP HEIGHT="45" WIDTH="15" VPOS="2565" HPOS="1290"/>
                  <String HEIGHT="45"
                          WIDTH="102"
                          VPOS="2565"
                          HPOS="1247"
                          CONTENT="se:"/>
                  <SP HEIGHT="45" WIDTH="15" VPOS="2565" HPOS="1349"/>
                  <String HEIGHT="45"
                          WIDTH="160"
                          VPOS="2565"
                          HPOS="1305"
                          CONTENT="quamuis"/>
                  <SP HEIGHT="45" WIDTH="15" VPOS="2565" HPOS="1465"/>
                  <String HEIGHT="45"
                          WIDTH="175"
                          VPOS="2565"
                          HPOS="1421"
                          CONTENT="accipiat"/>
                  <SP HEIGHT="45" WIDTH="15" VPOS="2565" HPOS="1596"/>
                  <String HEIGHT="45"
                          WIDTH="116"
                          VPOS="2565"
                          HPOS="1552"
                          CONTENT="esse"/>
                  <SP HEIGHT="45" WIDTH="15" VPOS="2565" HPOS="1669"/>
                  <String HEIGHT="45" WIDTH="87" VPOS="2565" HPOS="1625" CONTENT="in"/>
                  <SP HEIGHT="45" WIDTH="15" VPOS="2565" HPOS="1712"/>
                  <String HEIGHT="45"
                          WIDTH="131"
                          VPOS="2565"
                          HPOS="1669"
                          CONTENT="alio."/>
                  <SP HEIGHT="45" WIDTH="15" VPOS="2565" HPOS="1800"/>
                  <String HEIGHT="45" WIDTH="73" VPOS="2565" HPOS="1756" CONTENT=""/>
                  <SP HEIGHT="45" WIDTH="15" VPOS="2565" HPOS="1829"/>
                  <String HEIGHT="45"
                          WIDTH="116"
                          VPOS="2565"
                          HPOS="1785"
                          CONTENT="Item"/>
                  <SP HEIGHT="45" WIDTH="15" VPOS="2565" HPOS="1902"/>
                  <String HEIGHT="45"
                          WIDTH="160"
                          VPOS="2565"
                          HPOS="1858"
                          CONTENT="constat"/>
                  <SP HEIGHT="45" WIDTH="15" VPOS="2565" HPOS="2018"/>
                  <String HEIGHT="45"
                          WIDTH="87"
                          VPOS="2565"
                          HPOS="1960"
                          CONTENT="quod"/>
               </TextLine>
               <TextLine ID="r2l117"
                         BASELINE="2651"
                         HEIGHT="45"
                         WIDTH="896"
                         VPOS="2606"
                         HPOS="1144">
                  <String HEIGHT="45" WIDTH="91" VPOS="2606" HPOS="1129" CONTENT="in"/>
                  <SP HEIGHT="45" WIDTH="15" VPOS="2606" HPOS="1220"/>
                  <String HEIGHT="45"
                          WIDTH="167"
                          VPOS="2606"
                          HPOS="1174"
                          CONTENT="communi"/>
                  <SP HEIGHT="45" WIDTH="15" VPOS="2606" HPOS="1341"/>
                  <String HEIGHT="45"
                          WIDTH="258"
                          VPOS="2606"
                          HPOS="1296"
                          CONTENT="resurrectione"/>
                  <SP HEIGHT="45" WIDTH="15" VPOS="2606" HPOS="1554"/>
                  <String HEIGHT="45"
                          WIDTH="137"
                          VPOS="2606"
                          HPOS="1508"
                          CONTENT="anima"/>
                  <SP HEIGHT="45" WIDTH="15" VPOS="2606" HPOS="1645"/>
                  <String HEIGHT="45"
                          WIDTH="197"
                          VPOS="2606"
                          HPOS="1600"
                          CONTENT="reunietur"/>
                  <SP HEIGHT="45" WIDTH="15" VPOS="2606" HPOS="1797"/>
                  <String HEIGHT="45"
                          WIDTH="182"
                          VPOS="2606"
                          HPOS="1751"
                          CONTENT="corpori:"/>
                  <SP HEIGHT="45" WIDTH="15" VPOS="2606" HPOS="1934"/>
                  <String HEIGHT="45"
                          WIDTH="106"
                          VPOS="2606"
                          HPOS="1888"
                          CONTENT="nec"/>
                  <SP HEIGHT="45" WIDTH="15" VPOS="2606" HPOS="1994"/>
                  <String HEIGHT="45"
                          WIDTH="106"
                          VPOS="2606"
                          HPOS="1934"
                          CONTENT="tamen"/>
               </TextLine>
               <TextLine ID="r2l119"
                         BASELINE="2705"
                         HEIGHT="52"
                         WIDTH="885"
                         VPOS="2653"
                         HPOS="1152">
                  <String HEIGHT="52"
                          WIDTH="171"
                          VPOS="2653"
                          HPOS="1136"
                          CONTENT="propter"/>
                  <SP HEIGHT="52" WIDTH="16" VPOS="2653" HPOS="1307"/>
                  <String HEIGHT="52"
                          WIDTH="109"
                          VPOS="2653"
                          HPOS="1261"
                          CONTENT="hoc"/>
                  <SP HEIGHT="52" WIDTH="16" VPOS="2653" HPOS="1369"/>
                  <String HEIGHT="52"
                          WIDTH="140"
                          VPOS="2653"
                          HPOS="1323"
                          CONTENT="anima"/>
                  <SP HEIGHT="52" WIDTH="16" VPOS="2653" HPOS="1463"/>
                  <String HEIGHT="52"
                          WIDTH="171"
                          VPOS="2653"
                          HPOS="1416"
                          CONTENT="dicetur"/>
                  <SP HEIGHT="52" WIDTH="16" VPOS="2653" HPOS="1587"/>
                  <String HEIGHT="52"
                          WIDTH="186"
                          VPOS="2653"
                          HPOS="1540"
                          CONTENT="formalis"/>
                  <SP HEIGHT="52" WIDTH="16" VPOS="2653" HPOS="1726"/>
                  <String HEIGHT="52"
                          WIDTH="186"
                          VPOS="2653"
                          HPOS="1680"
                          CONTENT="terminus"/>
                  <SP HEIGHT="52" WIDTH="16" VPOS="2653" HPOS="1866"/>
                  <String HEIGHT="52"
                          WIDTH="155"
                          VPOS="2653"
                          HPOS="1820"
                          CONTENT="illius"/>
                  <SP HEIGHT="52" WIDTH="16" VPOS="2653" HPOS="1975"/>
                  <String HEIGHT="52"
                          WIDTH="124"
                          VPOS="2653"
                          HPOS="1913"
                          CONTENT="actio"
                          SUBS_TYPE="HypPart1"
                          SUBS_CONTENT="actionis:"/>
                  <HYP CONTENT="-"/>
               </TextLine>
               <TextLine ID="r2l121"
                         BASELINE="2744"
                         HEIGHT="51"
                         WIDTH="897"
                         VPOS="2693"
                         HPOS="1146">
                  <String HEIGHT="51"
                          WIDTH="122"
                          VPOS="2693"
                          HPOS="1131"
                          CONTENT="nis:"
                          SUBS_TYPE="HypPart2"
                          SUBS_CONTENT="actionis:"/>
                  <SP HEIGHT="51" WIDTH="15" VPOS="2693" HPOS="1252"/>
                  <String HEIGHT="51"
                          WIDTH="106"
                          VPOS="2693"
                          HPOS="1207"
                          CONTENT="nec"/>
                  <SP HEIGHT="51" WIDTH="15" VPOS="2693" HPOS="1313"/>
                  <String HEIGHT="51"
                          WIDTH="228"
                          VPOS="2693"
                          HPOS="1268"
                          CONTENT="resurrectio"/>
                  <SP HEIGHT="51" WIDTH="15" VPOS="2693" HPOS="1496"/>
                  <String HEIGHT="51"
                          WIDTH="198"
                          VPOS="2693"
                          HPOS="1450"
                          CONTENT="generatio"/>
                  <SP HEIGHT="51" WIDTH="15" VPOS="2693" HPOS="1648"/>
                  <String HEIGHT="51"
                          WIDTH="137"
                          VPOS="2693"
                          HPOS="1602"
                          CONTENT="debet"/>
                  <SP HEIGHT="51" WIDTH="15" VPOS="2693" HPOS="1739"/>
                  <String HEIGHT="51"
                          WIDTH="122"
                          VPOS="2693"
                          HPOS="1693"
                          CONTENT="dici"/>
                  <SP HEIGHT="51" WIDTH="15" VPOS="2693" HPOS="1815"/>
                  <String HEIGHT="51"
                          WIDTH="106"
                          VPOS="2693"
                          HPOS="1769"
                          CONTENT="pro"/>
                  <SP HEIGHT="51" WIDTH="15" VPOS="2693" HPOS="1876"/>
                  <String HEIGHT="51" WIDTH="91" VPOS="2693" HPOS="1830" CONTENT="eo"/>
                  <SP HEIGHT="51" WIDTH="15" VPOS="2693" HPOS="1921"/>
                  <String HEIGHT="51"
                          WIDTH="122"
                          VPOS="2693"
                          HPOS="1876"
                          CONTENT="quod"/>
                  <SP HEIGHT="51" WIDTH="15" VPOS="2693" HPOS="1997"/>
                  <String HEIGHT="51"
                          WIDTH="106"
                          VPOS="2693"
                          HPOS="1937"
                          CONTENT="anima"/>
               </TextLine>
               <TextLine ID="line_1596667782045_194"
                         BASELINE="2792"
                         HEIGHT="56"
                         WIDTH="919"
                         VPOS="2736"
                         HPOS="1148">
                  <String HEIGHT="56"
                          WIDTH="190"
                          VPOS="2736"
                          HPOS="1132"
                          CONTENT="prefuit:"/>
                  <SP HEIGHT="56" WIDTH="16" VPOS="2736" HPOS="1322"/>
                  <String HEIGHT="56"
                          WIDTH="111"
                          VPOS="2736"
                          HPOS="1275"
                          CONTENT="nec"/>
                  <SP HEIGHT="56" WIDTH="16" VPOS="2736" HPOS="1386"/>
                  <String HEIGHT="56"
                          WIDTH="190"
                          VPOS="2736"
                          HPOS="1338"
                          CONTENT="accipiet"/>
                  <SP HEIGHT="56" WIDTH="16" VPOS="2736" HPOS="1528"/>
                  <String HEIGHT="56"
                          WIDTH="127"
                          VPOS="2736"
                          HPOS="1481"
                          CONTENT="esse"/>
                  <SP HEIGHT="56" WIDTH="16" VPOS="2736" HPOS="1608"/>
                  <String HEIGHT="56"
                          WIDTH="111"
                          VPOS="2736"
                          HPOS="1560"
                          CONTENT="per"/>
                  <SP HEIGHT="56" WIDTH="16" VPOS="2736" HPOS="1671"/>
                  <String HEIGHT="56"
                          WIDTH="301"
                          VPOS="2736"
                          HPOS="1623"
                          CONTENT="resurrectionem."/>
                  <SP HEIGHT="56" WIDTH="16" VPOS="2736" HPOS="1924"/>
                  <String HEIGHT="56" WIDTH="79" VPOS="2736" HPOS="1877" CONTENT=""/>
                  <SP HEIGHT="56" WIDTH="16" VPOS="2736" HPOS="1956"/>
                  <String HEIGHT="56" WIDTH="95" VPOS="2736" HPOS="1909" CONTENT="2o"/>
                  <SP HEIGHT="56" WIDTH="16" VPOS="2736" HPOS="2004"/>
                  <String HEIGHT="56"
                          WIDTH="127"
                          VPOS="2736"
                          HPOS="1940"
                          CONTENT="forma"
                          SUBS_TYPE="HypPart1"
                          SUBS_CONTENT="formale"/>
                  <HYP CONTENT="-"/>
               </TextLine>
               <TextLine ID="r2l125"
                         BASELINE="2830"
                         HEIGHT="51"
                         WIDTH="891"
                         VPOS="2779"
                         HPOS="1148">
                  <String HEIGHT="51"
                          WIDTH="92"
                          VPOS="2779"
                          HPOS="1133"
                          CONTENT="le"
                          SUBS_TYPE="HypPart2"
                          SUBS_CONTENT="formale"/>
                  <SP HEIGHT="51" WIDTH="15" VPOS="2779" HPOS="1225"/>
                  <String HEIGHT="51"
                          WIDTH="230"
                          VPOS="2779"
                          HPOS="1179"
                          CONTENT="cuiuscumque"/>
                  <SP HEIGHT="51" WIDTH="15" VPOS="2779" HPOS="1409"/>
                  <String HEIGHT="51"
                          WIDTH="246"
                          VPOS="2779"
                          HPOS="1363"
                          CONTENT="productionis"/>
                  <SP HEIGHT="51" WIDTH="15" VPOS="2779" HPOS="1609"/>
                  <String HEIGHT="51"
                          WIDTH="108"
                          VPOS="2779"
                          HPOS="1563"
                          CONTENT="est"/>
                  <SP HEIGHT="51" WIDTH="15" VPOS="2779" HPOS="1670"/>
                  <String HEIGHT="51"
                          WIDTH="138"
                          VPOS="2779"
                          HPOS="1624"
                          CONTENT="illud"/>
                  <SP HEIGHT="51" WIDTH="15" VPOS="2779" HPOS="1762"/>
                  <String HEIGHT="51"
                          WIDTH="108"
                          VPOS="2779"
                          HPOS="1716"
                          CONTENT="quo"/>
                  <SP HEIGHT="51" WIDTH="15" VPOS="2779" HPOS="1824"/>
                  <String HEIGHT="51"
                          WIDTH="215"
                          VPOS="2779"
                          HPOS="1778"
                          CONTENT="formaliter"/>
                  <SP HEIGHT="51" WIDTH="15" VPOS="2779" HPOS="1993"/>
                  <String HEIGHT="51"
                          WIDTH="108"
                          VPOS="2779"
                          HPOS="1931"
                          CONTENT="totum"/>
               </TextLine>
               <TextLine ID="r2l127"
                         BASELINE="2871"
                         HEIGHT="46"
                         WIDTH="884"
                         VPOS="2825"
                         HPOS="1152">
                  <String HEIGHT="46"
                          WIDTH="213"
                          VPOS="2825"
                          HPOS="1137"
                          CONTENT="compositum"/>
                  <SP HEIGHT="46" WIDTH="15" VPOS="2825" HPOS="1350"/>
                  <String HEIGHT="46"
                          WIDTH="137"
                          VPOS="2825"
                          HPOS="1304"
                          CONTENT="capit"/>
                  <SP HEIGHT="46" WIDTH="15" VPOS="2825" HPOS="1442"/>
                  <String HEIGHT="46"
                          WIDTH="137"
                          VPOS="2825"
                          HPOS="1396"
                          CONTENT="esse:"/>
                  <SP HEIGHT="46" WIDTH="15" VPOS="2825" HPOS="1533"/>
                  <String HEIGHT="46" WIDTH="91" VPOS="2825" HPOS="1487" CONTENT="et"/>
                  <SP HEIGHT="46" WIDTH="15" VPOS="2825" HPOS="1579"/>
                  <String HEIGHT="46"
                          WIDTH="137"
                          VPOS="2825"
                          HPOS="1533"
                          CONTENT="habet"/>
                  <SP HEIGHT="46" WIDTH="15" VPOS="2825" HPOS="1670"/>
                  <String HEIGHT="46"
                          WIDTH="122"
                          VPOS="2825"
                          HPOS="1624"
                          CONTENT="quod"/>
                  <SP HEIGHT="46" WIDTH="15" VPOS="2825" HPOS="1746"/>
                  <String HEIGHT="46"
                          WIDTH="229"
                          VPOS="2825"
                          HPOS="1701"
                          CONTENT="producitur."/>
                  <SP HEIGHT="46" WIDTH="15" VPOS="2825" HPOS="1929"/>
                  <String HEIGHT="46"
                          WIDTH="107"
                          VPOS="2825"
                          HPOS="1884"
                          CONTENT="Nam"/>
                  <SP HEIGHT="46" WIDTH="15" VPOS="2825" HPOS="1990"/>
                  <String HEIGHT="46"
                          WIDTH="107"
                          VPOS="2825"
                          HPOS="1929"
                          CONTENT="sicut"/>
               </TextLine>
               <TextLine ID="r2l129"
                         BASELINE="2912"
                         HEIGHT="45"
                         WIDTH="900"
                         VPOS="2867"
                         HPOS="1140">
                  <String HEIGHT="45"
                          WIDTH="171"
                          VPOS="2867"
                          HPOS="1124"
                          CONTENT="formale"/>
                  <SP HEIGHT="45" WIDTH="16" VPOS="2867" HPOS="1295"/>
                  <String HEIGHT="45"
                          WIDTH="217"
                          VPOS="2867"
                          HPOS="1249"
                          CONTENT="principium"/>
                  <SP HEIGHT="45" WIDTH="16" VPOS="2867" HPOS="1466"/>
                  <String HEIGHT="45"
                          WIDTH="248"
                          VPOS="2867"
                          HPOS="1419"
                          CONTENT="productionis"/>
                  <SP HEIGHT="45" WIDTH="16" VPOS="2867" HPOS="1668"/>
                  <String HEIGHT="45"
                          WIDTH="109"
                          VPOS="2867"
                          HPOS="1621"
                          CONTENT="est"/>
                  <SP HEIGHT="45" WIDTH="16" VPOS="2867" HPOS="1730"/>
                  <String HEIGHT="45"
                          WIDTH="140"
                          VPOS="2867"
                          HPOS="1683"
                          CONTENT="illud"/>
                  <SP HEIGHT="45" WIDTH="16" VPOS="2867" HPOS="1823"/>
                  <String HEIGHT="45"
                          WIDTH="109"
                          VPOS="2867"
                          HPOS="1776"
                          CONTENT="quo"/>
                  <SP HEIGHT="45" WIDTH="16" VPOS="2867" HPOS="1885"/>
                  <String HEIGHT="45"
                          WIDTH="140"
                          VPOS="2867"
                          HPOS="1838"
                          CONTENT="agens"/>
                  <SP HEIGHT="45" WIDTH="16" VPOS="2867" HPOS="1978"/>
                  <String HEIGHT="45"
                          WIDTH="140"
                          VPOS="2867"
                          HPOS="1931"
                          CONTENT="agit:"/>
                  <SP HEIGHT="45" WIDTH="16" VPOS="2867" HPOS="2071"/>
                  <String HEIGHT="45" WIDTH="31" VPOS="2867" HPOS="2009" CONTENT=""/>
               </TextLine>
               <TextLine ID="r2l131"
                         BASELINE="2963"
                         HEIGHT="55"
                         WIDTH="890"
                         VPOS="2908"
                         HPOS="1140">
                  <String HEIGHT="55"
                          WIDTH="107"
                          VPOS="2908"
                          HPOS="1125"
                          CONTENT="sic"/>
                  <SP HEIGHT="55" WIDTH="15" VPOS="2908" HPOS="1232"/>
                  <String HEIGHT="55"
                          WIDTH="184"
                          VPOS="2908"
                          HPOS="1186"
                          CONTENT="formalis"/>
                  <SP HEIGHT="55" WIDTH="15" VPOS="2908" HPOS="1370"/>
                  <String HEIGHT="55"
                          WIDTH="184"
                          VPOS="2908"
                          HPOS="1324"
                          CONTENT="terminus"/>
                  <SP HEIGHT="55" WIDTH="15" VPOS="2908" HPOS="1508"/>
                  <String HEIGHT="55"
                          WIDTH="107"
                          VPOS="2908"
                          HPOS="1462"
                          CONTENT="est"/>
                  <SP HEIGHT="55" WIDTH="15" VPOS="2908" HPOS="1570"/>
                  <String HEIGHT="55"
                          WIDTH="138"
                          VPOS="2908"
                          HPOS="1524"
                          CONTENT="illud"/>
                  <SP HEIGHT="55" WIDTH="15" VPOS="2908" HPOS="1662"/>
                  <String HEIGHT="55"
                          WIDTH="107"
                          VPOS="2908"
                          HPOS="1616"
                          CONTENT="quo"/>
                  <SP HEIGHT="55" WIDTH="15" VPOS="2908" HPOS="1723"/>
                  <String HEIGHT="55"
                          WIDTH="138"
                          VPOS="2908"
                          HPOS="1677"
                          CONTENT="actum"/>
                  <SP HEIGHT="55" WIDTH="15" VPOS="2908" HPOS="1815"/>
                  <String HEIGHT="55"
                          WIDTH="169"
                          VPOS="2908"
                          HPOS="1769"
                          CONTENT="agitur:"/>
                  <SP HEIGHT="55" WIDTH="15" VPOS="2908" HPOS="1938"/>
                  <String HEIGHT="55"
                          WIDTH="107"
                          VPOS="2908"
                          HPOS="1892"
                          CONTENT="sed"/>
                  <SP HEIGHT="55" WIDTH="15" VPOS="2908" HPOS="1999"/>
                  <String HEIGHT="55"
                          WIDTH="92"
                          VPOS="2908"
                          HPOS="1938"
                          CONTENT="pro"
                          SUBS_TYPE="HypPart1"
                          SUBS_CONTENT="propter"/>
                  <HYP CONTENT="-"/>
               </TextLine>
               <TextLine ID="r2l133"
                         BASELINE="3005"
                         HEIGHT="48"
                         WIDTH="885"
                         VPOS="2957"
                         HPOS="1152">
                  <String HEIGHT="48"
                          WIDTH="112"
                          VPOS="2957"
                          HPOS="1138"
                          CONTENT="pter"
                          SUBS_TYPE="HypPart2"
                          SUBS_CONTENT="propter"/>
                  <SP HEIGHT="48" WIDTH="14" VPOS="2957" HPOS="1250"/>
                  <String HEIGHT="48"
                          WIDTH="112"
                          VPOS="2957"
                          HPOS="1208"
                          CONTENT="quod"/>
                  <SP HEIGHT="48" WIDTH="14" VPOS="2957" HPOS="1321"/>
                  <String HEIGHT="48"
                          WIDTH="211"
                          VPOS="2957"
                          HPOS="1278"
                          CONTENT="vnumquodque"/>
                  <SP HEIGHT="48" WIDTH="14" VPOS="2957" HPOS="1489"/>
                  <String HEIGHT="48"
                          WIDTH="112"
                          VPOS="2957"
                          HPOS="1447"
                          CONTENT="tale"/>
                  <SP HEIGHT="48" WIDTH="14" VPOS="2957" HPOS="1559"/>
                  <String HEIGHT="48" WIDTH="84" VPOS="2957" HPOS="1517" CONTENT="et"/>
                  <SP HEIGHT="48" WIDTH="14" VPOS="2957" HPOS="1602"/>
                  <String HEIGHT="48"
                          WIDTH="126"
                          VPOS="2957"
                          HPOS="1559"
                          CONTENT="illud"/>
                  <SP HEIGHT="48" WIDTH="14" VPOS="2957" HPOS="1686"/>
                  <String HEIGHT="48"
                          WIDTH="140"
                          VPOS="2957"
                          HPOS="1644"
                          CONTENT="magis."/>
                  <SP HEIGHT="48" WIDTH="14" VPOS="2957" HPOS="1784"/>
                  <String HEIGHT="48"
                          WIDTH="140"
                          VPOS="2957"
                          HPOS="1742"
                          CONTENT="igitur"/>
                  <SP HEIGHT="48" WIDTH="14" VPOS="2957" HPOS="1882"/>
                  <String HEIGHT="48"
                          WIDTH="169"
                          VPOS="2957"
                          HPOS="1840"
                          CONTENT="formalis"/>
                  <SP HEIGHT="48" WIDTH="14" VPOS="2957" HPOS="2009"/>
                  <String HEIGHT="48"
                          WIDTH="84"
                          VPOS="2957"
                          HPOS="1953"
                          CONTENT="ter"
                          SUBS_TYPE="HypPart1"
                          SUBS_CONTENT="terminus"/>
                  <HYP CONTENT="-"/>
               </TextLine>
               <TextLine ID="r2l135"
                         BASELINE="3053"
                         HEIGHT="57"
                         WIDTH="897"
                         VPOS="2996"
                         HPOS="1140">
                  <String HEIGHT="57"
                          WIDTH="142"
                          VPOS="2996"
                          HPOS="1124"
                          CONTENT="minus"
                          SUBS_TYPE="HypPart2"
                          SUBS_CONTENT="terminus"/>
                  <SP HEIGHT="57" WIDTH="16" VPOS="2996" HPOS="1266"/>
                  <String HEIGHT="57"
                          WIDTH="252"
                          VPOS="2996"
                          HPOS="1219"
                          CONTENT="productionis"/>
                  <SP HEIGHT="57" WIDTH="16" VPOS="2996" HPOS="1470"/>
                  <String HEIGHT="57"
                          WIDTH="142"
                          VPOS="2996"
                          HPOS="1423"
                          CONTENT="magis"/>
                  <SP HEIGHT="57" WIDTH="16" VPOS="2996" HPOS="1565"/>
                  <String HEIGHT="57"
                          WIDTH="142"
                          VPOS="2996"
                          HPOS="1518"
                          CONTENT="capit"/>
                  <SP HEIGHT="57" WIDTH="16" VPOS="2996" HPOS="1659"/>
                  <String HEIGHT="57"
                          WIDTH="126"
                          VPOS="2996"
                          HPOS="1612"
                          CONTENT="esse"/>
                  <SP HEIGHT="57" WIDTH="16" VPOS="2996" HPOS="1738"/>
                  <String HEIGHT="57"
                          WIDTH="126"
                          VPOS="2996"
                          HPOS="1691"
                          CONTENT="quam"/>
                  <SP HEIGHT="57" WIDTH="16" VPOS="2996" HPOS="1817"/>
                  <String HEIGHT="57"
                          WIDTH="142"
                          VPOS="2996"
                          HPOS="1769"
                          CONTENT="ipsum"/>
                  <SP HEIGHT="57" WIDTH="16" VPOS="2996" HPOS="1911"/>
                  <String HEIGHT="57"
                          WIDTH="189"
                          VPOS="2996"
                          HPOS="1848"
                          CONTENT="productum."/>
               </TextLine>
               <TextLine ID="line_1596667782047_196"
                         BASELINE="3097"
                         HEIGHT="58"
                         WIDTH="908"
                         VPOS="3039"
                         HPOS="1158">
                  <String HEIGHT="58" WIDTH="62" VPOS="3039" HPOS="1146" CONTENT=""/>
                  <SP HEIGHT="58" WIDTH="12" VPOS="3039" HPOS="1208"/>
                  <String HEIGHT="58" WIDTH="75" VPOS="3039" HPOS="1170" CONTENT="3o"/>
                  <SP HEIGHT="58" WIDTH="12" VPOS="3039" HPOS="1245"/>
                  <String HEIGHT="58"
                          WIDTH="124"
                          VPOS="3039"
                          HPOS="1208"
                          CONTENT="dicens"/>
                  <SP HEIGHT="58" WIDTH="12" VPOS="3039" HPOS="1332"/>
                  <String HEIGHT="58"
                          WIDTH="162"
                          VPOS="3039"
                          HPOS="1295"
                          CONTENT="Commenta."/>
                  <SP HEIGHT="58" WIDTH="12" VPOS="3039" HPOS="1457"/>
                  <String HEIGHT="58" WIDTH="75" VPOS="3039" HPOS="1419" CONTENT="7."/>
                  <SP HEIGHT="58" WIDTH="12" VPOS="3039" HPOS="1494"/>
                  <String HEIGHT="58"
                          WIDTH="112"
                          VPOS="3039"
                          HPOS="1457"
                          CONTENT="meta."/>
                  <SP HEIGHT="58" WIDTH="12" VPOS="3039" HPOS="1568"/>
                  <String HEIGHT="58"
                          WIDTH="100"
                          VPOS="3039"
                          HPOS="1531"
                          CONTENT="quod"/>
                  <SP HEIGHT="58" WIDTH="12" VPOS="3039" HPOS="1631"/>
                  <String HEIGHT="58"
                          WIDTH="100"
                          VPOS="3039"
                          HPOS="1593"
                          CONTENT="quia"/>
                  <SP HEIGHT="58" WIDTH="12" VPOS="3039" HPOS="1693"/>
                  <String HEIGHT="58"
                          WIDTH="162"
                          VPOS="3039"
                          HPOS="1656"
                          CONTENT="subiectum"/>
                  <SP HEIGHT="58" WIDTH="12" VPOS="3039" HPOS="1817"/>
                  <String HEIGHT="58"
                          WIDTH="112"
                          VPOS="3039"
                          HPOS="1780"
                          CONTENT="forme"/>
                  <SP HEIGHT="58" WIDTH="12" VPOS="3039" HPOS="1892"/>
                  <String HEIGHT="58"
                          WIDTH="87"
                          VPOS="3039"
                          HPOS="1855"
                          CONTENT="non"/>
                  <SP HEIGHT="58" WIDTH="12" VPOS="3039" HPOS="1942"/>
                  <String HEIGHT="58"
                          WIDTH="112"
                          VPOS="3039"
                          HPOS="1904"
                          CONTENT="habet"/>
                  <SP HEIGHT="58" WIDTH="12" VPOS="3039" HPOS="2016"/>
                  <String HEIGHT="58"
                          WIDTH="100"
                          VPOS="3039"
                          HPOS="1979"
                          CONTENT="esse"/>
                  <SP HEIGHT="58" WIDTH="12" VPOS="3039" HPOS="2078"/>
                  <String HEIGHT="58" WIDTH="37" VPOS="3039" HPOS="2029" CONTENT="e"/>
               </TextLine>
            </TextBlock>
         </PrintSpace>
      </Page>
   </Layout>
</alto>
