2455 3528
388 209 113 66 nisi
459 209 99 66 per
515 209 156 66 formam.
628 209 113 66 ideo
699 209 127 66 actio
784 209 156 66 agentis
897 209 99 66 non
954 209 170 66 dependet
1081 209 71 66 a
1109 209 184 66 subiecto:
1236 209 57 66 ni

391 265 80 57 si
431 265 159 57 secundum
550 265 106 57 quod
616 265 159 57 dependet
736 265 66 57 a
762 265 133 57 forma:
855 265 80 57 et
895 265 119 57 illud
975 265 93 57 est
1028 265 106 57 quod
1094 265 146 57 generat
1187 265 106 57 formam

383 311 83 52 Ex
425 311 96 52 quo
480 311 124 52 patet
562 311 110 52 quod
631 311 165 52 formalis
755 311 165 52 terminus
879 311 165 52 actionis
1003 311 124 52 capit
1085 311 110 52 esse
1154 311 96 52 per
1196 311 96 52 actio

389 351 86 54 ne:
438 351 99 54 quin
500 351 99 54 immo
561 351 160 54 subiectum
685 351 86 54 aut
734 351 111 54 totum
808 351 173 54 compositum
944 351 86 54 non
993 351 136 54 accipit
1092 351 99 54 esse
1153 351 99 54 nisi
1203 351 86 54 ratio

384 402 80 51 ne
424 402 133 51 forme.
516 402 66 51 ⁋
543 402 80 51 4o
583 402 80 51 P.
622 402 80 51 2o
662 402 133 51 phyco.
755 402 133 51 dicens
848 402 106 51 quod
914 402 172 51 generatio
1046 402 93 51 est
1099 402 93 51 via
1152 402 80 51 in
1179 402 119 51 formam:

386 442 88 53 vbi
437 442 126 53 dicens
525 442 151 53 Commeta.
639 442 101 53 quod
702 442 164 53 generatio
828 442 88 53 est
879 442 88 53 via
929 442 76 53 ad
967 442 88 53 hoc
1017 442 101 53 quod
1080 442 114 53 forma
1156 442 114 53 fiat.
1219 442 76 53 for-

384 492 82 49 ma
425 492 123 49 autem
507 492 96 49 est
562 492 164 49 formalis
685 492 164 49 terminus
808 492 219 49 generationis
985 492 150 49 igitur.
1095 492 96 49 hoc
1149 492 109 49 idem
1204 492 82 49 pro-

385 531 100 50 bat
442 531 129 50 alius
528 531 114 50 sic:
599 531 129 50 sicut
685 531 86 50 de
728 531 157 50 ratione
842 531 157 50 termini
956 531 157 50 totalis
1071 531 171 50 alicuius
1185 531 100 50 produ

380 579 65 51 c
406 579 90 51 is:
457 579 90 51 est
509 579 90 51 non
561 579 129 51 habere
651 579 103 51 esse
716 579 129 51 totale
806 579 103 51 nisi
870 579 90 51 per
922 579 219 51 productionem:
1103 579 90 51 ita
1154 579 77 51 de
1180 579 116 51 ratione

383 618 152 56 termini
494 618 166 56 formalis
618 618 97 56 est
673 618 97 56 non
729 618 138 56 habere
825 618 111 56 esse
894 618 166 56 formale:
1019 618 111 56 nisi
1088 618 97 56 per
1129 618 152 56 productio

379 660 104 47 nem.
444 660 91 47 hoc
496 660 168 47 probatur.
625 660 91 47 Nam
677 660 142 47 propter
780 660 91 47 hoc
832 660 155 47 materia:
949 660 91 47 nec
1000 660 91 47 est
1052 660 142 47 totalis
1156 660 168 47 terminus:

385 702 89 55 nec
436 702 152 55 formalis
550 702 202 55 productionis
714 702 177 55 cuiusquam:
853 702 101 55 quia
916 702 89 55 non
967 702 114 55 habet
1043 702 101 55 esse
1106 702 89 55 per
1144 702 139 55 productio

371 752 106 43 nem.
437 752 66 43 ⁋
463 752 212 43 Confirmatur.
635 752 106 43 quia
702 752 79 43 si
741 752 119 43 anima
821 752 212 43 intellectiua
993 752 119 43 esset
1072 752 119 43 primo
1151 752 146 43 creata:
1244 752 53 43 et

373 799 127 46 postea
462 799 165 46 crearetur
589 799 140 46 materia
690 799 89 46 sub
741 799 89 46 ea:
792 799 89 46 non
843 799 165 46 diceretur
970 799 101 46 quod
1033 799 114 46 anima
1109 799 114 46 esset
1173 799 101 46 termin

379 829 119 59 illius
462 829 202 59 productionis:
629 829 71 59 et
665 829 107 59 tamen
736 829 131 59 caperet
831 829 95 59 esse
891 829 71 59 in
926 829 131 59 materia
1021 829 83 59 per
1069 829 202 59 productionem.
1224 829 71 59 vnde

376 877 119 55 dicit
455 877 105 55 quod
521 877 158 55 terminus
639 877 158 55 formalis
758 877 211 55 productionis
929 877 92 55 est
982 877 132 55 illud:
1074 877 105 55 quod
1140 877 119 55 capit
1206 877 79 55 esse

387 918 175 54 simpliciter
527 918 82 54 per
574 918 105 54 illam
644 918 198 54 productionem:
807 918 70 54 et
842 918 93 54 ideo
900 918 116 54 quando
981 918 140 54 terminus
1086 918 140 54 formalis
1191 918 82 54 est
1226 918 58 54 ali

379 966 104 50 quid
444 966 130 50 ipsius
535 966 143 50 termini
640 966 143 50 totalis
744 966 143 50 capiens
849 966 196 50 simpliciter
1005 966 104 50 esse
1070 966 91 50 per
1122 966 117 50 illam
1188 966 104 50 produ-

387 1008 149 55 ctione:
496 1008 108 55 quia
563 1008 162 55 terminus
685 1008 162 55 formalis
806 1008 95 55 sic
861 1008 122 55 capit
942 1008 122 55 esse:
1023 1008 108 55 ideo
1090 1008 149 55 totalis
1185 1008 108 55 termi-

376 1055 89 50 nus
427 1055 190 50 simpliciter
579 1055 114 50 capit
655 1055 101 50 esse
719 1055 89 50 per
769 1055 114 50 illam
845 1055 215 50 productionem.
1023 1055 76 50 Ex
1061 1055 101 50 isto
1124 1055 165 50 sequitur:
1238 1055 51 50 vt

380 1094 128 52 dicens
470 1094 103 52 quod
534 1094 90 52 non
585 1094 141 52 dicitur
688 1094 141 52 aliquid
790 1094 154 52 formalis
906 1094 167 52 terminus:
1034 1094 103 52 quia
1098 1094 90 52 est
1149 1094 128 52 forma.
1226 1094 64 52 Nam

379 1137 79 57 si
418 1137 105 57 deus
484 1137 145 57 crearet
589 1137 158 57 materiam
708 1137 92 57 per
761 1137 79 57 se
800 1137 197 57 existentem:
958 1137 105 57 ipsa
1024 1137 118 57 esset
1103 1137 158 57 terminus
1208 1137 79 57 for-

372 1183 125 54 malis:
459 1183 87 54 cum
509 1183 112 54 tamen
583 1183 87 54 non
633 1183 112 54 esset
708 1183 125 54 forma.
795 1183 162 54 Similiter
920 1183 75 54 si
957 1183 100 54 deus
1019 1183 137 54 crearet
1119 1183 150 54 materiam
1219 1183 62 54 sul

369 1227 124 51 forma
452 1227 235 51 praexistente:
645 1227 124 51 forma
728 1227 97 51 non
783 1227 124 51 esset
866 1227 152 51 aliquis
976 1227 166 51 terminus
1101 1227 166 51 formalis
1211 1227 69 51 sed

380 1275 160 48 materia:
500 1275 80 48 et
540 1275 107 48 ideo
606 1275 160 48 terminus
727 1275 173 48 formalis:
860 1275 80 48 vt
900 1275 93 48 hoc
953 1275 133 48 nomine
1047 1275 133 48 vtimur
1127 1275 160 48 communiter

385 1312 192 48 loquentes:
536 1312 96 48 non
591 1312 96 48 est
646 1312 178 48 concretum
783 1312 110 48 voce
851 1312 82 48 et
892 1312 247 48 significatione
1098 1312 123 48 huius
1167 1312 123 48 termini

382 1355 114 50 forma.
462 1355 80 50 Sed
507 1355 126 50 dicitur
599 1355 103 50 illud
667 1355 91 50 quod
724 1355 137 50 secundum
827 1355 69 50 se
861 1355 103 50 totum
930 1355 69 50 et
964 1355 80 50 per
1010 1355 69 50 se
1044 1355 103 50 habet
1112 1355 91 50 esse
1169 1355 91 50 tali
1215 1355 80 50 produ

386 1399 145 50 ctione.
491 1399 92 50 hec
544 1399 132 50 opinio
636 1399 145 50 quantum
742 1399 79 50 ad
782 1399 119 50 illud
861 1399 119 50 quod.
940 1399 132 50 dicens
1032 1399 79 50 de
1072 1399 145 50 ratione
1164 1399 132 50 formalis

387 1446 143 55 termini
491 1446 221 55 productionis:
673 1446 91 55 non
725 1446 143 55 videtur
829 1446 104 55 mihi
894 1446 117 55 vera.
972 1446 104 55 Unde
1037 1446 117 55 arguo
1115 1446 104 55 sic.
1167 1446 117 55 aliquid

382 1489 138 51 potest
479 1489 111 51 esse
548 1489 166 51 formalis
673 1489 166 51 terminus
798 1489 222 51 productionis
978 1489 180 51 alicuius:
1116 1489 97 51 per
1171 1489 111 51 quam
1227 1489 69 51 non

376 1536 113 47 capit
452 1536 188 47 simpliciter
602 1536 113 47 esse.
678 1536 100 47 ergo
740 1536 113 47 illud
816 1536 88 47 non
866 1536 88 47 est
916 1536 75 47 de
954 1536 138 47 ratione
1054 1536 151 47 formalis
1155 1536 125 47 termini-

373 1574 157 52 consequentia
501 1574 98 52 patet.
570 1574 138 52 antecedens
678 1574 98 52 probo.
747 1574 128 52 possibile
845 1574 69 52 est
885 1574 79 52 enim
934 1574 108 52 aliquam
1013 1574 118 52 materiam
1101 1574 167 52 praexistentem
1229 1574 69 52 forme

372 1618 204 55 substantiali
538 1618 204 55 praexistenti
704 1618 115 55 vniri
781 1618 77 55 et
819 1618 89 55 per
870 1618 115 55 illam
946 1618 179 55 informari.
1087 1618 140 55 Ponatur
1176 1618 115 55 igitur.

375 1662 88 60 sic
426 1662 113 60 esse.
501 1662 88 60 quo
552 1662 126 60 posito
640 1662 139 60 constat
741 1662 101 60 quod
804 1662 176 60 compositum
942 1662 139 60 aliquod
1043 1662 202 60 substantiale
1207 1662 76 60 et
1232 1662 63 60 per

374 1704 78 51 se
413 1704 104 51 vnum
478 1704 104 51 erit
544 1704 104 51 actu
609 1704 157 51 postquam
727 1704 91 51 non
779 1704 118 51 fuit:
857 1704 78 51 et
896 1704 91 51 per
948 1704 183 51 consequens
1092 1704 104 51 vere
1144 1704 144 51 productum

384 1748 119 53 huius
463 1748 119 53 autem
543 1748 212 53 productionis
715 1748 146 53 totalis
822 1748 159 53 terminus
941 1748 106 53 erit
1007 1748 199 53 compositum:
1167 1748 80 53 vt
1193 1748 93 53 patet

384 1790 98 52 ex.
440 1790 84 52 7.
482 1790 125 52 meta.
565 1790 112 52 Tunc
635 1790 125 52 quero
719 1790 84 52 de
760 1790 153 52 termino
872 1790 167 52 formali:
997 1790 98 52 aut
1053 1790 98 52 est
1109 1790 167 52 materia:
1220 1790 70 52 aut

377 1831 143 50 forma:
477 1831 100 50 aut
534 1831 215 50 compositum:
706 1831 100 50 aut
763 1831 143 50 nullus
864 1831 143 50 omnino
964 1831 100 50 est
1021 1831 172 50 terminus
1136 1831 143 50 formalis

376 1879 74 52 Si
413 1879 135 52 materia
511 1879 86 52 aut
560 1879 111 52 forma
634 1879 123 52 habter
720 1879 185 52 propositum:
868 1879 98 52 quia
929 1879 111 52 nulla
1003 1879 98 52 tunc
1065 1879 135 52 accipit
1163 1879 98 52 esse
1212 1879 74 52 sim-

371 1922 166 52 pliciter.
499 1922 115 52 licem
576 1922 154 52 accipiat
691 1922 115 52 forma
768 1922 77 52 vt
806 1922 90 52 sit
858 1922 77 52 in
896 1922 154 52 materia:
1011 1922 77 52 et
1050 1922 141 52 materia
1152 1922 90 52 sub
1191 1922 102 52 forma.

381 1966 87 47 Non
430 1966 125 47 potest
518 1966 112 47 autem
593 1966 100 47 dici
655 1966 100 47 quod
718 1966 175 47 compositum
855 1966 87 47 sit
905 1966 150 47 terminus
1018 1966 162 47 formalis:
1143 1966 100 47 quia
1193 1966 87 47 ipsum

380 2008 92 50 est
432 2008 158 50 totalis:
551 2008 92 50 vbi
603 2008 118 50 autem
682 2008 144 50 totalis
787 2008 158 50 terminus
905 2008 92 50 est
958 2008 144 50 aliquod
1063 2008 197 50 compositum:
1207 2008 79 50 ibi-

365 2052 152 46 formalis
480 2052 89 46 est
530 2052 140 46 aliquid
632 2052 127 46 ipsius
721 2052 178 46 compositi:
861 2052 114 46 sicut
937 2052 89 46 vbi
988 2052 114 46 agens
1064 2052 89 46 est
1115 2052 140 46 aliquod
1204 2052 76 46 con-

378 2096 172 55 positum:
507 2096 101 55 ibi
564 2096 158 55 formale
679 2096 201 55 principium
838 2096 172 55 actionis
967 2096 101 55 est
1024 2096 158 55 aliquid
1125 2096 158 55 compositi

382 2140 62 48 ⁋
406 2140 100 48 Item
469 2140 112 48 cuius
544 2140 162 48 productio
669 2140 87 48 est
719 2140 150 48 mutatio:
831 2140 100 48 idem
894 2140 150 48 secundum
1006 2140 87 48 rem
1056 2140 87 48 est
1106 2140 150 48 terminus
1206 2140 75 48 for-

386 2184 100 45 malis
453 2184 179 45 productionis
598 2184 67 45 et
631 2184 167 45 mutationis:
765 2184 78 45 hoc
810 2184 190 45 vniversaliter
966 2184 100 45 patet
1033 2184 67 45 in
1067 2184 134 45 omnibus:
1167 2184 78 45 sed
1212 2184 67 45 in
1234 2184 45 45 ca

370 2227 77 48 su
409 2227 129 48 posito
499 2227 129 48 istius
589 2227 181 48 compositi.
731 2227 168 48 productio
860 2227 90 48 est
912 2227 155 48 mutatio:
1028 2227 77 48 vt
1067 2227 129 48 patet:
1157 2227 77 48 et
1183 2227 103 48 termi-

377 2269 92 49 nus
429 2269 210 49 productionis
600 2269 158 49 formalis
719 2269 92 49 est
771 2269 131 49 forma:
863 2269 92 49 non
916 2269 118 49 autem
995 2269 197 49 compositum.
1153 2269 105 49 ergo
1205 2269 79 49 ille

382 2314 164 47 terminus
505 2314 218 47 productionis
683 2314 164 47 formalis
805 2314 96 47 est
860 2314 123 47 forma
942 2314 82 47 et
983 2314 96 47 non
1037 2314 205 47 compositum.
1187 2314 96 47 Assum

383 2358 98 51 ptum
444 2358 123 51 patet:
530 2358 98 51 quia
592 2358 98 51 ille
653 2358 86 51 est
703 2358 148 51 terminus
813 2358 148 51 formalis
924 2358 185 51 mutationis:
1072 2358 74 51 ad
1109 2358 98 51 quod
1158 2358 123 51 subiectm

370 2405 95 43 per
425 2405 81 43 se
465 2405 230 43 transmutatur.
655 2405 95 43 hoc
709 2405 95 43 aut
763 2405 95 43 est
817 2405 135 43 forma.
912 2405 68 43 ⁋
939 2405 217 43 Confirmatur.
1115 2405 108 43 quia
1170 2405 108 43 termin

387 2443 153 50 formalis
502 2443 255 50 transmutationis:
719 2443 89 50 qui
770 2443 89 50 est
821 2443 166 50 productio
948 2443 115 50 seper
1025 2443 191 50 distiguitur
1178 2443 64 50 a
1191 2443 89 50 subie

375 2493 87 50 cto
424 2493 249 50 transmutationis:
636 2493 87 50 nec
686 2493 112 50 ipsum
761 2493 162 50 includit.
886 2493 87 50 non
936 2493 125 50 potest
1023 2493 112 50 autem
1098 2493 100 50 dici
1160 2493 100 50 quod
1210 2493 75 50 nul-

380 2532 92 49 lus
433 2532 132 49 omnino
525 2532 92 49 sit
577 2532 158 49 formalis
696 2532 171 49 terminus:
828 2532 92 49 tum
881 2532 105 49 quia
946 2532 171 49 oporteret
1078 2532 132 49 dicere
1157 2532 132 49 secundum

388 2575 108 52 stos
456 2575 108 52 quod
524 2575 95 52 vbi
578 2575 135 52 nullus
673 2575 95 52 est
727 2575 176 52 formalis:
863 2575 135 52 nullus
957 2575 95 52 est
1012 2575 163 52 totalis:
1133 2575 108 52 quod
1188 2575 108 52 patet:

381 2620 88 46 qui
432 2620 125 46 volunt
519 2620 100 46 quod
582 2620 125 46 totali
669 2620 138 46 termino
770 2620 88 46 non
820 2620 150 46 competat
932 2620 100 46 esse
995 2620 163 46 terminum:
1120 2620 100 46 nisi
1183 2620 88 46 per
1220 2620 63 46 for

371 2662 138 48 malem.
468 2662 110 48 ergo
537 2662 138 48 negato
633 2662 152 48 termino
744 2662 166 48 formali:
868 2662 179 48 negabitur
1006 2662 166 48 totalis:
1130 2662 97 48 tum
1186 2662 110 48 quia
1241 2662 55 48 si

380 2701 100 55 ibi
437 2701 143 55 nullus
537 2701 100 55 est
594 2701 172 55 formalis
723 2701 186 55 terminus:
866 2701 100 55 ibi
923 2701 186 55 subiectum
1052 2701 243 55 transmutationis

378 2750 75 50 ad
416 2750 113 50 nihil
491 2750 213 50 transmutatur:
666 2750 75 50 ad
704 2750 100 50 quod
767 2750 100 50 enim
829 2750 163 50 subiectum
954 2750 200 50 transmutatur
1117 2750 138 50 vocatur
1205 2750 75 50 ter-

371 2797 120 51 minus
451 2797 147 51 totalis
558 2797 268 51 transmutationis:
786 2797 94 51 vbi
839 2797 120 51 autem
920 2797 174 51 subiectum
1053 2797 94 51 non
1094 2797 187 51 transmutatir

370 2836 96 49 non
425 2836 96 49 est
480 2836 234 49 transmutatio.
673 2836 124 49 Dinis
755 2836 110 49 enim
824 2836 151 49 mutatio
934 2836 83 49 ex
975 2836 138 49 aliquo
1072 2836 83 49 in
1113 2836 151 49 aliquid
1209 2836 69 49 est

380 2883 64 51 ⁋
406 2883 77 51 2o
444 2883 103 51 quia
508 2883 115 51 anima
585 2883 179 51 rationalis
726 2883 154 51 informat
842 2883 154 51 materiam
957 2883 154 51 alimenti
1072 2883 167 51 conuersi:
1187 2883 103 51 certum

380 2929 90 44 est
431 2929 102 44 quod
495 2929 115 44 facit
572 2929 90 44 per
624 2929 77 44 se
662 2929 102 44 vnum
726 2929 90 44 cum
777 2929 115 44 illa:
854 2929 90 44 est
905 2929 115 44 illud
982 2929 179 44 compositum
1123 2929 90 44 est
1175 2929 102 44 vere
1226 2929 51 44 ge

382 2968 136 62 nitum:
478 2968 150 62 quamuis
587 2968 96 62 non
642 2968 96 62 sit
696 2968 96 62 per
751 2968 150 62 seorsum
860 2968 164 62 genitum:
983 2968 82 62 et
1024 2968 109 62 ideo
1092 2968 136 62 aliqui
1174 2968 109 62 dicunt

377 3014 163 56 debere
491 3014 147 56 ipsum
589 3014 147 56 magis
687 3014 131 56 dici
769 3014 212 56 adgenitum
932 3014 114 56 vel
998 3014 229 56 congenitum
1178 3014 98 56 de
1210 3014 82 56 quo

1339 214 88 64 non
1390 214 88 64 est
1440 214 164 64 curandum:
1566 214 88 64 cum
1616 214 126 64 certum
1705 214 88 64 sit
1755 214 113 64 illam
1830 214 239 64 transmutationem
2032 214 101 64 esse
2095 214 139 64 speciem
2183 214 63 64 ge-

1344 266 221 56 nerationis:
1521 266 103 56 cum
1580 266 103 56 non
1639 266 103 56 sit
1698 266 207 56 translatio
1861 266 103 56 nec
1920 266 192 56 augmentum
2067 266 103 56 nec
2111 266 148 56 decremen

1344 311 111 53 tum:
1414 311 97 53 nec
1469 311 194 53 alteratio:
1622 311 111 53 quia
1691 311 139 53 nullus
1788 311 125 53 horum
1871 311 139 53 motuum
1969 311 194 53 terminatur
2121 311 125 53 primo
2204 311 83 53 ad

1344 352 125 48 formam
1431 352 212 48 substectalem:
1605 352 75 48 vt
1643 352 125 48 patet.
1730 352 75 48 5.
1767 352 125 48 physi.
1855 352 125 48 Illius
1942 352 112 48 autem
2017 352 199 48 generationis
2166 352 100 48 termi-

1349 394 88 49 nus
1400 394 150 49 formalis
1512 394 88 49 est
1562 394 100 49 ania
1625 394 213 49 intellectiua:
1800 394 100 49 quae
1863 394 113 49 tamen
1938 394 113 49 primo
2013 394 100 49 fuit
2076 394 88 49 nec
2126 394 88 49 per
2163 394 88 49 illam

1348 440 134 47 secundum
1448 440 67 47 se
1481 440 167 47 simpliciter
1615 440 100 47 esse.
1682 440 78 47 Sic
1726 440 89 47 ergo
1782 440 134 47 dicendum
1882 440 89 47 quod
1938 440 78 47 non
1982 440 78 47 est
2027 440 67 47 de
2060 440 122 47 ratione
2138 440 111 47 formalis

1337 488 146 46 termini:
1446 488 97 46 quod
1507 488 146 46 accipiat
1617 488 97 46 esse
1678 488 85 46 per
1726 488 110 46 illam
1799 488 195 46 productionem
1958 488 110 46 cuius
2031 488 134 46 dicitur
2128 488 158 46 terminus:

1340 530 169 54 quicumque
1470 530 91 54 sit
1522 530 117 54 verus
1600 530 130 54 sensus
1691 530 91 54 quo
1743 530 143 54 aliquid
1846 530 143 54 dicitur
1950 530 156 54 terminus
2054 530 195 54 productionis:

1338 577 132 48 quoniam
1434 577 84 48 non
1482 577 108 48 minus
1554 577 108 48 esset
1626 577 96 48 vera
1686 577 168 48 generatio:
1819 577 72 48 et
1855 577 156 48 productio
1975 577 144 48 alicuius
2083 577 132 48 totalis
2167 577 72 48 ter-

1332 609 116 62 mini
1405 609 102 62 seu
1463 609 203 62 compositi:
1623 609 87 62 si
1666 609 87 62 ma
1710 609 232 62 transmutetur
1899 609 87 62 ad
1942 609 145 62 formam
2029 609 218 62 praexistentem

1346 663 98 49 quam
1407 663 86 49 non
1456 663 135 49 habuit:
1554 663 98 49 quam
1615 663 73 49 si
1652 663 220 49 transmutaretur
1835 663 73 49 ad
1872 663 122 49 formam
1958 663 86 49 non
2007 663 220 49 praexistentem:
2178 663 61 49 sed

1344 710 140 47 nouam.
1442 710 70 47 ⁋
1470 710 84 47 Et
1512 710 98 47 hoc
1568 710 210 47 confirmatur
1735 710 98 47 per
1791 710 237 47 diffinitionem
1987 710 154 47 termini
2084 710 168 47 generatio-

1339 746 107 53 nis
1400 746 91 53 et
1445 746 152 53 motus:
1552 746 122 53 quam
1628 746 137 53 ponit
1719 746 243 53 Commentator.
1917 746 91 53 5.
1963 746 137 53 meta.
2054 746 183 53 Exponens
2176 746 91 53 enim

1349 784 106 52 verbum
1424 784 96 52 illud
1487 784 149 52 philosophi
1604 784 212 52 secundumlitteram
1785 784 96 52 suam:
1848 784 64 52 et
1880 784 74 52 eta
1923 784 117 52 dicitur
2007 784 127 52 terminus
2103 784 138 52 perfectio
2199 784 42 52 cu

1347 832 147 48 iuslibet
1457 832 98 48 rei:
1519 832 86 48 sic
1568 832 110 48 illud
1641 832 74 48 ad
1678 832 98 48 quod
1739 832 86 48 est
1788 832 123 48 motus.
1874 832 123 48 dicens
1960 832 160 48 Commenta.
2083 832 74 48 Et
2120 832 135 48 dicitur
2206 832 61 48 est

1345 877 137 47 finis
1436 877 121 47 siue
1512 877 182 47 terminus
1649 877 91 47 de
1694 877 121 47 illo
1770 877 91 47 de
1816 877 106 47 quo
1876 877 106 47 cum
1937 877 197 47 generatus
2074 877 182 47 peruenerit

1337 927 129 49 cessat
1427 927 116 49 motus
1504 927 219 49 generationis:
1684 927 103 49 quod
1749 927 141 49 proprie
1851 927 154 49 loquendo
1967 927 103 49 idem
2031 927 90 49 est
2083 927 103 49 quod
2134 927 116 49 dicere:

1346 966 79 51 ad
1385 966 105 51 quod
1451 966 92 51 cum
1503 966 158 51 generata
1622 966 197 51 peruenerunt
1779 966 158 51 persecte
1897 966 105 51 sunt
1963 966 144 51 genita.
2068 966 92 51 hec
2121 966 92 51 aut
2160 966 92 51 ratio

1335 1010 114 56 eque
1406 1010 114 56 bene
1478 1010 200 56 competeret
1635 1010 129 56 forme
1721 1010 229 56 praexistenti
1907 1010 129 56 sicut
1993 1010 100 56 non
2035 1010 215 56 praexistenti.

1350 1051 93 49 Nam
1403 1051 80 49 si
1443 1051 80 49 ad
1483 1051 120 49 talem
1563 1051 173 49 generatum
1696 1051 173 49 perueniat
1829 1051 160 49 perfecte
1949 1051 147 49 genitum
2056 1051 107 49 est:
2123 1051 80 49 et
2149 1051 107 49 cessat

1331 1096 193 60 generatio
1480 1096 134 60 eius:
1569 1096 89 60 eo
1614 1096 119 60 modo
1688 1096 104 60 quo
1747 1096 134 60 recte
1837 1096 208 60 intelligit
2000 1096 193 60 generatio
2134 1096 119 60 cessa-

1334 1143 92 51 re.
1386 1143 66 51 ⁋
1413 1143 79 51 Ad
1452 1143 158 51 rationes
1570 1143 79 51 in
1610 1143 171 51 oppositum
1741 1143 158 51 dicendum
1860 1143 92 51 est
1912 1143 79 51 ad
1952 1143 131 51 primam
2044 1143 131 51 quidem
2136 1143 105 51 quod
2188 1143 79 51 fal-

1346 1181 88 51 sum
1397 1181 139 51 assumit
1498 1181 151 51 scilicet
1611 1181 101 51 quod
1674 1181 76 51 si
1712 1181 126 51 albedo
1800 1181 88 51 non
1851 1181 164 51 acciperet
1977 1181 101 51 esse
2040 1181 88 51 per
2078 1181 189 51 dealbationem:

1330 1232 117 51 non
1397 1232 151 51 esset
1498 1232 201 51 terminus
1648 1232 151 51 eius.
1748 1232 117 51 Nam
1815 1232 100 51 vt
1866 1232 167 51 dictum
1983 1232 117 51 est
2050 1232 100 51 si
2083 1232 184 51 subiectum

1338 1269 275 47 transmutaretur
1567 1269 92 47 de
1613 1269 122 47 nouo
1690 1269 92 47 ad
1736 1269 199 47 albedinem
1889 1269 260 47 praexistentem
2103 1269 138 47 actu:
2179 1269 77 47 al-

1348 1313 112 58 pedo
1418 1313 112 58 illa
1488 1313 126 58 esset
1571 1313 167 58 terminus
1697 1313 140 58 illius
1795 1313 237 58 dealbationis:
1990 1313 98 58 nec
2046 1313 112 58 tunc
2115 1313 98 58 per
2157 1313 98 58 illam

1338 1358 162 50 acciperet
1462 1358 187 50 simpliciter
1611 1358 112 50 esse.
1686 1358 162 50 Similiter
1811 1358 149 50 dicendum
1923 1358 87 50 est
1973 1358 75 50 ad
2010 1358 112 50 illud
2085 1358 75 50 de
2110 1358 149 50 ignitione.

1391 1400 77 47 Ad
1430 1400 232 47 confirmationem
1623 1400 155 47 dicendum
1739 1400 103 47 quod
1804 1400 116 47 maior
1881 1400 90 47 non
1933 1400 90 47 est
1984 1400 193 47 simpliciter
2139 1400 116 47 vera:
2203 1400 52 47 et

1345 1445 114 52 quod
1416 1445 85 52 in
1459 1445 114 52 eius
1530 1445 199 52 probatione
1686 1445 185 52 adducitur
1828 1445 100 52 non
1885 1445 100 52 est
1942 1445 156 52 simile.
2056 1445 100 52 Nam
2113 1445 85 52 ad
2141 1445 114 52 formam

1338 1487 178 50 symbolam
1472 1487 104 50 que
1531 1487 148 50 fuerat
1635 1487 89 50 in
1679 1487 178 50 corrupto
1813 1487 163 50 materia
1932 1487 104 50 non
1991 1487 252 50 transmutatur:
2184 1487 74 50 cum

1336 1536 113 50 illam
1412 1536 201 50 praehaberet:
1575 1536 88 50 nec
1625 1536 176 50 compositum
1763 1536 75 50 ex
1801 1536 138 50 materia
1901 1536 75 50 et
1939 1536 113 50 forma
2014 1536 100 50 illa
2077 1536 113 50 etiam
2140 1536 113 50 genera-

1347 1574 99 45 tur:
1408 1574 86 45 cum
1458 1574 99 45 ante
1519 1574 173 45 existeret:
1655 1574 74 45 et
1692 1574 99 45 ideo
1754 1574 86 45 nec
1803 1574 74 45 ad
1840 1574 86 45 eam
1889 1574 86 45 est
1939 1574 86 45 per
1988 1574 74 45 se
2025 1574 210 45 transmutatio:
2185 1574 62 45 nec

1336 1617 100 56 sui
1393 1617 186 56 compositi
1536 1617 200 56 productio.
1693 1617 100 56 Sed
1750 1617 86 56 si
1793 1617 143 56 aliqua
1893 1617 157 56 materia
2007 1617 86 56 ad
2050 1617 129 56 illam
2121 1617 129 56 formam:

1329 1664 100 52 aut
1386 1664 157 52 aliquam
1500 1664 243 52 praexistentem
1701 1664 86 52 de
1744 1664 115 52 nouo
1815 1664 272 52 transmutaretur:
2045 1664 115 52 ipsa
2102 1664 143 52 necessa:

1340 1708 96 50 rio
1395 1708 124 50 esset
1478 1708 165 50 terminus
1602 1708 261 50 transmutationis
1822 1708 151 50 illius:
1932 1708 83 50 et
1973 1708 179 50 oppositum
2111 1708 138 50 dicere
2193 1708 69 50 im-

1341 1751 145 55 plicat
1443 1751 291 55 contradictionem.
1691 1751 87 55 Ad
1734 1751 131 55 aliam
1822 1751 87 55 de
1865 1751 131 55 anima
1952 1751 160 55 nouiter
2069 1751 131 55 vnita
2142 1751 116 55 parti-

1346 1792 100 51 bus
1403 1792 186 51 alimenti:
1546 1792 129 51 patet
1632 1792 129 51 supra
1717 1792 114 51 quod
1789 1792 143 51 falsum
1889 1792 157 51 assumit
2003 1792 86 51 si
2046 1792 171 51 nutritio
2160 1792 86 51 acci

1338 1842 121 50 piatur
1423 1842 85 50 pro
1471 1842 97 50 noua
1532 1842 194 50 generatione:
1690 1842 85 50 vel
1739 1842 73 50 ad
1775 1842 194 50 generationem
1933 1842 121 50 illius
2018 1842 158 50 compositi
2140 1842 73 50 ex
2164 1842 85 50 anima

1333 1878 83 51 et
1375 1878 152 51 materia
1485 1878 207 51 nutrimenti:
1650 1878 83 51 vt
1691 1878 124 51 patet
1774 1878 138 51 supra.
1870 1878 69 51 ⁋
1898 1878 83 51 Ad
1939 1878 124 51 illud
2022 1878 83 51 de
2049 1878 207 51 resurrectione

1341 1924 145 54 dicendum
1450 1924 97 54 quod
1511 1924 109 54 anima
1583 1924 121 54 vtique
1668 1924 97 54 erit
1729 1924 145 54 terminus
1838 1924 121 54 illius
1923 1924 158 54 actionis.
2044 1924 109 54 vtrum
2117 1924 109 54 autem
2177 1924 73 54 illa

1339 1965 128 55 actio
1424 1965 143 55 debeat
1524 1965 114 55 dici
1596 1965 186 55 generatio
1738 1965 100 55 vel
1795 1965 243 55 resuscitatio:
1995 1965 100 55 non
2052 1965 100 55 est
2109 1965 86 55 ad
2138 1965 114 55 propo-

1338 2007 133 55 situm:
1431 2007 106 55 quia
1497 2007 159 55 quicquid
1616 2007 80 55 de
1656 2007 93 55 hoc
1709 2007 93 55 sit
1762 2007 146 55 totalis
1868 2007 159 55 terminus
1988 2007 106 55 erit
2054 2007 106 55 homo
2120 2007 80 55 et
2147 2007 106 55 forma-

1340 2050 96 50 lis
1395 2050 109 50 erit
1463 2050 137 50 anima.
1559 2050 68 50 ⁋
1586 2050 82 50 2o
1627 2050 109 50 dico
1696 2050 109 50 quod
1764 2050 82 50 si
1805 2050 219 50 resuscitatio
1983 2050 96 50 non
2037 2050 150 50 proprie
2133 2050 123 50 dicatur

1335 2097 150 55 generatio:
1453 2097 97 55 tamen
1518 2097 75 55 non
1561 2097 75 55 est
1603 2097 86 55 illa
1657 2097 97 55 ratio
1721 2097 86 55 quam
1775 2097 107 55 reddit
1850 2097 129 55 scilicet
1947 2097 86 55 quod
2000 2097 97 55 anima
2065 2097 139 55 praefuit.
2172 2097 75 55 Nam
2204 2097 43 55 si

1335 2137 118 59 illa
1409 2137 133 59 anima
1498 2137 133 59 eadem
1587 2137 177 59 vniretur
1720 2137 133 59 fetui
1808 2137 89 59 in
1853 2137 133 59 vtero
1941 2137 163 59 materno
2045 2137 207 59 sufficienter

1331 2184 184 48 disposito:
1475 2184 92 48 cui
1528 2184 144 48 numquam
1633 2184 105 48 illa
1698 2184 144 48 fuisset
1803 2184 131 48 vnita:
1895 2184 92 48 ita
1947 2184 105 48 bene
2013 2184 105 48 ille
2078 2184 105 48 homo
2131 2184 118 48 dicere-

1342 2232 97 51 tur
1398 2232 125 51 natus
1481 2232 84 51 et
1523 2232 153 51 genitus
1634 2232 125 51 sicut
1718 2232 139 51 ceteri
1815 2232 97 51 qui
1871 2232 167 51 quotidie
1996 2232 195 51 nascuntur:
2150 2232 84 51 et
2177 2232 70 51 sic

1335 2267 106 58 illa
1401 2267 172 58 productio
1534 2267 172 58 diceretur
1666 2267 172 58 generatio
1799 2267 66 58 a
1826 2267 186 58 natiuitas:
1971 2267 93 58 sed
2025 2267 106 58 quod
2091 2267 80 58 in
2117 2267 133 58 resurre-

1331 2324 126 47 ctione
1420 2324 88 47 non
1470 2324 138 47 dicitur
1571 2324 151 47 generari
1684 2324 101 47 homo
1747 2324 151 47 proprie:
1860 2324 88 47 nec
1910 2324 126 47 nasci:
1998 2324 101 47 ideo
2061 2324 88 47 est
2112 2324 101 47 quia
2162 2324 88 47 alias

1337 2358 106 48 ipse
1403 2358 120 48 fuit.
1483 2358 80 48 Et
1523 2358 106 48 quia
1590 2358 106 48 etia
1656 2358 93 48 non
1709 2358 146 48 accipit
1816 2358 106 48 esse
1882 2358 80 48 eo
1922 2358 106 48 modo
1989 2358 93 48 quo
2042 2358 200 48 naturaliter
2188 2358 67 48 fit

1339 2401 109 48 homo
1407 2401 95 48 qui
1462 2401 177 48 nascitur.
1598 2401 68 48 ⁋
1625 2401 82 48 3o
1666 2401 109 48 dico
1734 2401 109 48 quod
1803 2401 95 48 non
1857 2401 123 48 video
1939 2401 109 48 quin
2007 2401 218 48 resuscitatio
2170 2401 82 48 pos-

1331 2448 93 52 sit
1384 2448 107 52 dici
1451 2448 187 52 generatio:
1598 2448 93 52 cum
1651 2448 160 52 saluator
1771 2448 187 52 Mathicourm
1918 2448 80 52 de
1958 2448 80 52 ea
1998 2448 147 52 loquens
2105 2448 134 52 nomine
2185 2448 67 52 re-

1340 2488 212 52 generationis
1512 2488 251 52 consignificauit
1724 2488 93 52 eam
1777 2488 132 52 dicens
1869 2488 79 52 in
1909 2488 225 52 regeneratione
2094 2488 93 52 cum
2134 2488 119 52 sederit

1331 2539 137 48 filius
1427 2539 137 48 homnis
1523 2539 82 48 in
1564 2539 110 48 sede
1633 2539 192 48 maiestatis
1784 2539 96 48 sue
1839 2539 110 48 etc.
1907 2539 151 48 Constat
2017 2539 123 48 autem
2099 2539 110 48 quod
2154 2539 96 48 rege-

1338 2571 142 60 nerari:
1441 2571 90 60 non
1493 2571 116 60 aliud
1570 2571 180 60 significat
1712 2571 103 60 quam
1776 2571 155 60 generari
1892 2571 116 60 denuo
1970 2571 103 60 siue
2034 2571 142 60 iterum:
2137 2571 103 60 ideo
2189 2571 64 60 re-

1343 2628 133 50 generatio
1445 2628 102 50 vtique
1517 2628 72 50 est
1558 2628 143 50 generatio:
1670 2628 61 50 et
1701 2628 72 50 per
1742 2628 143 50 consequens
1854 2628 72 50 est
1895 2628 174 50 resuscitatio:
2038 2628 82 50 nisi
2090 2628 92 50 forte
2151 2628 82 50 quis
2192 2628 51 50 ve-

1338 2662 85 51 lit
1386 2662 97 51 quod
1447 2662 109 51 nomen
1520 2662 194 51 generationis
1678 2662 146 51 connotet
1787 2662 170 51 negationem
1920 2662 134 51 prioris
2018 2662 194 51 generationis
2163 2662 73 51 eius

1338 2710 84 52 dem
1386 2710 168 52 suppositi:
1518 2710 84 52 sed
1566 2710 72 52 de
1602 2710 84 52 hoc
1650 2710 84 52 non
1698 2710 108 52 curo:
1770 2710 96 52 quia
1830 2710 132 52 nominia
1926 2710 96 52 sunt
1986 2710 72 52 ad
2022 2710 156 52 placitum.
2142 2710 60 52 ⁋
2166 2710 72 52 Ad
2190 2710 48 52 2a

1340 2759 142 49 concedo
1444 2759 103 49 quod
1508 2759 155 49 terminus
1625 2759 155 49 formalis
1741 2759 91 49 est
1793 2759 91 49 quo
1844 2759 116 49 totum
1922 2759 181 49 compositum
2064 2759 181 49 formaliter
2193 2759 65 49 ca-

1337 2798 88 51 pit
1387 2798 113 51 esse:
1462 2798 88 51 seu
1512 2798 88 51 quo
1562 2798 100 51 actu
1624 2798 100 51 est:
1687 2798 75 51 vt
1724 2798 150 51 proprius
1837 2798 163 51 loquamur:
1962 2798 88 51 vbi
2012 2798 150 51 terminus
2112 2798 138 51 productus

1338 2838 77 57 est
1382 2838 88 57 quid
1437 2838 164 57 compositum.
1568 2838 66 57 Et
1601 2838 77 57 cum
1645 2838 110 57 ariuro
1721 2838 120 57 propter
1809 2838 153 57 vnuquodque
1929 2838 88 57 etc.
1984 2838 131 57 Dicendum
2083 2838 88 57 quod
2138 2838 66 57 ad
2159 2838 99 57 vitatem

1334 2882 100 54 illius
1404 2882 170 54 propositionis
1544 2882 90 54 plura
1603 2882 160 54 requiruntur:
1733 2882 90 54 inter
1793 2882 70 54 qua
1833 2882 140 54 requiritur
1943 2882 80 54 quod
1993 2882 90 54 illud
2052 2882 110 54 propter
2132 2882 80 54 quod
2182 2882 90 54 aliud

1337 2931 105 49 dicitur
1414 2931 77 49 esse
1462 2931 86 49 tale:
1519 2931 67 49 est
1557 2931 86 49 ipsum
1615 2931 67 49 sit
1653 2931 86 49 tale.
1710 2931 67 49 vbi
1749 2931 105 49 gratia.
1825 2931 57 49 si
1854 2931 124 49 conclusio
1949 2931 67 49 sit
1988 2931 67 49 non
2026 2931 67 49 per
2064 2931 134 49 principium
2169 2931 57 49 ad
2198 2931 67 49 hoc
2227 2931 38 49 vt

1343 2968 239 48 concludatur.
1538 2968 120 48 quod
1612 2968 210 48 principium
1777 2968 105 48 sit
1837 2968 135 48 magis
1927 2968 150 48 notum:
2032 2968 165 48 necesse
2151 2968 105 48 est
2196 2968 60 48 vt

1345 3004 147 79 principium
1460 3004 73 79 sit
1502 3004 105 79 notum:
1575 3004 126 79 alioquin
1669 3004 73 79 non
1711 3004 178 79 concluderetur
1858 3004 94 79 sicut
1920 3004 105 79 patet.
1994 3004 73 79 Nam
2036 3004 115 79 quamuis
2119 3004 136 79 conclusio
2214 3004 52 79 sit
