2464 3522
403 261 183 54 principium
547 261 197 54 productiuum
704 261 131 54 potest
796 261 183 54 producere:
940 261 92 54 nec
992 261 118 54 minus
1071 261 131 54 potest
1163 261 170 54 producere
1281 261 52 54 si

419 312 97 52 actu
479 312 157 52 producit:
601 312 97 52 quam
661 312 73 52 si
697 312 109 52 esset
770 312 121 52 tantum
855 312 73 52 in
891 312 145 52 potentia
1000 312 73 52 ad
1036 312 182 52 producendum
1182 312 73 52 et
1218 312 85 52 non
1254 312 73 52 pro-

409 356 172 51 duceret:
538 356 101 51 nec
595 356 158 51 minoris
710 356 101 51 est
768 356 230 51 perfectionis
955 356 101 51 est
1012 356 86 51 ex
1055 356 86 51 eo
1098 356 115 51 quod
1170 356 115 51 actu
1227 356 101 51 produ

408 396 110 47 cit.
477 396 69 47 â‹
504 396 110 47 Item
573 396 96 47 hoc
628 396 124 47 patet
710 396 82 47 ex
751 396 124 47 alio:
834 396 151 47 recitat
943 396 110 47 enim
1012 396 110 47 ille
1081 396 110 47 doc.
1149 396 82 47 in
1190 396 96 47 hac
1232 396 82 47 mate

405 443 88 53 vnam
460 443 143 53 opinionem
570 443 77 53 qua
614 443 99 53 ponit
681 443 88 53 quod
736 443 154 53 paternitas
857 443 77 53 est
901 443 132 53 potentia
1000 443 77 53 seu
1044 443 154 53 principium
1166 443 154 53 generandi:
1276 443 44 53 et

413 487 114 50 tamen
489 487 114 50 alibi
565 487 101 50 vult
629 487 114 50 eadem
705 487 127 50 opinio
794 487 101 50 quod
857 487 177 50 paternitas
996 487 76 50 et
1034 487 152 50 generare
1149 487 101 50 sunt
1212 487 114 50 idem:
1275 487 51 50 et

414 527 82 57 per
461 527 163 57 consequens
589 527 82 57 non
636 527 105 57 ponit
706 527 151 57 potentiam
822 527 151 57 gneatiuam
939 527 70 57 in
974 527 105 57 patre
1043 527 151 57 respectum
1160 527 105 57 actus
1230 527 82 57 qui
1265 527 58 57 est

413 573 135 52 generare:
516 573 73 52 sed
558 573 104 52 tantum
631 573 135 52 respectum
735 573 125 52 producti
828 573 125 52 scilicet
921 573 104 52 filii.
994 573 62 52 Et
1025 573 83 52 iste
1077 573 104 52 contra
1150 573 93 52 istam
1202 573 114 52 opinionem

408 618 95 52 sicut
472 618 106 52 contra
546 618 95 52 alias
610 618 95 52 dicit
674 618 85 52 quod
727 618 127 52 supponit
822 618 149 52 impossibil
939 618 127 52 scilicet
1034 618 85 52 esse
1087 618 159 52 productiuum
1204 618 106 52 principi

398 660 75 48 in
436 660 150 48 divinis.
549 660 75 48 Ex
586 660 88 48 quo
637 660 113 48 patet
712 660 100 48 quod
774 660 88 48 non
824 660 113 48 solum
900 660 113 48 negat
975 660 175 48 principium
1113 660 188 48 productiuum
1250 660 63 48 re-

417 702 119 52 spectu
501 702 179 52 gneationis:
644 702 84 52 sed
692 702 108 52 rectu
764 702 131 52 geniti.
859 702 96 52 quod
919 702 167 52 euidentius
1050 702 143 52 probatur
1158 702 84 52 per
1206 702 119 52 eundem
1277 702 48 52 in

404 746 117 53 dicens
486 746 94 53 eto.
545 746 82 53 vbi
592 746 164 53 obiiciendo
721 746 164 53 conrspred.
850 746 106 53 dicit
921 746 94 53 quod
980 746 106 53 posse
1050 746 141 53 generare
1156 746 117 53 filium
1226 746 94 53 saltem

401 787 88 52 est
452 787 139 52 potenma
553 787 177 52 productiua
692 787 164 52 respectum
818 787 126 52 filii:
906 787 139 52 quamuis
1007 787 88 52 non
1058 787 151 52 respectu
1171 787 126 52 ipsius
1247 787 63 52 ge-

410 834 174 53 nerationis.
549 834 69 53 Et
584 834 104 53 paulo
653 834 93 53 post
711 834 174 53 respondendo
850 834 104 53 dicit
920 834 93 53 quod
977 834 116 53 filius
1058 834 81 53 non
1105 834 127 53 dicitur
1186 834 127 53 possibili

403 877 159 51 generari
522 877 159 51 loquendo
641 877 79 51 de
680 877 225 51 possibilitate
865 877 106 51 quae
931 877 172 51 respondet
1064 877 145 51 potenti
1156 877 172 51 productiue:

403 922 139 53 quaeuis
505 922 127 53 possit
593 922 101 53 dici
657 922 177 53 possibilis
796 922 152 53 generari
910 922 127 53 sumpta
999 922 215 53 possibilitate
1176 922 89 53 pro
1227 922 89 53 non
1265 922 63 53 re-

403 966 147 52 pugnantia
516 966 169 52 terminorum.
651 966 68 52 Ex
685 966 79 52 quo
730 966 102 52 patet
798 966 90 52 quod
854 966 192 52 vniversaliter
1012 966 90 52 omne
1068 966 158 52 principium
1181 966 147 52 productiuum

405 1005 144 47 intendit
513 1005 132 47 negare.
608 1005 144 47 probatum
716 1005 84 47 est
764 1005 108 47 autem
836 1005 72 47 et
871 1005 167 47 conceditur
1003 1005 108 47 patre
1075 1005 96 47 esse
1135 1005 167 47 principium
1254 1005 60 47 pro

400 1050 162 55 ductiuum:
524 1050 112 55 quare
599 1050 150 55 habentur
711 1050 187 55 propositum.
861 1050 62 55 â‹
886 1050 75 55 2o
923 1050 100 55 sic.
985 1050 112 55 fides
1060 1050 162 55 catholica
1172 1050 150 55 profitetur

405 1095 115 45 filium
486 1095 92 45 esse
544 1095 58 45 a
567 1095 115 45 patre.
648 1095 81 45 hoc
694 1095 104 45 autem
763 1095 139 45 secundum
867 1095 104 45 istum
936 1095 81 45 in.
983 1095 69 45 5.
1017 1095 115 45 dicens
1098 1095 69 45 in
1133 1095 150 45 solutione
1237 1095 92 45 vltime

400 1140 179 49 obiectionis:
545 1140 89 49 ideo
601 1140 101 49 verum
668 1140 89 49 est:
724 1140 89 49 quia
780 1140 112 49 filius
858 1140 78 49 est
903 1140 112 49 filius
981 1140 157 49 formaliter
1104 1140 78 49 per
1149 1140 145 49 generari:
1250 1140 67 49 quod

402 1184 121 44 vtique
487 1184 146 44 infertur
596 1184 61 44 a
620 1184 121 44 patre:
706 1184 97 44 siue
766 1184 146 44 generare
876 1184 97 44 quod
936 1184 85 44 est
985 1184 170 44 formaliter
1119 1184 73 44 in
1155 1184 121 44 patre:
1240 1184 73 44 et
1264 1184 61 44 quo

408 1225 174 53 formaliter
544 1225 124 53 paiter
631 1225 211 53 constituitur.
806 1225 62 53 â‹
830 1225 100 53 Tunc
893 1225 124 53 arguo:
980 1225 87 53 aut
1029 1225 124 53 filius
1117 1225 87 53 est
1166 1225 62 53 a
1191 1225 124 53 patre:
1266 1225 62 53 vel

402 1269 60 57 a
426 1269 144 57 generare
534 1269 144 57 illatiue
643 1269 132 57 tantum:
739 1269 84 57 aut
787 1269 108 57 etiam
859 1269 204 57 principiatiue
1027 1269 84 57 seu
1075 1269 192 57 originaliter
1232 1269 72 57 et
1256 1269 72 57 pro-

398 1309 145 48 ductiue.
507 1309 121 48 primum
592 1309 85 48 non
640 1309 121 48 potest
725 1309 145 48 concedi:
834 1309 85 48 tum
882 1309 97 48 quia
943 1309 121 48 filius
1027 1309 85 48 non
1076 1309 109 48 esset
1149 1309 157 48 productus
1257 1309 61 48 nec

404 1354 167 49 originatus
535 1354 84 49 seu
583 1354 108 49 natus
655 1354 60 49 a
679 1354 119 49 patre:
762 1354 131 49 quamuis
858 1354 108 49 esset
930 1354 143 49 illatus:
1037 1354 96 49 quod
1097 1354 119 49 dicere
1181 1354 84 49 est
1216 1354 108 49 impium:

399 1399 82 49 tum
446 1399 94 49 quia
505 1399 106 49 pater
575 1399 94 49 eque
634 1399 106 49 esset
704 1399 59 49 a
728 1399 117 49 filio:
810 1399 106 49 sicut
880 1399 117 49 filius
962 1399 59 49 a
986 1399 117 49 patre:
1068 1399 82 49 tum
1115 1399 94 49 quia
1173 1399 106 49 sicut
1232 1399 82 49 pater

396 1444 109 47 infert
473 1444 120 47 filium:
560 1444 76 47 sic
604 1444 142 47 econverso
713 1444 66 47 et
746 1444 98 47 sicut
811 1444 131 47 generare
910 1444 142 47 generari:
1019 1444 76 47 sic
1063 1444 142 47 econverso
1172 1444 98 47 mutua
1238 1444 87 47 enim
1281 1444 33 47 e

403 1487 148 47 reciproca
516 1487 80 47 est
562 1487 182 47 consequentia
709 1487 68 47 et
744 1487 136 47 illatio:
846 1487 91 47 quod
903 1487 80 47 cum
948 1487 102 47 fidei
1016 1487 80 47 sit
1062 1487 159 47 contrarium
1187 1487 125 47 dicenti
1266 1487 57 47 pa-

399 1532 81 43 ter
446 1532 58 43 a
469 1532 104 43 nullo
538 1532 92 43 est.
596 1532 115 43 filius
676 1532 92 43 vero
734 1532 58 43 a
757 1532 92 43 solo
815 1532 115 43 patre.
896 1532 115 43 restat
976 1532 92 43 quod
1034 1532 104 43 vltra
1103 1532 150 43 huiusmodi
1207 1532 104 43 illatio

394 1570 94 49 nem
447 1570 148 49 necesse
555 1570 94 49 est
609 1570 175 49 confiteri
744 1570 256 49 principiationem
960 1570 81 49 et
1001 1570 229 49 originationem
1190 1570 81 49 et
1217 1570 94 49 filiu

402 1615 196 54 principiatiue
563 1615 69 54 et
597 1615 184 54 originaliter
747 1615 92 54 esse
804 1615 58 54 a
827 1615 115 54 patre:
908 1615 69 54 et
942 1615 81 54 per
988 1615 161 54 consequens
1115 1615 69 54 in
1149 1615 104 54 patre
1207 1615 104 54 concede

395 1665 71 50 re
431 1665 165 50 principium
560 1665 177 50 productiuum
702 1665 118 50 ipsius
785 1665 106 50 filii
856 1665 83 50 seu
903 1665 118 50 patrem
986 1665 118 50 potius
1068 1665 94 50 esse
1127 1665 165 50 principium
1245 1665 83 50 tale.

402 1703 60 47 â‹
426 1703 96 47 Quia
486 1703 72 47 si
522 1703 131 47 dicatur
617 1703 108 47 ipsum
689 1703 108 47 actum
760 1703 191 47 generationis
916 1703 96 47 quem
976 1703 72 47 in
1011 1703 108 47 patre
1083 1703 108 47 dicit
1155 1703 96 47 esse
1214 1703 72 47 et
1250 1703 84 47 non
1286 1703 36 47 a

397 1748 102 54 patre
465 1748 91 54 esse
522 1748 159 54 principium
647 1748 114 54 filii:
726 1748 102 54 adhuc
794 1748 136 54 habentur
897 1748 159 54 propositum
1022 1748 80 54 non
1067 1748 91 54 enim
1124 1748 68 54 ad
1158 1748 136 54 praesens
1249 1748 68 54 plus

394 1790 158 50 quaeritur:
518 1790 90 50 nisi
574 1790 90 50 quod
630 1790 68 50 in
664 1790 79 50 deo
709 1790 90 50 vere
765 1790 79 50 sit
810 1790 158 50 principium
934 1790 79 50 seu
979 1790 135 50 potentia
1080 1790 90 50 vere
1137 1790 146 50 productia
1238 1790 90 50 filii.

406 1831 65 49 â‹
432 1831 78 49 Ad
471 1831 156 49 rationes
588 1831 169 49 opinionis
718 1831 78 49 in
757 1831 182 49 oppositum.
900 1831 78 49 Ad
939 1831 143 49 primam:
1043 1831 91 49 vel
1095 1831 91 49 per
1134 1831 182 49 productionem

400 1876 192 52 intelligis
551 1876 124 52 ipsum
634 1876 192 52 productum:
785 1876 124 52 sicut
867 1876 82 52 in
908 1876 178 52 creaturis
1045 1876 96 52 res
1100 1876 110 52 quia
1155 1876 165 52 producitur

398 1921 136 48 dicitur
496 1921 111 48 actio
570 1921 86 48 seu
620 1921 173 48 productio:
755 1921 74 48 vt
792 1921 136 48 dicitur
891 1921 74 48 in
928 1921 74 48 2o
965 1921 74 48 et
1002 1921 99 48 tunc
1063 1921 111 48 minor
1137 1921 86 48 est
1186 1921 123 48 falsa:
1260 1921 62 48 vel

389 1957 214 55 intelligis
557 1957 137 55 ipsum
648 1957 198 55 producens
801 1957 107 55 vel
862 1957 122 55 eius
938 1957 229 55 habitudinem
1121 1957 92 55 ad
1152 1957 183 55 productum:

401 2008 78 51 et
440 2008 104 51 tunc
505 2008 91 51 est
557 2008 117 51 falsa
635 2008 130 51 maior.
725 2008 117 51 alias
803 2008 156 51 potentia
920 2008 156 51 creatiua
1037 2008 91 51 non
1089 2008 117 51 esset
1153 2008 169 51 productiua:

392 2053 109 47 cum
455 2053 109 47 nec
517 2053 155 47 creans
625 2053 109 47 vel
687 2053 124 47 eius
765 2053 186 47 habitudo
904 2053 93 47 ad
951 2053 202 47 creaturam
1106 2053 109 47 sit
1152 2053 171 47 producta:

407 2094 93 53 vel
460 2094 186 53 intelligis
606 2094 146 53 quandam
713 2094 93 53 rem
766 2094 133 53 mediam
859 2094 200 53 distinctam:
1019 2094 93 53 tam
1072 2094 67 53 a
1099 2094 200 53 producente:
1245 2094 80 53 quam

392 2138 63 46 a
418 2138 164 46 producto:
544 2138 76 46 et
582 2138 88 46 sic
632 2138 114 46 maior
708 2138 88 46 est
758 2138 126 46 falsa.
846 2138 76 46 Et
884 2138 114 46 habet
960 2138 177 46 instantiam
1099 2138 76 46 de
1136 2138 151 46 potentia
1237 2138 76 46 crea

394 2182 125 50 tiua.
478 2182 181 50 Similiter
617 2182 84 50 in
659 2182 139 50 aliis:
756 2182 98 50 cum
812 2182 153 50 nullibi
924 2182 98 50 sit
979 2182 125 50 talis
1063 2182 125 50 actio
1147 2182 125 50 media
1216 2182 98 50 ponen

405 2225 96 49 da:
460 2225 82 49 vt
501 2225 151 49 patebit
611 2225 82 49 in
652 2225 82 49 2o
693 2225 82 49 Et
734 2225 82 49 si
775 2225 82 49 in
817 2225 178 49 creaturis
954 2225 110 49 poni
1022 2225 151 49 posset:
1132 2225 96 49 non
1187 2225 123 49 tamen
1255 2225 55 49 it

410 2273 96 46 deo.
470 2273 60 46 â‹
494 2273 72 46 Ad
530 2273 84 46 2am
578 2273 132 46 dicitur
674 2273 96 46 quod
734 2273 72 46 si
770 2273 132 46 valeret
866 2273 96 46 eque
926 2273 168 46 probaretur
1058 2273 72 46 et
1094 2273 156 46 similiter
1214 2273 96 46 quod
1262 2273 48 46 po

402 2312 132 46 creatiua
501 2312 77 46 dei
545 2312 77 46 non
589 2312 99 46 esset
655 2312 165 46 productiua:
787 2312 88 46 quod
842 2312 99 46 tamen
907 2312 132 46 secundum
1006 2312 110 46 omnes:
1083 2312 66 46 et
1116 2312 88 46 estm
1171 2312 132 46 secundum
1259 2312 66 46 hunc

394 2359 106 56 doc.
460 2359 93 56 est
513 2359 145 56 falsum.
618 2359 66 56 â‹
645 2359 132 56 Arguam
737 2359 106 56 enim
804 2359 106 56 sic.
870 2359 119 56 posse
949 2359 106 56 esse
1015 2359 172 56 creatorem
1147 2359 93 56 non
1200 2359 93 56 est
1240 2359 79 56 pos-

400 2403 71 50 se
436 2403 95 50 esse
495 2403 142 50 potentie
602 2403 178 50 productiue:
744 2403 107 50 alias
815 2403 95 50 deus
874 2403 190 50 produceretur
1028 2403 71 50 in
1064 2403 95 50 esse
1123 2403 166 50 creatoris:
1242 2403 71 50 quod

406 2441 75 51 est
449 2441 107 51 impium
524 2441 118 51 dicere:
610 2441 75 51 sed
652 2441 75 51 est
695 2441 96 51 eadem
759 2441 128 51 potentia
856 2441 86 51 quae
909 2441 86 51 deus
963 2441 107 51 potest
1038 2441 107 51 creare
1113 2441 64 51 et
1145 2441 75 51 qua
1188 2441 107 51 potest
1252 2441 64 51 esse

403 2486 160 50 creator.
523 2486 120 50 sicut
603 2486 107 50 idem
670 2486 94 50 est
723 2486 107 50 deum
790 2486 134 50 creare
884 2486 80 50 et
924 2486 107 50 deum
990 2486 107 50 esse
1057 2486 187 50 creatorem.
1204 2486 107 50 ergo
1258 2486 53 50 po

407 2532 156 53 creatiua
524 2532 91 53 non
576 2532 91 53 est
628 2532 195 53 productiua:
784 2532 91 53 cum
836 2532 130 53 igitur
927 2532 91 53 hoc
979 2532 169 53 conclusum
1109 2532 130 53 falsum
1200 2532 104 53 sit:
1252 2532 65 53 li-

399 2572 98 50 quet
460 2572 172 50 praedictam
595 2572 147 50 rationem
706 2572 98 50 esse
767 2572 184 50 defectiuam.
915 2572 61 50 â‹
939 2572 160 50 Rsponsio:
1062 2572 123 50 igitur
1148 2572 74 50 ad
1185 2572 123 50 illam:
1259 2572 61 50 cum

411 2614 129 54 dicitur
505 2614 106 54 posse
575 2614 94 54 esse
634 2614 117 54 patrem
716 2614 82 54 non
763 2614 82 54 est
810 2614 106 54 posse
880 2614 141 54 potentie
986 2614 176 54 productiue:
1126 2614 82 54 hoc
1173 2614 106 54 nomen
1232 2614 82 54 pitir

405 2662 78 45 vt
444 2662 117 45 infra
522 2662 182 45 distinguit
665 2662 143 45 magitr.
769 2662 143 45 dicensi
874 2662 78 45 7.
913 2662 169 45 aliquando
1043 2662 91 45 est
1095 2662 117 45 nomen
1160 2662 156 45 hypostasis

402 2703 145 49 aliquando
513 2703 179 49 propretatis.
659 2703 100 49 primo
725 2703 89 49 modo
781 2703 89 49 esse
837 2703 112 49 patrem
915 2703 78 49 est
960 2703 89 49 esse
1016 2703 134 49 personam
1116 2703 89 49 quae
1172 2703 134 49 producit
1261 2703 56 49 fi-

405 2747 102 54 lium.
473 2747 91 54 Alio
530 2747 91 54 modo
587 2747 80 54 est
632 2747 114 54 filium
712 2747 148 54 generare.
825 2747 80 54 hec
871 2747 114 54 multum
950 2747 159 54 dictenunt.
1075 2747 80 54 Nam
1121 2747 80 54 pro
1166 2747 91 54 modo
1223 2747 114 54 conced

403 2793 78 48 mus
447 2793 166 48 divinitatem
580 2793 89 48 esse
635 2793 122 48 patrem.
724 2793 78 48 non
768 2793 100 48 autem
835 2793 66 48 2o
868 2793 100 48 modo:
934 2793 66 48 vt
968 2793 111 48 supra.
1045 2793 111 48 dicens
1123 2793 55 48 e
1145 2793 166 48 aliqualiter
1267 2793 55 48 ta-

401 2836 94 47 ctum
460 2836 94 47 est.
519 2836 106 47 Primo
590 2836 94 47 modo
649 2836 94 47 dico
708 2836 94 47 quod
767 2836 106 47 posse
838 2836 94 47 esse
897 2836 118 47 patrem
980 2836 83 47 non
1027 2836 83 47 est
1074 2836 106 47 posse
1145 2836 142 47 potentie
1239 2836 83 47 produ

403 2881 134 57 ctiue.
496 2881 94 57 Non
550 2881 107 57 enim
617 2881 134 57 deitas
711 2881 134 57 potest
805 2881 107 57 esse
872 2881 121 57 piter
952 2881 94 57 per
1006 2881 148 57 aliquam
1113 2881 94 57 pom
1154 2881 174 57 productiuam

409 2921 101 52 quae
472 2921 126 52 possit
561 2921 76 52 in
598 2921 151 52 personam
712 2921 139 52 patris:
813 2921 76 52 et
851 2921 76 52 in
888 2921 88 52 hoc
939 2921 113 52 sensu
1014 2921 88 52 non
1065 2921 88 52 est
1115 2921 113 52 minor
1191 2921 113 52 vera.
1254 2921 63 52 Non

411 2965 95 47 enim
470 2965 95 47 idem
529 2965 83 47 est
577 2965 106 47 posse
648 2965 95 47 esse
707 2965 118 47 patrem
790 2965 71 47 et
825 2965 106 47 posse
896 2965 154 47 generare.
1014 2965 83 47 cum
1062 2965 118 47 primum
1145 2965 106 47 posse
1216 2965 95 47 vere
1263 2965 59 47 con

415 3008 142 53 cedatur
518 3008 77 53 de
557 3008 193 53 divinitate:
711 3008 90 53 non
763 3008 116 53 autem
840 3008 90 53 2m.
891 3008 77 53 Si
930 3008 116 53 autem
1007 3008 142 53 sumatur
1110 3008 77 53 2o
1149 3008 103 53 modo
1213 3008 90 53 sic
1252 3008 64 53 neg

406 3055 113 73 primam
485 3055 204 73 propositionem:
655 3055 68 73 et
689 3055 91 73 dico
745 3055 91 73 quod
802 3055 102 73 posse
870 3055 91 73 esse
926 3055 113 73 patrem
1005 3055 79 73 est
1051 3055 102 73 posse
1118 3055 136 73 potentie
1209 3055 113 73 producti

1377 259 75 59 ue.
1420 259 97 59 sicut
1485 259 86 59 enim
1538 259 75 59 per
1581 259 161 59 productiuam
1710 259 139 59 potentiam
1817 259 107 59 paiter
1892 259 107 59 potest
1967 259 107 59 filium
2042 259 139 59 producere
2150 259 64 59 et
2182 259 86 59 eius
2225 259 64 59 esse

1383 306 149 55 principium:
1503 306 70 55 sic
1542 306 70 55 per
1582 306 100 55 eandem
1652 306 100 55 potest
1722 306 80 55 esse
1771 306 110 55 paiter:
1851 306 70 55 cum
1891 306 70 55 hoc
1931 306 70 55 non
1970 306 70 55 sit
2010 306 90 55 aliud
2070 306 119 55 personam
2160 306 100 55 primam
2219 306 60 55 esse

1370 352 134 57 patrem:
1467 352 97 57 quam
1528 352 109 57 ipsum
1601 352 122 57 filium
1686 352 146 57 gignere.
1796 352 61 57 â‹
1820 352 97 57 Tunc
1881 352 73 57 ad
1917 352 195 57 probationem:
2075 352 85 57 cum
2124 352 134 57 dicitur
2209 352 73 57 quod

1371 406 99 46 tunc
1433 406 112 46 pater
1507 406 174 46 produceret
1644 406 75 46 se
1681 406 75 46 in
1718 406 99 46 esse
1780 406 137 46 patrem:
1880 406 99 46 nego
1942 406 211 46 consequentia.
2116 406 161 46 Instantia
2227 406 50 46 pa

1366 444 86 52 de
1409 444 129 52 posse
1494 444 114 52 esse
1566 444 200 52 creatorem.
1723 444 114 52 vnde
1795 444 129 52 sicut
1880 444 129 52 posse
1966 444 114 52 esse
2038 444 186 52 creatorem
2181 444 100 52 non
2224 444 71 52 est

1368 476 125 62 posse
1452 476 181 62 producere
1591 476 195 62 creatorem:
1744 476 97 62 sed
1799 476 195 62 creaturam:
1952 476 97 62 nec
2008 476 97 62 cum
2063 476 111 62 deus
2133 476 97 62 est
2189 476 83 62 de
2216 476 70 62 no-

1369 528 83 55 uo
1411 528 153 55 creator
1522 528 125 55 facit
1605 528 83 55 se
1647 528 181 55 creatorem
1786 528 153 55 proprie
1897 528 181 55 loquendo:
2036 528 111 55 quia
2105 528 97 55 nec
2161 528 125 55 facit
2230 528 56 55 se

1376 571 91 50 nec
1428 571 142 50 aliquid
1531 571 78 50 in
1570 571 91 50 se:
1622 571 91 50 sed
1673 571 129 50 tantum
1764 571 181 50 creaturam:
1906 571 91 50 sic
1958 571 116 50 posse
2035 571 103 50 esse
2100 571 129 50 patrem
2191 571 91 50 non
2229 571 65 50 est

1379 614 118 56 posse
1457 614 170 56 producere
1588 614 144 56 patrem:
1693 614 92 56 sed
1745 614 144 56 filium.
1850 614 92 56 nec
1902 614 118 56 pater
1980 614 157 56 producit
2098 614 78 56 se
2137 614 144 56 patrem:
2229 614 65 56 sed

1363 659 143 55 filium.
1467 659 117 55 sicut
1546 659 91 55 nec
1598 659 91 55 est
1650 659 117 55 pater
1728 659 104 55 sui:
1793 659 91 55 sed
1846 659 130 55 filii.
1937 659 91 55 Non
1989 659 130 55 igitur
2080 659 157 55 producit
2185 659 104 55 seipum

1368 703 85 44 in
1410 703 113 44 esse
1481 703 156 44 patrem.
1594 703 71 44 â‹
1623 703 113 44 Quia
1693 703 127 44 autem
1778 703 184 44 adducitur
1920 703 85 44 de
1962 703 142 44 magtro
2062 703 99 44 qui
2118 703 127 44 dicit
2189 703 99 44 illas

1369 746 232 52 propositiones
1560 746 205 52 significare
1724 746 123 52 idem.
1806 746 150 52 Diendum
1915 746 109 52 quod
1984 746 109 52 magr
2052 746 150 52 accipit
2161 746 96 52 ibi
2202 746 82 52 nome

1369 789 125 53 patris
1457 789 75 53 vt
1495 789 88 53 est
1545 789 113 53 nomen
1620 789 213 53 proprietatis.
1795 789 100 53 sict
1858 789 125 53 dictum
1945 789 100 53 est.
2008 789 113 53 sicut
2083 789 113 53 etiam
2158 789 113 53 patet
2220 789 63 53 ibi

1377 832 61 49 â‹
1401 832 73 49 Ad
1438 832 73 49 3m
1474 832 97 49 dico
1535 832 121 49 primo:
1620 832 97 49 quod
1680 832 85 49 per
1729 832 194 49 perfectionem
1886 832 182 49 simpliciter
2032 832 85 49 vel
2081 832 170 49 intelligis
2202 832 109 49 aliquod

1379 877 225 48 significabile
1564 877 198 48 incomplexe.
1723 877 79 48 et
1762 877 106 48 tunc
1828 877 106 48 dico
1895 877 106 48 quod
1961 877 119 48 nulla
2040 877 93 48 est
2093 877 172 48 perfectio
2212 877 66 48 sim

1381 922 135 54 pliciter
1482 922 90 54 nisi
1539 922 102 54 deus:
1606 922 90 54 quia
1663 922 102 54 nihil
1731 922 102 54 aliud
1798 922 56 54 a
1821 922 79 54 deo
1866 922 79 54 est
1911 922 90 54 quod
1968 922 68 54 in
2002 922 135 54 quolibet
2103 922 79 54 sit
2148 922 113 54 melius
2216 922 79 54 ipsum

1369 958 103 59 quam
1433 958 90 59 non
1485 958 116 59 ipsum
1562 958 116 59 iuxta
1639 958 116 59 modum
1716 958 154 59 loquendi
1831 958 128 59 ansel.
1921 958 77 59 Et
1960 958 103 59 tunc
2024 958 141 59 concedo
2127 958 103 59 quod
2178 958 90 59 prino

1373 1015 188 48 productiuum
1523 1015 113 48 filii
1598 1015 88 48 est
1648 1015 163 48 perfectio
1773 1015 200 48 simpliciter:
1935 1015 100 48 quod
1998 1015 75 48 et
2035 1015 88 48 tum
2085 1015 113 48 habes
2148 1015 138 48 concedere

1374 1050 115 49 nisi
1445 1050 100 49 tum
1503 1050 129 49 velis
1589 1050 158 49 dicere:
1704 1050 100 49 aut
1761 1050 144 49 patrem
1862 1050 100 49 non
1919 1050 187 49 producere
2063 1050 158 49 filium:
2178 1050 100 49 aut
2221 1050 57 49 pa

1366 1097 79 44 trem
1415 1097 69 44 non
1455 1097 79 44 esse
1504 1097 88 44 deum:
1562 1097 98 44 quorum
1631 1097 118 44 vtrumque
1720 1097 98 44 impium
1788 1097 79 44 est.
1837 1097 59 44 Et
1867 1097 69 44 sic
1906 1097 88 44 patet
1965 1097 137 44 argumentum
2073 1097 69 44 est
2112 1097 98 44 contra
2181 1097 69 44 te.
2210 1097 69 44 valet

1365 1142 95 56 quod
1425 1142 119 56 aliqua
1508 1142 154 56 perfectio
1627 1142 178 56 simpliciter
1769 1142 107 56 deest
1840 1142 119 56 filio:
1924 1142 83 56 vel
1971 1142 166 56 intelligis
2102 1142 131 56 aliquod
2185 1142 95 56 signi-

1371 1180 139 51 ficabile
1475 1180 104 51 tamen
1545 1180 150 51 complexe.
1660 1180 81 51 vbi
1707 1180 127 51 gratia.
1799 1180 69 51 si
1834 1180 127 51 dicatur
1926 1180 92 51 quod
1984 1180 92 51 esse
2042 1180 150 51 sapientem
2157 1180 81 51 est
2192 1180 81 51 perfe

1374 1222 79 62 ctio
1423 1222 157 62 simpliciter:
1551 1222 79 62 quia
1600 1222 167 62 vniversaliter
1738 1222 69 62 est
1777 1222 98 62 melius
1846 1222 79 62 esse
1896 1222 98 62 ipsum:
1964 1222 79 62 quam
2014 1222 69 62 non
2053 1222 98 62 ipsum.
2122 1222 69 62 hoc
2161 1222 69 62 est
2191 1222 98 62 cuilibet

1367 1265 106 64 esset
1438 1265 118 64 melius
1520 1265 94 64 esse
1579 1265 165 64 sapientem:
1708 1265 94 64 quam
1767 1265 82 64 non
1814 1265 94 64 esse
1873 1265 165 64 sapientem.
2003 1265 71 64 ad
2038 1265 94 64 quem
2097 1265 118 64 sensum
2167 1265 118 64 loquitur

1366 1315 128 49 Ansel.
1456 1315 77 49 vt
1495 1315 116 49 patet
1572 1315 218 49 consideranti:
1752 1315 141 49 quamuis
1854 1315 90 49 non
1906 1315 128 49 vtatur
1996 1315 116 49 istis
2073 1315 167 49 vocabulis
2188 1315 103 49 perfe-

1375 1358 101 56 ctio
1438 1358 201 56 simpliciter:
1602 1358 101 56 quod
1665 1358 88 56 nec
1715 1358 88 56 est
1765 1358 138 56 proprie
1866 1358 138 56 dicitur
1967 1358 75 56 de
2004 1358 101 56 tali
2067 1358 151 56 complexe
2168 1358 113 56 signifi

1380 1400 123 56 cabili.
1469 1400 78 56 Sed
1514 1400 78 56 est
1559 1400 112 56 sensus
1637 1400 78 56 cum
1682 1400 101 56 illud
1749 1400 123 56 dicitur
1838 1400 145 56 perfectio
1950 1400 168 56 simpliciter
2084 1400 67 56 id
2117 1400 78 56 est
2151 1400 134 56 vniversali

1374 1443 97 57 quod
1434 1443 85 57 vel
1483 1443 145 57 cuilibet
1592 1443 109 57 esset
1665 1443 121 57 melius
1750 1443 97 57 esse
1810 1443 109 57 tale:
1883 1443 97 57 quam
1944 1443 85 57 non
1992 1443 97 57 esse
2053 1443 109 57 tale:
2125 1443 85 57 vel
2162 1443 133 57 quodlibet

1369 1485 77 55 si
1408 1485 116 55 esset
1485 1485 116 55 tale:
1562 1485 116 55 esset
1639 1485 128 55 melius
1729 1485 103 55 quam
1793 1485 77 55 si
1832 1485 90 55 non
1883 1485 116 55 esset
1960 1485 103 55 tale
2024 1485 141 55 ceteris
2127 1485 154 55 paribus.
2230 1485 64 55 Sed

1371 1525 142 61 secundum
1478 1525 95 61 hunc
1537 1525 118 61 sensum
1620 1525 83 61 cum
1667 1525 130 61 dicitur
1762 1525 95 61 quod
1821 1525 142 61 potentia
1928 1525 166 61 productiua
2058 1525 107 61 filii
2129 1525 83 61 est
2165 1525 130 61 perfectio

1363 1576 203 48 simpliciter:
1528 1576 102 48 idem
1592 1576 89 48 est
1643 1576 76 48 ac
1681 1576 76 48 si
1719 1576 140 48 diceret
1821 1576 114 48 posse
1897 1576 165 48 producere
2024 1576 127 48 filium
2113 1576 89 48 est
2151 1576 140 48 perfectio

1374 1619 182 49 simpliciter.
1521 1619 68 49 Et
1555 1619 136 49 secundum
1657 1619 91 49 hunc
1714 1619 102 49 modum
1782 1619 148 49 accipiedi
1896 1619 148 49 reducitur
2009 1619 159 49 argumentum
2134 1619 68 49 et
2168 1619 114 49 contra
2236 1619 57 49 te.

1380 1660 96 56 Nam
1435 1660 83 56 si
1477 1660 124 56 posse
1559 1660 179 56 producere
1697 1660 179 56 creaturam
1835 1660 96 56 est
1890 1660 220 56 perfectionis
2069 1660 220 56 simpliciter.
2234 1660 55 56 et

1370 1704 159 49 secundum
1489 1704 93 49 te:
1542 1704 79 49 ex
1582 1704 93 49 hoc
1634 1704 159 49 sequitur
1754 1704 93 49 per
1807 1704 119 49 locum
1886 1704 66 49 a
1912 1704 132 49 minori
2005 1704 106 49 quod
2071 1704 119 49 posse
2137 1704 146 49 producere

1377 1748 169 46 creatorem
1507 1748 91 46 est
1559 1748 208 46 perfectionis
1727 1748 208 46 simpliciter:
1896 1748 143 46 cogeris
2000 1748 78 46 vt
2039 1748 91 46 vel
2090 1748 117 46 dicas
2168 1748 104 46 quod
2220 1748 65 46 non

1374 1794 98 54 omne
1435 1794 98 54 quod
1496 1794 85 54 est
1544 1794 183 54 perfectonis
1691 1794 183 54 simpliciter
1837 1794 171 54 conueniens
1971 1794 110 54 patri
2044 1794 146 54 conuenit
2154 1794 110 54 filio
2215 1794 73 54 dei:

1371 1831 116 52 quod
1443 1831 87 52 tu
1486 1831 87 52 et
1530 1831 116 52 vere
1602 1831 159 52 reputas
1718 1831 159 52 falsum:
1834 1831 101 52 vel
1892 1831 130 52 neges
1979 1831 145 52 patrem
2080 1831 130 52 posse
2153 1831 130 52 produce

1374 1879 72 47 re
1410 1879 131 47 filium:
1505 1879 95 47 quod
1565 1879 83 47 est
1613 1879 167 47 hereticum.
1744 1879 72 47 Et
1779 1879 83 47 cum
1827 1879 83 47 hoc
1875 1879 143 47 sequitur
1982 1879 83 47 est
2030 1879 95 47 quod
2089 1879 83 47 non
2137 1879 107 47 omnis
2197 1879 95 47 perfe-

1378 1924 92 52 ctio
1435 1924 103 52 patri
1504 1924 161 52 conueniat.
1630 1924 69 52 Et
1665 1924 92 52 ideo
1722 1924 80 52 ita
1768 1924 103 52 patet
1837 1924 92 52 quod
1894 1924 103 52 ratio
1963 1924 126 52 fortius
2055 1924 126 52 militat
2147 1924 115 52 contra
2216 1924 69 52 suum

1363 1966 153 56 actorem.
1478 1966 64 56 â‹
1503 1966 165 56 Respondeo
1630 1966 114 56 tamen
1707 1966 76 56 ad
1745 1966 127 56 ipsam.
1834 1966 76 56 Si
1872 1966 114 56 primo
1948 1966 102 56 modo
2012 1966 178 56 accipiatur
2139 1966 140 56 perfectio

1371 2010 135 55 sicut
1461 2010 166 55 innuunt
1582 2010 135 55 verba
1672 2010 211 55 arguentis.
1838 2010 120 55 dico
1913 2010 120 55 quod
1988 2010 181 55 potentia
2108 2010 181 55 productiua

1377 2051 104 58 filii
1447 2051 81 58 est
1493 2051 151 58 perfectio
1609 2051 185 58 simpliciter:
1759 2051 93 58 quia
1817 2051 93 58 ipse
1875 2051 104 58 pater
1945 2051 81 58 est
1991 2051 151 58 perfectio
2107 2051 185 58 simpliciter.
2246 2051 46 58 Et

1374 2099 99 54 tamen
1440 2099 88 54 dico
1495 2099 88 54 quod
1551 2099 110 54 filius
1628 2099 77 54 non
1672 2099 77 54 est
1716 2099 99 54 minus
1783 2099 144 54 perfectus
1893 2099 77 54 seu
1937 2099 110 54 bonus:
2015 2099 88 54 quam
2070 2099 122 54 paiter:
2158 2099 88 54 quia
2203 2099 77 54 licem

1382 2139 98 55 ipse
1443 2139 86 55 non
1492 2139 86 55 sit
1542 2139 123 55 pater:
1628 2139 86 55 est
1677 2139 111 55 tamen
1751 2139 74 55 id
1788 2139 111 55 ipsum
1861 2139 74 55 et
1898 2139 86 55 est
1948 2139 111 55 eadem
2021 2139 135 55 bonitas
2120 2139 98 55 quae
2181 2139 86 55 est
2218 2139 74 55 ipse

1370 2183 134 54 pater.
1463 2183 80 54 Si
1503 2183 107 54 vero
1570 2183 187 54 accipiatur
1717 2183 80 54 2o
1757 2183 80 54 mo
1797 2183 94 54 sic
1851 2183 107 54 dico
1918 2183 107 54 quod
1985 2183 120 54 posse
2065 2183 174 54 producere
2185 2183 107 54 filium

1369 2229 88 55 non
1420 2229 88 55 est
1470 2229 202 55 perfectionis
1635 2229 202 55 simpliciter.
1799 2229 76 55 Et
1837 2229 139 55 quamuis
1938 2229 253 55 incomparabiliter
2153 2229 126 55 melior
2228 2229 51 55 si

1373 2273 103 47 deus
1438 2273 103 47 quam
1502 2273 168 47 crcatura.
1631 2273 90 47 non
1683 2273 116 47 tamen
1760 2273 155 47 sequitur
1876 2273 103 47 quod
1941 2273 77 47 si
1979 2273 116 47 posse
2057 2273 168 47 producere
2173 2273 116 47 creatu-

1374 2316 87 55 ram
1423 2316 87 55 est
1473 2316 198 55 perfectionis
1633 2316 198 55 simpliciter:
1794 2316 99 55 quod
1856 2316 111 55 posse
1930 2316 161 55 producere
2054 2316 161 55 creatorem
2178 2316 87 55 vel
2215 2316 74 55 deum

1367 2360 82 49 sit
1414 2360 188 49 perfectionis
1567 2360 176 49 simpliciter
1708 2360 70 49 ad
1743 2360 117 49 sensum
1825 2360 117 49 datum.
1907 2360 153 49 Similiter
2025 2360 82 49 est
2072 2360 82 49 non
2119 2360 141 49 sequitur
2213 2360 70 49 quod

1375 2404 116 54 posse
1453 2404 168 54 producere
1582 2404 103 54 deum
1646 2404 129 54 patrem
1737 2404 90 54 sit
1788 2404 207 54 perfectionis
1956 2404 194 54 simpliciter
2111 2404 142 54 quamuis
2202 2404 90 54 inco-

1372 2452 192 51 parabiliter
1526 2452 128 51 melior
1616 2452 90 51 sit
1667 2452 103 51 deus
1731 2452 128 51 pater:
1821 2452 103 51 quam
1885 2452 167 51 creatura.
2014 2452 64 51 â‹
2039 2452 77 51 Si
2078 2452 115 51 dicas
2155 2452 103 51 quod
2206 2452 77 51 pro-

1374 2493 112 43 ducere
1452 2493 89 43 deum
1508 2493 112 43 patrem
1586 2493 78 43 est
1631 2493 179 43 impossibile:
1776 2493 67 43 et
1810 2493 89 43 ideo
1866 2493 78 43 non
1911 2493 78 43 est
1955 2493 179 43 perfectionis
2101 2493 179 43 simpliciter.
2235 2493 56 43 di-

1365 2529 72 56 co
1401 2529 95 56 tibi
1460 2529 95 56 quod
1520 2529 155 56 producere
1639 2529 107 56 alium
1711 2529 95 56 deum
1770 2529 119 56 filium
1854 2529 83 56 est
1902 2529 179 56 impossibile
2045 2529 191 56 simpliciter:
2200 2529 83 56 nec
2235 2529 60 56 est

1376 2577 104 54 minus
1446 2577 173 54 impossibile
1584 2577 92 54 quam
1641 2577 92 54 quod
1699 2577 92 54 deus
1756 2577 115 54 filius
1837 2577 138 54 producat
1940 2577 138 54 seipsum.
2044 2577 58 54 â‹
2067 2577 69 54 Ad
2101 2577 69 54 4m
2136 2577 138 54 dicendum
2228 2577 46 54 qu

1366 2625 111 47 minor
1440 2625 86 47 est
1489 2625 111 47 falsa
1563 2625 173 47 accipiendo
1699 2625 124 47 potesm
1786 2625 86 47 pro
1835 2625 161 47 principio
1959 2625 185 47 productiuo:
2107 2625 74 47 vt
2144 2625 124 47 dictum
2218 2625 74 47 est.

1375 2667 84 60 Nam
1423 2667 96 60 Aug.
1483 2667 84 60 non
1531 2667 108 60 dicit
1603 2667 96 60 quod
1663 2667 120 60 filius
1747 2667 84 60 non
1795 2667 132 60 potuit:
1892 2667 84 60 sed
1940 2667 156 60 oppositum
2060 2667 96 60 vnde
2120 2667 96 60 ait.
2180 2667 84 60 non
2216 2667 72 60 quia

1370 2715 82 52 non
1417 2715 129 52 potuit.
1511 2715 70 52 ex
1546 2715 82 52 quo
1593 2715 164 52 argumentum
1722 2715 117 52 potest
1804 2715 117 52 reduci
1886 2715 117 52 contra
1968 2715 164 52 arguentem:
2097 2715 82 52 aut
2144 2715 94 52 enim
2191 2715 94 52 potuit

1372 2751 192 62 significat
1523 2751 137 62 postsm
1619 2751 219 62 productiuam:
1796 2751 82 62 et
1838 2751 96 62 sic
1892 2751 96 62 cum
1947 2751 109 62 Aug.
2015 2751 123 62 neget
2097 2751 96 62 non
2152 2751 123 62 posse
2221 2751 68 62 af-

1366 2798 126 49 firmat
1455 2798 126 49 posse:
1543 2798 76 49 ac
1581 2798 88 49 per
1632 2798 88 49 hoc
1682 2798 126 49 potesm
1770 2798 202 49 productiuam:
1935 2798 88 49 aut
1985 2798 177 49 significat
2111 2798 177 49 possibilita-

1366 2839 93 60 tem
1419 2839 198 60 terminorum:
1577 2839 79 60 et
1617 2839 93 60 sic
1670 2839 146 60 dicendo
1776 2839 132 60 filius
1869 2839 93 60 non
1922 2839 132 60 potuit
2014 2839 146 60 negatur
2120 2839 119 60 talis
2186 2839 106 60 possi-

1363 2881 153 46 bilitas.
1478 2881 127 46 igitur
1567 2881 89 46 cum
1618 2881 114 46 dicit
1694 2881 89 46 non
1745 2881 102 46 quia
1808 2881 89 46 non
1859 2881 127 46 potuit
1948 2881 140 46 negatur
2050 2881 89 46 non
2088 2881 191 46 possibilitas:

1375 2927 89 51 per
1426 2927 178 51 consequens
1566 2927 178 51 affirmatur
1706 2927 216 51 possibilitas.
1884 2927 76 51 Ex
1922 2927 89 51 quo
1973 2927 114 51 vltra
2049 2927 153 51 sequitur
2164 2927 102 51 hanc
2215 2927 76 51 esse

1379 2979 107 45 veram
1451 2979 119 45 filius
1534 2979 119 45 potuit
1618 2979 155 45 generare:
1737 2979 95 45 quod
1797 2979 84 45 est
1844 2979 119 45 contra
1928 2979 95 45 Aug.
1988 2979 72 45 ac
2023 2979 119 45 contra
2107 2979 84 45 sic
2143 2979 143 45 arguentem:

1366 3020 130 49 expone
1457 3020 130 49 igitur
1548 3020 78 49 vt
1587 3020 117 49 docet
1665 3020 143 49 magitur
1769 3020 91 49 non
1821 3020 104 49 quia
1886 3020 91 49 non
1938 3020 143 49 potuit.
2042 3020 78 49 id
2081 3020 91 49 est
2133 3020 91 49 non
2185 3020 104 49 fuit
2237 3020 52 49 ex

1374 3058 182 74 impotentia:
1520 3058 97 74 quod
1581 3058 97 74 idem
1641 3058 122 74 valet:
1727 3058 73 74 ac
1763 3058 73 74 si
1800 3058 134 74 dicatur
1897 3058 85 74 non
1945 3058 97 74 quia
2006 3058 146 74 impotens
2116 3058 109 74 fuit:
2189 3058 85 74 sed
2225 3058 61 74 non
