2468 3523
171 230 81 56 ex
212 230 190 56 ignorantia
361 230 203 56 intentionis
524 230 122 56 dicti
605 230 190 56 opinantis:
755 230 108 56 ideo
822 230 163 56 ostendam
944 230 108 56 quod
999 230 81 56 ipse

176 280 122 57 posuit
261 280 73 57 et
298 280 122 57 ponere
384 280 122 57 habuit
469 280 196 57 consequentur
628 280 73 57 ad
665 280 110 57 dicta
738 280 86 57 sua
787 280 98 57 quod
848 280 73 57 in
884 280 86 57 deo
933 280 86 57 est
970 280 110 57 quaedam

176 331 202 50 multitudo
332 331 202 50 entitatum
487 331 124 50 quas
564 331 171 50 vocabat
688 331 248 50 formalitates
890 331 93 50 et
921 331 155 50 rationes

177 368 190 53 quiditatiuas
332 368 71 53 ex
367 368 119 53 natura
450 368 83 53 rei
498 368 166 53 actualiter
629 368 107 53 extra
700 368 119 53 animam
783 368 202 53 distinctarum:
949 368 119 53 quarum
1021 368 59 53 vna

176 413 72 56 non
217 413 72 56 est
258 413 92 56 alia.
319 413 51 56 ⁋
340 413 72 56 hoc
381 413 92 56 patet
443 413 92 56 primo
504 413 62 56 ex
535 413 144 56 rationibus
648 413 103 56 quibus
720 413 103 56 probat
792 413 82 56 suam
843 413 174 56 conclusionem:
987 413 62 56 et
1007 413 72 56 prae-

176 452 132 54 sertim
268 452 79 54 ex
308 452 79 54 2a
347 452 92 54 qua
400 452 145 54 conatur
505 452 224 54 multipliciter
690 452 158 54 probare.
808 452 105 54 quod
874 452 171 54 diuinarum
993 452 92 54 emana

175 499 101 57 tionum
246 499 71 57 non
286 499 71 57 est
327 499 81 57 idem
378 499 152 57 principium.
499 499 71 57 sed
540 499 142 57 necessario
651 499 132 57 distincta
753 499 61 57 ex
783 499 101 57 natura
854 499 81 57 rei:
905 499 81 57 quae
955 499 122 57 secundum
1036 499 51 57 eum

169 540 102 50 sunt
233 540 191 50 intellectus
386 540 77 50 et
424 540 166 50 voluntas.
552 540 77 50 Si
590 540 115 50 autem
667 540 89 50 non
718 540 140 50 ponatur
820 540 115 50 talis
897 540 179 50 pluralitas
1024 540 64 50 en-

160 589 132 50 titatum
256 589 204 50 quantumcumque
425 589 96 50 ista
485 589 84 50 non
533 589 108 50 esset
605 589 132 50 formals
701 589 180 50 praedicatio
845 589 180 50 intellectus
990 589 84 50 est
1026 589 60 50 vo-

171 626 129 51 luntas:
265 626 82 51 non
312 626 152 51 haberetur
429 626 164 51 distinctio
558 626 187 51 principiorum
710 626 94 51 quam
769 626 129 51 quaerit
862 626 70 51 vt
898 626 105 51 notum
968 626 94 51 est.
1015 626 70 51 Item

170 674 73 52 ex
206 674 134 52 ratione
304 674 97 52 quam
364 674 122 52 fundat
450 674 109 52 super
523 674 97 52 auc.
583 674 97 52 Aug.
644 674 122 52 contra
729 674 109 52 maxi.
802 674 73 52 in
839 674 85 52 qua
887 674 109 52 clare
960 674 109 52 patet
1021 674 61 52 eum

166 722 118 49 velle
244 722 78 49 ex
284 722 118 49 dicto
362 722 105 49 Aug.
427 722 183 49 concludere
571 722 105 49 quod
637 722 78 49 in
676 722 92 49 deo
728 722 92 49 est
780 722 183 49 pluralitas
924 722 131 49 talium
1003 722 78 49 per-

167 758 177 50 fectionum
304 758 137 50 absque
399 758 191 50 detrimento
550 758 96 50 sue
604 758 246 50 simplicitatis:
809 758 123 50 sicut
891 758 109 50 vera
945 758 137 50 plurali-

159 806 93 47 tas
212 806 185 47 personarum
357 806 106 47 stat
424 806 93 47 cum
477 806 212 47 simplicitate
649 806 119 47 summa
728 806 106 47 dei:
795 806 159 47 quinimmo
914 806 159 47 secundum
1020 806 66 47 eum

166 845 94 51 Aug.
225 845 70 51 ex
260 845 106 51 primo
331 845 153 51 concludit
448 845 82 51 hoc
495 845 82 51 2m.
542 845 82 51 nec
589 845 141 51 sufficit
695 845 70 51 ad
730 845 82 51 hoc
777 845 164 51 pluralitas
906 845 82 51 vel
941 845 141 51 distinctio

167 890 142 55 secundum
274 890 142 55 rationem
380 890 130 55 tantum.
475 890 59 55 ⁋
499 890 95 55 Item
558 890 71 55 si
593 890 95 55 iste
653 890 95 55 doc.
712 890 83 55 non
759 890 154 55 posuisset
878 890 71 55 ex
913 890 166 55 intentione
1032 890 47 55 ta

173 932 81 51 lem
220 932 197 51 pluralitatem:
382 932 81 51 sed
429 932 116 51 tantum
510 932 93 51 modo
568 932 163 51 intendebat
696 932 93 51 quod
754 932 174 51 praedicatio
893 932 104 51 vnius
963 932 70 51 de
986 932 93 51 altero

167 977 97 50 non
222 977 97 50 est
278 977 180 50 formalis:
416 977 83 50 vt
457 977 111 50 quid
526 977 207 50 oportuisset
692 977 97 50 eum
747 977 97 50 tot
803 977 124 50 modis
886 977 138 50 conari
968 977 111 50 decla-

171 1024 94 48 rare
230 1024 94 48 quod
289 1024 153 48 huiusmodi
407 1024 165 48 distinctio
536 1024 141 48 formalis
642 1024 94 48 stat
701 1024 82 48 cum
748 1024 188 48 simplicitate
901 1024 94 48 rei.
959 1024 82 48 Cum
995 1024 82 48 mani-

165 1062 126 49 festum
254 1062 88 49 sit
304 1062 101 49 quod
367 1062 189 49 simplicitas
519 1062 88 49 non
569 1062 101 49 nisi
633 1062 189 49 pluralitate
784 1062 76 49 et
822 1062 202 49 distinctione
973 1062 114 49 actuali

171 1106 94 48 vel
224 1106 187 48 potentiali
371 1106 174 48 tollatur.
505 1106 67 48 ⁋
531 1106 80 48 2o
571 1106 107 48 idem
638 1106 120 48 probo
718 1106 80 48 ex
758 1106 187 48 praemissis
905 1106 134 48 verbis
985 1106 94 48 eius-

177 1151 76 48 dem
221 1151 141 48 doctoris.
329 1151 76 48 Nam
373 1151 65 48 in
406 1151 163 48 conclusione
536 1151 174 48 praeallegata
678 1151 141 48 superius.
786 1151 109 48 dicens
862 1151 87 48 sic.
917 1151 87 48 ista
971 1151 98 48 autem
1026 1151 54 48 non

176 1191 155 50 identitas
295 1191 143 50 formalis
403 1191 95 50 stat
462 1191 83 50 cum
510 1191 191 50 simplicitate
665 1191 95 50 dei:
724 1191 95 50 quia
784 1191 95 50 hanc
844 1191 179 50 differentia
975 1191 107 50 necesse

171 1236 86 45 est
220 1236 123 45 ponere
306 1236 110 45 inter
379 1236 160 45 essentiam
502 1236 74 45 et
539 1236 209 45 proprietatem:
711 1236 110 45 sicut
784 1236 110 45 supra
858 1236 110 45 dist.
932 1236 86 45 2a.
981 1236 74 45 q.
1005 1236 74 45 vlt.

169 1282 130 44 ostensum
266 1282 86 44 est:
320 1282 65 44 et
353 1282 97 44 tamen
417 1282 76 44 non
461 1282 119 44 propter
547 1282 76 44 hoc
590 1282 119 44 ponitur
677 1282 151 44 compositio
795 1282 65 44 in
828 1282 130 44 persona.
925 1282 65 44 et
957 1282 97 44 plura
1011 1282 65 44 ibi-

173 1325 85 49 dem
221 1325 121 49 subdit
306 1325 73 49 ad
343 1325 170 49 propositum
476 1325 182 49 significans
621 1325 109 49 talem
694 1325 97 49 esse
755 1325 206 49 distinctionem
924 1325 109 49 istam
985 1325 97 49 forma-

170 1366 89 46 lem:
225 1366 122 46 qualem.
314 1366 111 46 dicens
392 1366 67 46 se
426 1366 156 46 ostendisse
548 1366 89 46 esse
604 1366 100 46 inter
670 1366 133 46 esentiam
771 1366 67 46 et
804 1366 178 46 proprietatem
949 1366 67 46 in
971 1366 111 46 persona.

178 1412 104 53 Qualis
250 1412 93 53 autem
312 1412 83 53 illa
364 1412 73 53 sit
406 1412 124 53 secundum
499 1412 104 53 ipsum.
571 1412 93 53 patet
634 1412 62 53 ex
665 1412 104 53 verbis
737 1412 83 53 eius
789 1412 62 53 in
820 1412 104 53 prima.
893 1412 62 53 q.
924 1412 73 53 2o.
965 1412 104 53 dicens
1038 1412 62 53 ad

169 1454 90 49 quam
225 1454 146 49 remittit:
337 1454 90 49 quae
394 1454 90 49 sunt
450 1454 90 49 hoc.
506 1454 112 49 primum
585 1454 157 49 suppositum
708 1454 135 49 realiter
809 1454 67 49 id
843 1454 79 49 est
888 1454 90 49 ante
944 1454 101 49 omnem
1000 1454 79 49 actum

169 1496 168 49 intellectus
303 1496 101 49 habet
371 1496 146 49 entitatem
483 1496 202 49 communicabilem
651 1496 67 49 et
685 1496 146 49 entitatem
797 1496 236 49 incommunicabilem:
999 1496 79 49 non
1033 1496 56 49 est

158 1541 106 61 autem
229 1541 118 61 aliqua
312 1541 130 61 entitas
406 1541 95 61 ante
465 1541 106 61 omnem
536 1541 106 61 actum
607 1541 189 61 intellectus:
761 1541 83 61 ita
808 1541 95 61 quod
867 1541 83 61 nec
915 1541 83 61 per
962 1541 106 61 actum
1021 1541 59 61 in-

159 1586 147 50 tellectus
272 1586 79 50 sit
317 1586 215 50 communicabilis:
498 1586 68 50 et
531 1586 90 50 alia
588 1586 124 50 entitas
678 1586 79 50 sit
724 1586 68 50 de
757 1586 68 50 se
791 1586 226 50 incommunicabilis
972 1586 113 50 scilicet

170 1632 85 46 quod
223 1632 85 46 sibi
276 1632 159 46 contradicat
403 1632 159 46 communicari
530 1632 85 46 nisi
583 1632 85 46 ante
636 1632 95 46 actum
700 1632 159 46 intellectus
827 1632 64 46 et
858 1632 127 46 praecise
943 1632 127 46 intellige-

162 1673 68 44 re
196 1673 79 44 sit
241 1673 113 44 aliqua
319 1673 158 44 distinctio
443 1673 101 44 inter
511 1673 90 44 hanc
567 1673 146 44 entitatem
680 1673 68 44 et
713 1673 113 44 illam.
792 1673 90 44 ergo
849 1673 90 44 etc.
905 1673 79 44 huc
950 1673 101 44 vsque
1006 1673 79 44 verba

172 1716 95 39 eius.
236 1716 53 39 ⁋
257 1716 95 39 Item.
321 1716 148 39 distinctio
437 1716 74 39 26.
480 1716 106 39 contra
554 1716 138 39 opinionem
660 1716 170 39 praepositini
798 1716 138 39 dicentis:
904 1716 85 39 quod
957 1716 117 39 persone
1031 1716 53 39 se-

165 1755 112 47 ipsis
239 1755 223 47 distinguuntur:
425 1755 87 47 nec
475 1755 174 47 quaerendum
611 1755 87 47 est
660 1755 87 47 quo
710 1755 174 47 formaliter
846 1755 223 47 distinguantur:
1020 1755 62 47 cum

162 1797 97 49 sint
223 1797 97 49 eque
283 1797 158 49 simplices
405 1797 73 49 vt
441 1797 146 49 essentia
551 1797 73 49 in
587 1797 85 49 sua
636 1797 73 49 2a
672 1797 134 49 ratione
769 1797 170 49 concludit:
903 1797 85 49 sic
951 1797 97 49 ergo
1000 1797 85 49 pater

161 1845 87 42 non
210 1845 125 42 seipso
298 1845 100 42 toto
360 1845 112 42 primo
435 1845 212 42 distinguitur:
609 1845 87 42 sed
659 1845 125 42 aliquo
746 1845 100 42 quod
809 1845 87 42 est
859 1845 75 42 in
896 1845 87 42 eo:
946 1845 75 42 et
983 1845 75 42 in
1008 1845 75 42 fine

175 1887 155 54 quaestionis
299 1887 155 54 respondendo
423 1887 62 54 ad
454 1887 124 54 rationem
547 1887 166 54 praepositini
682 1887 83 54 ait.
733 1887 83 54 dico
785 1887 83 54 quod
837 1887 93 54 verum
899 1887 83 54 est:
951 1887 83 54 quod
992 1887 83 54 perso-

168 1932 73 42 na
204 1932 86 42 est
253 1932 135 42 simplex
351 1932 110 42 sicut
425 1932 159 42 essentia:
547 1932 135 42 persona
645 1932 110 42 tamen
719 1932 147 42 includit
829 1932 135 42 aliqua:
927 1932 122 42 quorum
1001 1932 73 42 vnum

170 1971 82 49 non
217 1971 82 49 est
264 1971 164 49 formaliter
393 1971 141 49 alterum:
499 1971 82 49 non
546 1971 82 49 ita
592 1971 141 49 includit
698 1971 152 49 essentia.
815 1971 70 49 et
850 1971 94 49 ideo
909 1971 70 49 se
944 1971 94 49 tota
991 1971 94 49 distin

156 2016 121 50 guitur:
244 2016 99 50 licet
310 2016 121 50 persona
397 2016 77 50 non
441 2016 66 50 se
474 2016 88 50 tota
529 2016 175 50 distinguatur
671 2016 121 50 propter
759 2016 143 50 essentiam
869 2016 88 50 quae
924 2016 132 50 communis
1011 2016 66 50 est:

158 2057 159 48 sufficit
277 2057 106 48 enim
344 2057 119 48 talis
423 2057 93 48 non
476 2057 173 48 identitas
609 2057 159 48 formalis
729 2057 80 48 in
768 2057 133 48 aliquo
861 2057 80 48 ad
901 2057 93 48 hoc
954 2057 80 48 vt
994 2057 93 48 vno
1034 2057 53 48 di

170 2100 167 54 stinguatur
301 2100 71 54 et
337 2100 83 54 non
384 2100 131 54 altero.
479 2100 83 54 hec
527 2100 107 54 ipse.
598 2100 59 54 ⁋
622 2100 71 54 Ex
658 2100 83 54 his
705 2100 119 54 patet:
789 2100 95 54 quod
848 2100 167 54 distinctio
967 2100 119 54 formalis

170 2147 102 51 quam
234 2147 115 51 ponit
311 2147 115 51 inter
387 2147 153 51 esentiam
502 2147 77 51 et
541 2147 204 51 proprietatem
707 2147 89 51 est
758 2147 179 51 distinctio
898 2147 128 51 duarum
975 2147 102 51 entita

162 2189 81 54 tum
209 2189 105 54 extra
279 2189 128 54 animam:
371 2189 116 54 quarum
453 2189 81 54 hec
499 2189 81 54 non
546 2189 81 54 est
592 2189 105 54 illa.
662 2189 105 54 Dicit
732 2189 93 54 enim
790 2189 93 54 quod
848 2189 70 54 in
883 2189 128 54 persona
975 2189 81 54 est
1010 2189 70 54 alia

159 2232 71 49 et
195 2232 94 49 alia
253 2232 141 49 entitas:
359 2232 71 49 et
394 2232 94 49 quod
453 2232 94 49 ante
512 2232 176 49 intelligere
653 2232 82 49 est
700 2232 165 49 distinctio
829 2232 106 49 inter
900 2232 94 49 hanc
958 2232 71 49 et
982 2232 94 49 illam.

171 2278 61 50 ⁋
195 2278 97 50 Item
256 2278 97 50 quod
317 2278 134 50 persona
414 2278 146 50 includit
524 2278 122 50 aliqua
609 2278 73 50 et
646 2278 97 50 quod
707 2278 85 50 non
755 2278 73 50 se
792 2278 97 50 tota
853 2278 207 50 distinguitur:
1023 2278 85 50 sed

159 2322 124 54 aliquo
245 2322 99 54 quod
308 2322 87 54 est
357 2322 74 54 in
394 2322 87 54 ea.
444 2322 74 54 et
481 2322 99 54 quod
543 2322 87 54 vno
593 2322 112 54 eorum
667 2322 87 54 qua
717 2322 149 54 includit
829 2322 199 54 distinguitur
990 2322 74 54 et
1015 2322 62 54 non

165 2361 125 49 altero
252 2361 100 49 quae
314 2361 162 49 nequaquam
439 2361 162 49 intelligi
563 2361 150 49 possunt:
675 2361 100 49 nisi
738 2361 112 49 detur
812 2361 174 49 pluralitas
949 2361 75 49 et
974 2361 100 49 multi-

154 2404 111 47 tudo
223 2404 180 47 aliquorum
361 2404 83 47 ex
403 2404 138 47 animam
500 2404 83 47 in
541 2404 111 47 ipsa
610 2404 166 47 persona.
735 2404 69 47 ⁋
762 2404 83 47 Ad
804 2404 97 47 hoc
859 2404 124 47 facit
942 2404 83 47 et
983 2404 124 47 aliud

157 2449 101 51 dictum
228 2449 81 51 eius
278 2449 61 51 in
309 2449 162 51 distinctione
440 2449 61 51 5.
470 2449 61 51 q.
501 2449 61 51 2.
531 2449 71 51 vbi
571 2449 91 51 dicit
632 2449 81 51 quod
683 2449 121 51 formalis
774 2449 91 51 ratio
834 2449 101 51 divine
905 2449 121 51 essentie
996 2449 71 51 non
1026 2449 51 51 est

162 2493 123 46 formalis
254 2493 93 46 ratio
316 2493 144 46 relationis
429 2493 72 46 nec
470 2493 134 46 econverso
573 2493 62 46 et
604 2493 93 46 eadem
665 2493 175 46 distinctionem
809 2493 62 46 q.
840 2493 93 46 vlti.
902 2493 82 46 ait.
953 2493 82 46 Dico
1005 2493 82 46 quod
1046 2493 41 46 in

170 2531 142 51 essentia
277 2531 119 51 divina
360 2531 95 51 ante
419 2531 107 51 omnem
490 2531 107 51 actum
561 2531 178 51 intellectus
704 2531 83 51 est
751 2531 130 51 entitas
846 2531 71 51 a.
881 2531 71 51 et
917 2531 130 51 entitas
1012 2531 71 51 b.
1036 2531 47 51 et

163 2580 76 52 hec
206 2580 151 52 formaliter
325 2580 76 52 non
369 2580 76 52 est
412 2580 97 52 ista:
477 2580 76 52 ita
520 2580 86 52 quod
574 2580 162 52 intellectus
704 2580 108 52 patris
779 2580 162 52 considerans
909 2580 65 52 a.
941 2580 65 52 et
963 2580 108 52 conside-

174 2624 80 53 rans
224 2624 60 53 b.
254 2624 90 53 habet
314 2624 60 53 ex
344 2624 100 53 natura
413 2624 80 53 rei.
463 2624 80 53 vnde
513 2624 80 53 ista
563 2624 140 53 compositio
673 2624 70 53 sit
713 2624 80 53 vera
763 2624 60 53 a.
793 2624 70 53 non
833 2624 70 53 est
872 2624 60 53 b.
902 2624 70 53 non
942 2624 90 53 autem
992 2624 70 53 prime

161 2666 81 55 ex
202 2666 136 55 aliquo
297 2666 108 55 actu
365 2666 203 55 intellectus
527 2666 122 55 circa
609 2666 81 55 a.
649 2666 81 55 et
690 2666 81 55 b.
731 2666 108 55 ecce
798 2666 136 55 iterum
893 2666 122 55 ponit
961 2666 122 55 entita-

167 2707 86 58 tem
216 2707 74 58 et
253 2707 173 58 entitatem:
389 2707 74 58 et
426 2707 99 58 quod
488 2707 86 58 hec
537 2707 148 58 formalis
648 2707 111 58 ratio
722 2707 86 58 non
771 2707 86 58 est
821 2707 111 58 illa.
895 2707 148 58 formalis
994 2707 86 58 autem

177 2751 114 51 ratio
253 2751 76 51 et
291 2751 177 51 formalitas
430 2751 101 51 apud
493 2751 88 51 eum
544 2751 101 51 idem
607 2751 202 51 significant.
771 2751 63 51 ⁋
796 2751 101 51 Item
859 2751 101 51 quod
922 2751 88 51 hec
973 2751 88 51 non
1011 2751 63 51 est

181 2793 101 58 vera.
248 2793 67 58 a.
282 2793 79 58 non
327 2793 79 58 est
372 2793 67 58 b.
406 2793 124 58 constat
495 2793 101 58 autem
563 2793 90 58 quod
619 2793 79 58 hec
664 2793 79 58 non
709 2793 101 58 esset
777 2793 101 58 vera:
844 2793 90 58 nisi
900 2793 67 58 a.
934 2793 67 58 et
968 2793 67 58 b.
990 2793 90 58 essent

169 2840 96 47 due
224 2840 191 47 entitates.
374 2840 82 47 ex
415 2840 96 47 quo
470 2840 82 47 et
511 2840 82 47 a.
552 2840 96 47 est
607 2840 150 47 entitas
716 2840 82 47 et
757 2840 82 47 b.
798 2840 96 47 est
853 2840 150 47 entitas
962 2840 123 47 sicut
1030 2840 55 47 di

173 2887 93 54 cit.
232 2887 58 54 ⁋
255 2887 105 54 Plura
325 2887 93 54 alia
383 2887 105 54 dicit
453 2887 70 54 in
488 2887 198 54 praeallegatis
651 2887 210 54 quaestionibus:
826 2887 70 54 et
861 2887 152 54 similiter
978 2887 70 54 in
1001 2887 70 54 ista

174 2925 187 51 distinctione
327 2925 70 51 8a
362 2925 199 51 quaestionibus
526 2925 141 51 quatuor.
631 2925 70 51 et
666 2925 105 51 illa.
736 2925 105 51 vtrum
807 2925 94 51 deus
865 2925 82 51 sit
912 2925 70 51 in
947 2925 129 51 genere:
1029 2925 47 51 ex

168 2974 132 40 quibus
260 2974 172 40 manifeste
393 2974 119 40 patet
472 2974 119 40 ipsum
551 2974 159 40 sensisse
670 2974 106 40 quod
736 2974 132 40 dictum
829 2974 106 40 est.
895 2974 93 40 Sed
948 2974 106 40 ista
1001 2974 79 40 suf-

165 3013 120 75 ficiant
252 3013 65 75 ad
285 3013 153 75 propositum
405 3013 142 75 praesens:
514 3013 87 75 quia
569 3013 65 75 et
602 3013 109 75 infra.
678 3013 186 75 distinctione.
831 3013 76 75 33.
875 3013 76 75 hoc
918 3013 98 75 ipsum
973 3013 109 75 patebit.

1086 227 209 97 Quantum
1238 227 114 97 ad
1295 227 114 97 2m
1353 227 248 97 articulum
1543 227 152 97 pono
1638 227 152 97 duas
1733 227 305 97 conclusiones
1962 227 95 97 Pri

1407 282 82 65 ma
1448 282 110 65 est.
1517 282 110 65 quod
1585 282 123 65 nulla
1668 282 178 65 perfectio
1804 282 219 65 attributalis
1983 282 96 65 seu

1117 334 142 48 nomine
1216 334 184 48 attributi
1358 334 212 48 significata
1527 334 99 48 est
1584 334 85 48 in
1626 334 99 48 deo
1683 334 142 48 aliqua
1782 334 156 48 entitas
1895 334 127 48 parua
1966 334 71 48 vel

1120 378 120 50 magna
1199 378 106 50 siue
1266 378 146 50 dicatur
1372 378 199 50 formalitas:
1532 378 106 50 siue
1598 378 120 50 ratio
1678 378 213 50 quiditatiua:
1851 378 93 50 vel
1891 378 146 50 formalis:

1130 418 92 49 aut
1182 418 105 49 alio
1248 418 131 49 quouis
1340 418 131 49 nomine
1431 418 197 49 appellatur.
1588 418 118 49 extra
1667 418 131 49 animam
1759 418 157 49 disticta
1877 418 66 49 a
1890 418 144 49 divinita-

1128 463 72 48 te
1164 463 97 48 ipsa
1225 463 145 48 praecise
1333 463 145 48 secundum
1442 463 72 48 se
1478 463 133 48 sumpta.
1575 463 72 48 2a
1611 463 97 48 quod
1672 463 85 48 non
1720 463 97 48 sunt
1780 463 72 48 in
1817 463 85 48 deo
1865 463 133 48 aliquae
1949 463 85 48 perfe

1130 508 141 47 ctiones
1233 508 206 47 attributales
1400 508 116 47 inter
1477 508 77 47 se
1516 508 167 47 distincte
1644 508 90 47 vel
1696 508 141 47 plures:
1799 508 129 47 quarum
1889 508 90 47 hec
1940 508 90 47 non
1979 508 64 47 est

1132 549 108 56 illa.
1204 549 60 56 ⁋
1228 549 120 56 Primam
1313 549 193 56 conclusionem
1469 549 108 56 probo
1541 549 108 56 primo
1614 549 96 56 sic.
1674 549 96 56 sumo
1734 549 108 56 ipsam
1806 549 181 56 divinitatem
1951 549 120 56 praeci-

1127 591 70 57 se
1162 591 140 57 secundum
1267 591 82 57 se:
1314 591 117 57 absque
1395 591 93 57 alio
1454 591 117 57 aliqua
1535 591 128 57 quaequo
1628 591 93 57 modo
1687 591 70 57 ab
1722 591 70 57 ea
1757 591 163 57 distincto:
1885 591 82 57 aut
1931 591 93 57 ipsa
1990 591 82 57 est

1138 633 148 55 sapientia
1252 633 80 55 aut
1297 633 91 55 non.
1354 633 68 55 Si
1388 633 91 55 sic.
1445 633 91 55 ergo
1502 633 80 55 vel
1548 633 103 55 nulla
1616 633 148 55 sapientia
1730 633 80 55 vel
1776 633 160 55 sapientiae
1890 633 148 55 formalitas:

1121 682 90 47 est
1173 682 77 47 in
1211 682 90 47 deo
1262 682 167 47 distincta
1391 682 64 47 a
1417 682 193 47 divinitate:
1571 682 103 47 quod
1635 682 90 47 est
1686 682 193 47 propositum:
1840 682 90 47 vel
1892 682 77 47 in
1930 682 90 47 deo
1969 682 77 47 sunt

1132 720 130 52 plures
1223 720 182 52 sapientie:
1366 720 104 52 quod
1432 720 91 52 est
1484 720 169 52 erroneum:
1614 720 104 52 quia
1679 720 117 52 sicut
1757 720 91 52 non
1809 720 104 52 sunt
1875 720 78 52 in
1901 720 143 52 trinitate

1122 764 122 54 plures
1207 764 158 54 essentie:
1329 764 85 54 ita
1378 764 85 54 nec
1426 764 122 54 plures
1512 764 171 54 sapientie:
1646 764 85 54 vt.
1694 764 110 54 dicit
1768 764 97 54 Aug.
1829 764 73 54 7.
1865 764 73 54 de
1902 764 97 54 tri.
1963 764 73 54 et
1987 764 73 54 idem

1122 811 225 46 sententialiter
1309 811 88 46 li.
1359 811 75 46 5.
1397 811 75 46 Si
1434 811 163 46 diuinitas
1559 811 88 46 non
1609 811 88 46 est
1659 811 163 46 sapientia
1784 811 88 46 cum
1834 811 100 46 deum
1897 811 100 46 esse
1947 811 113 46 sapien-

1122 857 94 46 tem
1175 857 135 46 nullus
1270 857 121 46 nedum
1351 857 216 46 christianus:
1526 857 94 46 sed
1580 857 94 46 nec
1634 857 162 46 gentilis
1755 857 189 46 negauerit:
1890 857 135 46 sequitur

1123 898 100 48 quod
1185 898 100 48 deus
1247 898 87 48 non
1297 898 87 48 est
1347 898 87 48 sua
1397 898 175 48 sapientia:
1534 898 87 48 qua
1584 898 100 48 ipse
1646 898 137 48 sapiens
1746 898 100 48 est:
1808 898 87 48 sed
1858 898 87 48 hoc
1908 898 87 48 est
1945 898 100 48 falsum

1120 941 138 49 dicente
1221 941 100 49 Aug.
1283 941 88 49 15.
1333 941 75 49 de
1371 941 100 49 tri.
1433 941 100 49 ipse
1496 941 100 49 deus
1559 941 88 49 sua
1609 941 88 49 est
1659 941 175 49 sapientia:
1797 941 100 49 quia
1859 941 88 49 non
1909 941 88 49 est
1959 941 113 49 aliud

1131 983 160 50 sapientia
1254 983 98 50 eius
1315 983 111 50 aliud
1389 983 160 50 essentia:
1512 983 86 50 cui
1561 983 86 50 hoc
1610 983 86 50 est
1659 983 111 50 esse.
1733 983 98 50 quod
1794 983 160 50 sapientem
1917 983 111 50 esse.
1979 983 49 50 Et

1129 1025 125 56 eodem
1213 1025 111 56 modo
1282 1025 167 56 loquitur
1408 1025 84 56 de
1449 1025 167 56 bonitate
1575 1025 84 56 ea
1616 1025 209 56 magnitudine
1783 1025 84 56 et
1825 1025 153 56 ceteris
1937 1025 111 56 lib.
1992 1025 56 56 5.

1127 1069 63 57 ⁋
1153 1069 201 57 Confirmatur.
1316 1069 138 57 quoniam
1417 1069 151 57 secundum
1530 1069 88 57 hoc
1580 1069 101 57 deus
1643 1069 113 57 esset
1719 1069 138 57 sapiens
1820 1069 88 57 per
1870 1069 138 57 aliquam
1958 1069 88 57 aliam

1127 1118 164 50 entitatem
1254 1118 101 50 sibi
1317 1118 190 50 inherentem:
1469 1118 76 50 et
1507 1118 126 50 iustus
1595 1118 89 50 per
1646 1118 177 50 iustitiam:
1785 1118 76 50 et
1823 1118 114 50 bonus
1899 1118 89 50 per
1937 1118 101 50 bonita

1128 1157 89 46 tem:
1183 1157 78 46 que
1228 1157 111 46 essent
1305 1157 67 46 in
1339 1157 67 46 eo
1372 1157 122 46 tanquam
1461 1157 67 46 in
1494 1157 133 46 subiecto
1594 1157 55 46 a
1616 1157 78 46 non
1661 1157 100 46 esset
1727 1157 100 46 ipse.
1794 1157 67 46 Et
1827 1157 100 46 patet
1883 1157 166 46 consequentia.

1120 1203 79 51 qui
1165 1203 68 51 ex
1199 1203 79 51 quo
1244 1203 91 51 ipse
1301 1203 79 51 non
1347 1203 79 51 est
1392 1203 159 51 sapientia:
1517 1203 68 51 si
1551 1203 147 51 sapientia
1664 1203 79 51 non
1710 1203 147 51 inhereret
1823 1203 102 51 illi:
1891 1203 79 51 sed
1937 1203 102 51 esset
1993 1203 57 51 per

1128 1243 81 46 se
1169 1243 122 46 stans
1251 1243 109 46 ipse
1319 1243 136 46 vtique
1414 1243 95 46 non
1468 1243 122 46 esset
1549 1243 163 46 sapiens.
1672 1243 81 46 Et
1712 1243 109 46 idem
1780 1243 163 46 iudicium
1903 1243 95 46 est
1957 1243 81 46 de
1984 1243 68 46 ce-

1120 1283 142 55 teris.
1219 1283 100 55 Sed
1276 1283 100 55 vt.
1333 1283 142 55 dicens
1433 1283 114 55 Aug.
1504 1283 85 55 7.
1547 1283 85 55 de
1590 1283 114 55 tri.
1661 1283 142 55 nephas
1761 1283 100 55 est
1818 1283 142 55 dicere
1918 1283 85 55 vt
1946 1283 114 55 subsi-

1131 1328 116 52 stat:
1209 1328 78 52 et
1248 1328 129 52 subsit
1338 1328 104 52 deus
1403 1328 155 52 bonitati
1519 1328 91 52 sue
1571 1328 116 52 atque
1649 1328 104 52 illa
1713 1328 142 52 bonitas
1817 1328 91 52 non
1869 1328 155 52 subiecta
1972 1328 65 52 sit

1128 1374 96 47 vel
1183 1374 138 47 potius
1280 1374 179 47 essentia.
1417 1374 124 47 neque
1500 1374 110 47 ipse
1569 1374 110 47 deus
1638 1374 96 47 sit
1693 1374 151 47 bonitas
1803 1374 110 47 sua:
1872 1374 96 47 sed
1927 1374 83 47 in
1954 1374 83 47 illo

1124 1415 87 56 sit
1173 1415 137 56 tanquam
1273 1415 75 56 in
1311 1415 162 56 subiecto.
1436 1415 62 56 ⁋
1461 1415 75 56 Ad
1498 1415 100 56 hanc
1561 1415 150 56 rationem
1673 1415 112 56 forte
1748 1415 162 56 diceretur
1873 1415 112 56 iuxta
1935 1415 125 56 communem

1114 1460 116 50 modum
1192 1460 194 50 respondendi
1347 1460 207 50 defendentium
1515 1460 116 50 illam
1593 1460 181 50 opinionem.
1735 1460 104 50 quod
1800 1460 129 50 deitas
1891 1460 129 50 vtique
1981 1460 91 50 est

1130 1499 151 49 sapientia
1247 1499 93 49 sua:
1305 1499 81 49 per
1351 1499 174 49 identitatem
1491 1499 81 49 seu
1537 1499 151 49 identice:
1653 1499 70 49 et
1688 1499 81 49 per
1735 1499 163 49 consequens
1863 1499 81 49 non
1909 1499 116 49 subest
1979 1499 58 49 il-

1131 1543 85 54 li:
1180 1543 85 54 cum
1228 1543 98 54 idem
1290 1543 110 54 eidem
1363 1543 85 54 non
1412 1543 134 54 subsit:
1509 1543 85 54 sed
1558 1543 85 54 non
1607 1543 85 54 est
1656 1543 85 54 sua
1705 1543 159 54 sapientia
1827 1543 183 54 formaliter.
1974 1543 61 54 ⁋
1986 1543 73 54 Con-

1118 1590 104 48 tra
1178 1590 104 48 aut
1237 1590 104 48 per
1297 1590 119 48 hanc
1372 1590 194 48 negatiuam
1521 1590 104 48 vis
1581 1590 164 48 dicere.
1700 1590 119 48 quod
1774 1590 194 48 diuinitas
1924 1590 104 48 non
1968 1590 75 48 est

1125 1628 193 49 formalitas
1277 1628 193 49 sapientie:
1429 1628 124 49 neque
1512 1628 124 49 eadem
1594 1628 124 49 sibi.
1677 1628 97 49 sed
1732 1628 110 49 alia
1801 1628 83 49 ab
1843 1628 124 49 illa:
1926 1628 83 49 et
1953 1628 83 49 tunc

1108 1670 89 49 cum
1159 1670 179 49 formalitas
1300 1670 166 49 sapientie
1427 1670 153 49 secundum
1542 1670 115 49 istos
1619 1670 89 49 non
1670 1670 89 49 sit
1721 1670 115 49 aliud
1798 1670 102 49 quam
1861 1670 115 49 ratio
1925 1670 128 49 quidita-

1121 1717 100 53 tiua
1183 1717 88 53 seu
1233 1717 150 53 quiditas
1346 1717 100 53 ipsa
1408 1717 175 53 sapientie:
1546 1717 100 53 quam
1608 1717 175 53 exprimeret
1746 1717 138 53 propria
1846 1717 175 53 diffinitio
1971 1717 63 53 sa-

1133 1755 141 53 pientie:
1239 1755 71 53 et
1275 1755 153 53 secundum.
1392 1755 71 53 P.
1428 1755 71 53 7.
1463 1755 106 53 meta.
1534 1755 71 53 et
1569 1755 141 53 secundum
1675 1755 153 53 veritatem
1793 1755 141 53 quiditas
1899 1755 82 53 rei
1946 1755 82 53 non
1981 1755 59 53 sit

1116 1805 119 55 aliud
1195 1805 79 55 ab
1235 1805 119 55 ipsa:
1314 1805 158 55 alioquin
1433 1805 185 55 diffinitio
1578 1805 92 55 rei
1631 1805 92 55 non
1684 1805 185 55 exprimeret
1829 1805 132 55 ipsam:
1921 1805 92 55 sed
1961 1805 79 55 ali-

1127 1846 82 42 ud:
1174 1846 94 42 quod
1233 1846 153 42 implicat:
1350 1846 141 42 sequitur
1456 1846 94 42 quod
1515 1846 117 42 deitas
1597 1846 82 42 non
1644 1846 82 42 est
1691 1846 164 42 sapientia:
1820 1846 106 42 sicut
1890 1846 82 42 non
1937 1846 82 42 est
1973 1846 70 42 for-

1117 1888 155 55 malitas
1230 1888 198 55 sapientie:
1385 1888 85 55 et
1427 1888 113 55 quod
1498 1888 127 55 sicut
1583 1888 141 55 deitas
1681 1888 99 55 non
1738 1888 99 55 est
1794 1888 198 55 formalitas
1935 1888 99 55 sapi-

1127 1933 118 49 entie
1205 1933 91 49 per
1258 1933 209 49 identitatem:
1427 1933 78 49 eo
1466 1933 104 49 quod
1532 1933 91 49 non
1584 1933 91 49 est
1636 1933 118 49 eadem
1715 1933 118 49 sibi:
1793 1933 78 49 et
1832 1933 196 49 impossibile
1976 1933 65 49 est

1122 1975 92 49 hoc
1174 1975 105 49 esse
1240 1975 118 49 illud
1318 1975 92 49 per
1371 1975 197 49 identitatem
1528 1975 105 49 nisi
1594 1975 92 49 hoc
1646 1975 92 49 sit
1698 1975 105 49 idem
1764 1975 118 49 illi:
1842 1975 92 49 vel
1895 1975 79 49 si
1934 1975 92 49 hoc
1973 1975 66 49 sit

1119 2021 205 49 distinctum
1281 2021 88 49 ab
1325 2021 132 49 illo.
1412 2021 132 49 alias
1500 2021 147 49 posset
1603 2021 117 49 dici
1676 2021 117 49 quod
1750 2021 147 49 albedo
1852 2021 103 49 est
1896 2021 132 49 dulcedo

1132 2059 103 45 per
1191 2059 220 45 identitatem
1367 2059 103 45 seu
1426 2059 191 45 identice:
1572 2059 117 45 quod
1646 2059 103 45 non
1705 2059 103 45 est
1763 2059 117 45 nisi
1837 2059 132 45 abuti
1910 2059 132 45 vocabu-

1131 2106 87 57 lis:
1186 2106 65 57 et
1218 2106 240 57 inintelligibiliter
1426 2106 109 57 loqui:
1502 2106 131 57 sequitur
1600 2106 87 57 quod
1655 2106 109 57 deitas
1731 2106 76 57 non
1775 2106 76 57 est
1819 2106 142 57 sapientia
1928 2106 76 57 per
1961 2106 76 57 iden-

1120 2153 158 47 titatem:
1238 2153 92 47 aut
1291 2153 79 47 si
1330 2153 105 47 est:
1396 2153 92 47 non
1448 2153 92 47 est
1501 2153 118 47 tamen
1580 2153 105 47 illa
1646 2153 66 47 a
1672 2153 92 47 qua
1725 2153 223 47 distinguitur:
1909 2153 79 47 et
1948 2153 92 47 sic
1987 2153 53 47 vt

1124 2192 112 55 prius
1198 2192 125 55 plures
1286 2192 174 55 sapientiae
1423 2192 112 55 erunt
1497 2192 75 55 in
1535 2192 100 55 deo:
1597 2192 75 55 et
1634 2192 125 55 rursus
1722 2192 100 55 ista
1784 2192 162 55 sapientia
1896 2192 137 55 distincta

1129 2238 71 48 a
1157 2238 156 48 deitate
1271 2238 199 48 superuacue
1427 2238 99 48 ibi
1484 2238 170 48 ponitur:
1612 2238 85 48 ex
1654 2238 99 48 quo
1711 2238 142 48 deitas
1811 2238 99 48 est
1868 2238 142 48 quedam
1953 2238 85 48 alia

1119 2285 192 47 sapientia:
1270 2285 110 47 quod
1339 2285 137 47 dicere
1435 2285 137 47 nephas
1531 2285 110 47 est.
1599 2285 96 47 aut
1654 2285 96 47 per
1709 2285 123 47 illam
1791 2285 178 47 negatiuam
1928 2285 96 47 non
1969 2285 69 47 vis

1119 2324 162 52 denotare
1241 2324 122 52 talem
1323 2324 230 52 distinctionem
1512 2324 122 52 inter
1593 2324 162 52 deitatem
1715 2324 81 52 et
1756 2324 217 52 formalitatem
1918 2324 122 52 sapien-

1124 2366 100 46 tie:
1186 2366 87 46 sed
1236 2366 125 46 tantum
1323 2366 100 46 modo
1386 2366 187 46 significare
1536 2366 100 46 quod
1598 2366 100 46 ista
1660 2366 187 46 praedicatio
1810 2366 87 46 non
1860 2366 87 46 est
1898 2366 137 46 formalis:

1124 2408 121 43 deitas
1209 2408 85 43 est
1257 2408 169 43 sapientia:
1390 2408 85 43 ita
1438 2408 97 43 quod
1499 2408 73 43 ly
1535 2408 181 43 formalitas.
1680 2408 85 43 sit
1729 2408 194 43 determinatio
1874 2408 157 43 compositio-

1130 2455 96 52 nis:
1190 2455 72 52 et
1226 2455 96 52 tunc
1286 2455 132 52 habetur
1383 2455 181 52 propositum:
1527 2455 132 52 quantum
1624 2455 72 52 ad
1660 2455 84 52 hoc
1708 2455 96 52 quod
1768 2455 108 52 nulla
1840 2455 169 52 pluralitas
1961 2455 72 52 qua-

1136 2497 87 52 lis
1185 2497 112 52 dicta
1260 2497 87 52 est
1310 2497 137 52 ponitur
1410 2497 75 52 in
1448 2497 100 52 deo:
1510 2497 150 52 quicquid
1623 2497 87 52 sit
1673 2497 75 52 de
1710 2497 100 52 illa
1773 2497 212 52 praedicatione
1948 2497 75 52 an
1973 2497 62 52 sit

1129 2539 158 47 formalis
1248 2539 92 47 vel
1300 2539 106 47 non:
1366 2539 106 47 quia
1433 2539 79 47 de
1472 2539 92 47 hoc
1525 2539 92 47 non
1578 2539 185 47 inquiritur
1723 2539 92 47 pro
1776 2539 119 47 nunc.
1855 2539 66 47 ⁋
1882 2539 79 47 2o
1921 2539 92 47 aut
1961 2539 79 47 for-

1128 2583 129 43 malitas
1222 2583 164 43 sapientiae
1351 2583 141 43 praecise
1457 2583 141 43 secundum
1562 2583 70 43 se
1597 2583 117 43 sumpta
1679 2583 82 43 est
1726 2583 94 43 ipsa
1785 2583 152 43 sapientia
1902 2583 82 43 aut
1937 2583 106 43 aliquod

1121 2627 186 51 intrinsecum
1270 2627 174 51 sapientie:
1406 2627 112 51 quasi
1481 2627 162 51 sapientia
1605 2627 149 51 includat
1717 2627 99 51 suam
1779 2627 199 51 formalitatem
1941 2627 75 51 et
1966 2627 62 51 ali

1129 2672 128 58 quid
1209 2672 160 58 aliud:
1321 2672 144 58 iuxta
1418 2672 273 58 imaginationem
1642 2672 208 58 aliquorum
1786 2672 257 58 distinguentium

1132 2717 190 51 sapientiam
1282 2717 81 51 in
1322 2717 217 51 formalitates
1499 2717 81 51 et
1539 2717 203 51 realitatem:
1702 2717 149 51 tanquam
1810 2717 190 51 intrinseca
1946 2717 95 51 sibi:

1129 2759 91 47 aut
1181 2759 91 47 est
1233 2759 143 47 aliquod
1338 2759 196 47 extrinsecum
1494 2759 183 47 sapientie.
1638 2759 143 47 vltimum
1742 2759 104 47 dici
1807 2759 91 47 non
1859 2759 143 47 potest:
1951 2759 91 47 alias

1118 2807 90 48 nec
1170 2807 167 48 sapientia
1298 2807 77 48 et
1337 2807 129 48 simili
1427 2807 141 48 ratione
1530 2807 90 48 nec
1581 2807 129 48 aliqua
1671 2807 103 48 alia
1735 2807 90 48 res
1787 2807 116 48 esset
1864 2807 90 48 sua
1902 2807 129 48 quiditas

1118 2846 77 46 seu
1162 2846 99 46 illud
1228 2846 88 46 quod
1284 2846 88 46 ipsa
1339 2846 88 46 est:
1394 2846 88 46 quod
1449 2846 132 46 implicat
1548 2846 221 46 contradictionem.
1736 2846 99 46 Patet
1802 2846 177 46 consequentia
1935 2846 99 46 quoniam

1135 2890 180 48 interroganti
1281 2890 67 48 de
1315 2890 112 48 aliqua
1393 2890 67 48 re
1427 2890 90 48 quid
1483 2890 90 48 ipsa
1539 2890 90 48 est:
1596 2890 169 48 respondetur
1731 2890 79 48 per
1775 2890 191 48 diffinitionem
1933 2890 101 48 eius:
1989 2890 45 48 et

1145 2932 74 46 er
1182 2932 173 46 consequens
1318 2932 111 46 illud
1392 2932 99 46 ipsa
1453 2932 86 46 est
1503 2932 99 46 quod
1565 2932 173 46 significat
1700 2932 185 46 diffinitio.
1849 2932 86 46 Sed
1898 2932 86 46 per
1935 2932 99 46 forma-

1135 2971 154 64 litatem
1247 2971 168 64 secundum
1372 2971 126 64 istos
1456 2971 196 64 intelligit
1610 2971 126 64 ratio
1694 2971 210 64 quiditatiua
1861 2971 112 64 quam
1917 2971 112 64 signi-

1117 3019 132 52 ficat
1205 3019 161 52 propria
1323 3019 205 52 diffinitio
1484 3019 117 52 rei.
1557 3019 117 52 ergo
1630 3019 88 52 si
1674 3019 103 52 res
1733 3019 103 52 non
1792 3019 103 52 est
1850 3019 103 52 sua
1894 3019 147 52 formali
