2477 3542
379 239 93 53 tas
432 239 93 53 res
485 239 93 53 non
538 239 93 53 est
591 239 119 53 illud
670 239 106 53 quod
737 239 106 53 ipsa
803 239 106 53 est.
869 239 80 53 Si
909 239 119 53 autem
989 239 119 53 detur
1068 239 133 53 primum
1161 239 93 53 vel
1214 239 80 53 2m
1241 239 66 53 ni-

373 280 80 58 si
413 280 133 58 deitas
506 280 93 58 sit
560 280 107 58 illa
626 280 187 58 formalitas
773 280 187 58 sapientie:
920 280 107 58 siue
987 280 93 58 sit
1040 280 160 58 realitas
1147 280 160 58 sapientiae

382 334 107 45 siue
449 334 107 45 non.
516 334 161 45 sequitur
637 334 107 45 quod
704 334 134 45 deitas
798 334 94 45 non
852 334 94 45 est
905 334 188 45 sapientia.
1053 334 67 45 ⁋
1080 334 81 45 3o
1120 334 81 45 ad
1161 334 107 45 idem
1214 334 81 45 argu

382 369 128 60 potest
472 369 89 60 per
523 369 153 60 rationem
637 369 128 60 Ansel.
727 369 77 60 de
765 369 204 60 incarnatione
931 369 128 60 verbi.
1020 369 89 60 qua
1071 369 128 60 probat
1148 369 153 60 potestatem

387 421 96 46 dei
442 421 69 46 a
470 421 96 46 deo
524 421 96 46 non
579 421 192 46 distingui.
730 421 137 46 arguit
826 421 110 46 enim
894 421 110 46 sic.
963 421 96 46 aut
1018 421 164 46 potestas
1141 421 96 46 est
1196 421 96 46 deo
1237 421 55 46 ad

381 455 175 58 cidentalis:
521 455 82 58 aut
568 455 210 58 substantialis:
743 455 82 58 non
790 455 198 58 accidentalis:
953 455 93 58 quia
1012 455 82 58 cum
1058 455 93 58 omne
1117 455 152 58 subiectum
1222 455 70 58 sine

376 504 170 49 accidente
507 504 92 49 aut
559 504 105 49 esse
625 504 92 49 aut
677 504 170 49 intelligi
808 504 144 49 possit:
912 504 105 49 deus
978 504 105 49 sine
1043 504 170 49 potestate
1174 504 92 49 nec
1213 504 79 49 esse

383 550 86 50 nec
432 550 159 50 intelligi
554 550 135 50 potest.
652 550 73 50 Si
689 550 98 50 vero
750 550 196 50 substectalis
909 550 86 50 est
958 550 86 50 deo
1007 550 159 50 potestas:
1130 550 86 50 aut
1179 550 86 50 est
1216 550 73 50 paer

379 592 105 53 eius
445 592 171 53 essentie:
576 592 92 53 aut
629 592 92 53 est
682 592 79 53 id
721 592 118 53 ipsum
800 592 105 53 quod
866 592 92 53 est
918 592 105 53 eius
984 592 105 53 tota
1050 592 171 53 essentia:
1182 592 105 53 pars
1234 592 66 53 aut

378 632 85 55 non
426 632 97 55 est:
487 632 97 55 quia
548 632 109 55 supra
620 632 121 55 dictum
705 632 97 55 est:
766 632 97 55 quod
826 632 121 55 partes
911 632 121 55 habens
996 632 97 55 actu
1057 632 85 55 vel
1105 632 182 55 intellectum
1238 632 61 55 est

380 682 201 47 dissolubile:
544 682 100 47 quod
606 682 125 47 omnino
694 682 88 47 est
744 682 163 47 extraneum
870 682 63 47 a
895 682 100 47 deo.
957 682 100 47 idem
1020 682 100 47 ergo
1083 682 88 47 est
1133 682 151 47 essentia
1233 682 63 47 dei

374 723 72 49 et
410 723 145 49 potestas
519 723 109 49 eius.
591 723 85 49 hec
640 723 109 49 ipse.
712 723 85 49 Sic
760 723 121 49 arguit
845 723 72 49 de
881 723 169 49 potestate:
1014 723 85 49 ita
1062 723 72 49 de
1099 723 157 49 sapientia
1220 723 72 49 et
1244 723 48 49 iu

374 765 125 49 stitia
461 765 112 49 argui
536 765 137 49 potest.
636 765 62 49 ⁋
661 765 75 49 Si
698 765 137 49 dicatur
798 765 100 49 quod
860 765 150 49 potestas
973 765 87 49 est
1022 765 87 49 deo
1072 765 225 49 substantialis:
1247 765 50 49 vt

374 812 174 43 subsiectale
514 812 186 43 distinguitur
665 812 116 43 contra
746 812 186 43 accidentale:
897 812 81 43 non
944 812 105 43 autem
1013 812 70 43 vt
1048 812 151 43 accipitur
1164 812 81 43 pro
1199 812 93 43 essen-

381 849 103 57 tiali
449 849 69 57 vt
483 849 183 57 distinguitur
632 849 114 57 contra
712 849 149 57 quodlibet
826 849 91 57 quod
884 849 80 57 est
929 849 103 57 extra
998 849 183 57 quiditatiuam
1146 849 137 57 rationem
1238 849 57 57 ali

377 901 124 40 cuius.
463 901 87 40 sic
513 901 148 40 potestas
624 901 87 40 non
674 901 87 40 est
723 901 87 40 deo
772 901 223 40 substantialis.
958 901 111 40 Istud
1032 901 87 40 non
1082 901 136 40 impedit
1168 901 124 40 rationem

363 943 76 54 in
401 943 140 54 aliquo:
503 943 102 54 quia
567 943 115 54 adhuc
643 943 153 54 sequitur
758 943 102 54 quod
821 943 102 54 deus
885 943 127 54 possit
974 943 165 54 intelligi
1101 943 102 54 sine
1152 943 140 54 potestate

376 979 97 48 cum
432 979 97 48 res
487 979 167 48 qualibet
613 979 139 48 possit
710 979 181 48 intelligi
849 979 111 48 sine
919 979 181 48 quocumque
1058 979 125 48 exneo
1142 979 97 48 sue
1184 979 111 48 quidi-

374 1030 123 47 itati:
460 1030 74 47 et
496 1030 110 47 certe
570 1030 86 47 qua
619 1030 135 47 ratione
717 1030 123 47 posset
803 1030 159 47 intelligi
925 1030 98 47 sine
987 1030 172 47 potestate:
1121 1030 110 47 eadem
1183 1030 110 47 ratione

367 1059 107 61 sine
433 1059 160 61 bonitate
553 1059 80 61 et
593 1059 173 61 sapientia
727 1059 80 61 et
767 1059 107 61 vita
834 1059 80 61 et
874 1059 187 61 intellectu
1020 1059 80 61 et
1060 1059 107 61 omni
1114 1059 173 61 perfectione

373 1116 206 50 significata
538 1116 96 50 per
593 1116 151 50 aliquod
703 1116 206 50 attributum:
867 1116 96 50 sed
922 1116 96 50 hoc
977 1116 96 50 est
1032 1116 178 50 absurdum.
1169 1116 96 50 Tum
1211 1116 82 50 quia

369 1157 140 52 secundum
474 1157 81 52 hoc
521 1157 151 52 divinitas
637 1157 93 52 ipsa
695 1157 81 52 non
741 1157 105 52 esset
811 1157 116 52 aliqua
893 1157 151 52 perfectio
1009 1157 209 52 essentialiter:
1183 1157 93 52 quod
1230 1157 58 52 est

366 1205 165 46 absurdum
490 1205 96 46 cum
545 1205 138 46 aliqua
641 1205 165 46 creatura
765 1205 96 46 sit
820 1205 234 46 essentialiter
1013 1205 110 46 viua
1082 1205 83 46 et
1123 1205 138 46 aliqua
1206 1205 96 46 essen

366 1249 178 47 tinaliter
503 1249 109 47 vita
571 1249 82 47 et
612 1249 219 47 intellectus.
790 1249 68 47 ⁋
817 1249 109 47 Item
886 1249 137 47 aliqua
982 1249 164 47 creatura
1105 1249 96 47 est
1159 1249 96 47 sua
1200 1249 96 47 pote-

378 1283 110 50 stas
447 1283 82 50 et
488 1283 96 50 sua
543 1283 137 50 virtus
639 1283 82 50 vt
680 1283 124 50 calor
763 1283 96 50 qui
818 1283 96 50 est
872 1283 137 50 virtus
969 1283 96 50 sua
1023 1283 220 50 calefactiua:
1202 1283 82 50 et
1229 1283 69 50 sic

371 1328 78 50 de
410 1328 129 50 aliis.
500 1328 155 50 absurdum
617 1328 116 50 autem
695 1328 91 50 est
746 1328 78 50 vt
785 1328 155 50 creatura
902 1328 91 50 sit
953 1328 129 50 aliqua
1044 1328 181 50 perfectio:
1186 1328 78 50 et
1212 1328 78 50 deus

384 1379 98 43 non.
445 1379 61 43 ⁋
470 1379 74 43 4o
507 1379 98 43 sic.
568 1379 74 43 si
605 1379 111 43 detur
679 1379 111 43 talis
752 1379 172 43 distinctio
888 1379 147 43 sequitur
998 1379 98 43 quod
1060 1379 98 43 deus
1121 1379 86 43 non
1170 1379 74 43 eo
1207 1379 86 43 est
1244 1379 49 43 sa

374 1417 104 54 piens
444 1417 81 54 quo
490 1417 81 54 est
537 1417 104 54 deus:
606 1417 69 54 et
641 1417 81 54 per
687 1417 162 54 consequens
814 1417 104 54 neque
884 1417 69 54 eo
919 1417 81 54 quo
965 1417 93 54 est:
1023 1417 81 54 sed
1069 1417 93 54 alio
1127 1417 69 54 et
1162 1417 104 54 alio:
1220 1417 69 54 pate

376 1460 88 50 qui
427 1460 175 50 divinitate
564 1460 88 50 est
614 1460 75 50 et
652 1460 88 50 est
702 1460 113 50 deus:
777 1460 163 50 sapientia
902 1460 100 50 vero
964 1460 88 50 seu
1014 1460 188 50 formalitate
1152 1460 150 50 sapientiae

379 1502 92 52 que
432 1502 92 52 non
484 1502 92 52 est
537 1502 145 52 deitas:
643 1502 92 52 sed
696 1502 106 52 alia
762 1502 79 52 et
801 1502 172 52 distincta
933 1502 79 52 ab
973 1502 106 52 illa
1039 1502 92 52 est
1092 1502 158 52 sapiens:
1211 1502 79 52 et
1237 1502 53 52 si

371 1545 87 53 sic
420 1545 149 53 sequitur
532 1545 149 53 vlterius
644 1545 100 53 quod
707 1545 100 53 deus
769 1545 87 53 non
819 1545 87 53 est
869 1545 125 53 omnino
956 1545 149 53 simplex:
1068 1545 100 53 quod
1130 1545 87 53 est
1167 1545 125 53 erroneum

381 1596 63 50 vt
413 1596 95 50 patet
476 1596 95 50 extra
539 1596 63 50 de
571 1596 84 50 sum.
623 1596 84 50 tri.
676 1596 63 50 et
708 1596 74 50 fi.
750 1596 84 50 cau.
802 1596 137 50 firmiter.
907 1596 63 50 Et
939 1596 126 50 capitulo
1034 1596 74 50 est
1076 1596 137 50 sequenti.
1181 1596 63 50 et
1202 1596 105 50 secundum

385 1637 102 48 omnes
453 1637 125 48 sanctos
543 1637 68 48 et
577 1637 181 48 philosophos.
725 1637 181 48 consequentia
872 1637 102 48 patet
940 1637 79 48 per
986 1637 91 48 Aug.
1042 1637 68 48 7.
1076 1637 68 48 de
1110 1637 91 48 tri.
1167 1637 79 48 vbi
1201 1637 102 48 directe

373 1674 104 52 hanc
438 1674 208 52 conclusionem
607 1674 78 52 ex
645 1674 182 52 intentione
788 1674 130 52 probat
879 1674 91 52 sic
931 1674 143 52 dicens.
1035 1674 78 52 si
1074 1674 117 52 patri
1151 1674 91 52 non
1203 1674 91 52 est
1242 1674 65 52 hoc

377 1720 118 53 esse
451 1720 118 53 quod
525 1720 147 53 sapere
628 1720 103 53 non
687 1720 103 53 ibi
746 1720 118 53 erit
820 1720 103 53 iam
878 1720 133 53 summa
967 1720 221 53 simplicitas
1144 1720 88 53 et
1188 1720 103 53 mox
1232 1720 74 53 de-

374 1763 130 43 struit
465 1763 182 43 consequens
608 1763 91 43 sed
660 1763 117 43 absit
738 1763 130 43 inquit
829 1763 78 43 vt
867 1763 91 43 ita
919 1763 104 43 sit.
984 1763 104 43 quia
1049 1763 91 43 ibi
1101 1763 91 43 est
1153 1763 104 43 vere
1205 1763 91 43 summa

385 1807 203 51 simpliciter
548 1807 176 51 essentia.
683 1807 81 51 et
724 1807 81 51 ex
764 1807 95 51 hoc
818 1807 135 51 statim
913 1807 122 51 nullo
994 1807 203 51 interposito
1157 1807 135 51 infert
1238 1807 54 51 op

374 1849 127 58 positum
467 1849 196 58 antecedentis.
628 1849 115 58 dicens
709 1849 81 58 hoc
755 1849 92 58 ergo
812 1849 81 58 est
859 1849 81 58 ibi
905 1849 92 58 esse
962 1849 92 58 quod
1020 1849 127 58 sapere:
1112 1849 69 58 et
1147 1849 104 58 paulo
1216 1849 92 58 post
1262 1849 46 58 ex

374 1900 138 47 ponit
466 1900 122 47 quod
542 1900 138 47 dixit
634 1900 260 47 inconueniens.
848 1900 122 47 Quid
925 1900 122 47 enim
1001 1900 138 47 aliud
1093 1900 184 47 dicimus:
1215 1900 77 47 cum

369 1935 149 48 dicimus
478 1935 95 48 hoc
532 1935 108 48 illi
600 1935 95 48 est
654 1935 108 48 esse
722 1935 108 48 quod
789 1935 149 48 sapere:
898 1935 108 48 nisi
965 1935 81 48 eo
1006 1935 95 48 est
1060 1935 95 48 quo
1114 1935 176 48 sapientia
1236 1935 68 48 et.

377 1980 86 55 hec
426 1980 110 55 omnia
499 1980 86 55 ita
548 1980 110 55 clare
622 1980 159 55 continent
744 1980 171 55 propositum
879 1980 73 55 vt
915 1980 110 55 nulla
989 1980 86 55 sit
1038 1980 159 55 expositio
1148 1980 159 55 necessaria.

372 2023 70 54 ⁋
400 2023 84 54 5o
442 2023 168 54 sequitur
568 2023 112 54 quod
638 2023 154 54 aliquod
750 2023 84 54 de
792 2023 98 54 deo
847 2023 140 54 dictum
945 2023 70 54 a
973 2023 84 54 se
1015 2023 98 54 seu
1071 2023 98 54 non
1127 2023 168 54 relatiue
1239 2023 56 54 si

379 2072 200 53 gnificaret
536 2072 157 53 aliquid
650 2072 114 53 quod
721 2072 114 53 ipsa
793 2072 143 53 deitas
893 2072 86 53 in
936 2072 86 53 se
979 2072 171 53 haberet:
1107 2072 86 53 et
1150 2072 129 53 illud
1221 2072 86 53 ipsa

381 2112 93 50 non
434 2112 133 50 esset.
527 2112 93 50 Nam
580 2112 146 50 sapiens
686 2112 146 50 diciter
792 2112 80 50 de
832 2112 93 50 deo
885 2112 80 50 ad
925 2112 80 50 se
965 2112 80 50 et
1005 2112 186 50 significat
1151 2112 93 50 dei
1191 2112 106 50 sapien

382 2159 113 43 tiam
452 2159 99 43 seu
509 2159 183 43 sapientie
650 2159 226 43 formalitatem
833 2159 99 43 qua
889 2159 113 43 deus
960 2159 155 43 sapiens
1073 2159 113 43 est:
1143 2159 113 43 hanc
1199 2159 99 43 autem

384 2201 196 49 formalitatem
543 2201 147 49 deitatis
653 2201 122 49 habet.
738 2201 73 49 et
775 2201 147 49 secundum
885 2201 159 49 hypotesim
1007 2201 86 49 non
1056 2201 86 49 est
1105 2201 110 49 ipsa.
1179 2201 98 49 ergo
1228 2201 73 49 ipsa

393 2246 119 46 beitas
476 2246 83 46 non
524 2246 83 46 est
572 2246 107 46 summe
643 2246 143 46 simplex.
750 2246 107 46 patet
821 2246 190 46 consequentia
976 2246 83 46 per
1023 2246 95 46 Aug.
1083 2246 71 46 i.
1119 2246 71 46 de
1154 2246 83 46 ci.
1202 2246 95 46 dei.
1249 2246 48 46 et

390 2282 149 57 allegatur
504 2282 92 57 eius
561 2282 114 57 dictum
641 2282 80 57 in.
687 2282 114 57 dicens
767 2282 160 57 praesunti.
893 2282 80 57 ait
939 2282 92 57 enim
996 2282 69 57 In
1030 2282 80 57 quo
1076 2282 114 57 paiter
1156 2282 69 57 ad
1179 2282 126 57 semetipum

380 2328 116 45 dicit
457 2328 90 45 non
509 2328 77 45 ad
548 2328 142 45 alterum
651 2328 90 45 hoc
702 2328 90 45 est
754 2328 103 45 quod
818 2328 129 45 habet.
908 2328 77 45 ad
947 2328 155 45 semetipe
1063 2328 142 45 dicitur
1166 2328 116 45 viuus
1231 2328 64 45 ha-

387 2366 109 57 bendo
460 2366 121 57 vitam:
544 2366 73 57 et
581 2366 109 57 eadem
653 2366 97 57 vita
714 2366 97 57 ipse
774 2366 97 57 est.
835 2366 133 57 propter
932 2366 85 57 hoc
980 2366 121 57 vtique
1065 2366 121 57 natura
1150 2366 133 57 dicitur
1234 2366 61 57 sim

383 2417 118 52 plex
457 2417 103 52 cui
516 2417 103 52 non
574 2417 103 52 sit
633 2417 162 52 aliquid
751 2417 147 52 habere
854 2417 103 52 vel
913 2417 118 52 quod
986 2417 147 52 possit
1089 2417 191 52 amittere:
1221 2417 74 52 ve-

380 2465 111 44 aliud
454 2465 87 44 sit
503 2465 124 44 habens
590 2465 111 44 aliud
664 2465 99 44 quod
726 2465 124 44 habet.
812 2465 74 44 Et
849 2465 111 44 Isid.
924 2465 74 44 vt
961 2465 111 44 etiam
1035 2465 136 44 magitur
1134 2465 148 44 allegat.
1233 2465 49 44 de

389 2508 136 47 dicitur
488 2508 149 47 simplex:
599 2508 99 47 quia
661 2508 87 47 non
710 2508 111 47 aliud
785 2508 87 47 est
834 2508 99 47 ipse
896 2508 74 47 et
933 2508 111 47 aliud
1007 2508 99 47 quod
1069 2508 74 47 in
1106 2508 99 47 ipso
1168 2508 99 47 est.
1230 2508 62 47 ⁋
1243 2508 50 47 6o

388 2546 81 49 si
428 2546 94 49 hec
482 2546 148 49 entitas
589 2546 94 49 non
643 2546 94 49 est
697 2546 121 49 illa:
777 2546 81 49 vt
817 2546 121 49 dicit
898 2546 107 49 ille
965 2546 107 49 doc.
1032 2546 201 49 demonstrata
1194 2546 81 49 in
1220 2546 81 49 sub-

384 2588 122 54 iecto
466 2588 203 54 formalitate
628 2588 176 54 sapientie
764 2588 81 54 et
804 2588 81 54 in
845 2588 190 54 praedicato
994 2588 108 54 ipsa
1062 2588 203 54 divinitate.
1211 2588 81 54 ergo

388 2636 94 47 hec
441 2636 148 47 entitas
549 2636 94 47 est
603 2636 175 47 creatura:
738 2636 81 47 et
778 2636 94 47 sic
832 2636 135 47 aliqua
927 2636 162 47 creatura
1048 2636 94 47 est
1102 2636 81 47 in
1142 2636 94 47 deo
1196 2636 81 47 et
1223 2636 81 47 eter

383 2676 82 56 na:
430 2676 82 56 que
477 2676 128 56 erronea
570 2676 70 56 et
605 2676 163 56 falsissima
733 2676 105 56 sunt.
803 2676 187 56 consequentia
955 2676 117 56 patet.
1037 2676 93 56 quia
1095 2676 105 56 omnis
1165 2676 128 56 entitas
1247 2676 58 56 qua

394 2720 103 53 peus
458 2720 90 53 non
510 2720 103 53 est:
574 2720 154 53 creatura
689 2720 103 53 est.
753 2720 77 53 et
791 2720 115 53 patet
868 2720 90 53 per
920 2720 103 53 Aug.
984 2720 115 53 primo
1061 2720 77 53 de
1099 2720 103 53 tri.
1163 2720 90 53 vbi
1201 2720 103 53 volens

389 2760 142 58 probare
493 2760 129 58 filium
583 2760 91 58 dei
635 2760 103 58 esse
699 2760 116 58 verum
777 2760 103 58 deum
842 2760 129 58 probat
932 2760 116 58 primo
1010 2760 116 58 ipsum
1087 2760 91 58 non
1139 2760 103 58 esse
1191 2760 116 58 factum:

383 2814 78 45 et
422 2814 104 45 tunc
487 2814 129 45 arguit
577 2814 104 45 sic.
642 2814 78 45 si
681 2814 129 45 factus
771 2814 91 45 non
823 2814 104 45 est:
888 2814 155 45 creatura
1004 2814 91 45 non
1056 2814 104 45 est.
1121 2814 78 45 Si
1160 2814 116 45 autem
1224 2814 65 45 cre

390 2850 90 51 tura
446 2850 79 51 non
491 2850 90 51 est:
548 2850 124 51 eiusdem
638 2850 79 51 cum
683 2850 102 51 patre
751 2850 135 51 subiecte
852 2850 90 51 est.
909 2850 102 51 omnis
976 2850 102 51 autem
1044 2850 135 51 subiecta
1145 2850 79 51 que
1190 2850 90 51 deus
1236 2850 56 51 non

399 2892 100 53 est:
461 2892 150 53 creatura
573 2892 100 53 est:
635 2892 75 53 et
673 2892 87 53 que
723 2892 150 53 creatura
835 2892 87 53 non
885 2892 100 53 est:
947 2892 100 53 deus
1009 2892 100 53 est.
1072 2892 75 53 et
1109 2892 75 53 si
1146 2892 87 53 non
1196 2892 87 53 est
1234 2892 62 53 fi-

392 2943 95 47 lius
451 2943 130 47 eiusdem
546 2943 142 47 subiecte
653 2943 107 47 cuius
724 2943 83 47 est
771 2943 130 47 paiter.
866 2943 95 47 ergo
925 2943 107 47 facta
996 2943 142 47 subiecta
1103 2943 83 47 est
1150 2943 95 47 etc.
1197 2943 107 47 accipit

395 2982 111 50 autem
469 2982 161 50 subiectam
593 2982 87 50 pro
642 2982 149 50 essentia
754 2982 173 50 communiter
890 2982 87 50 vel
939 2982 161 50 entitate:
1063 2982 111 50 alias
1137 2982 74 50 vt
1174 2982 111 50 patet
1236 2982 62 50 non

391 3022 226 61 sufficienter
575 3022 170 61 probaret
702 3022 99 61 eum
759 3022 113 61 esse
829 3022 113 61 vnum
900 3022 99 61 cum
956 3022 127 61 patre
1041 3022 127 61 deum.
1126 3022 113 61 Item
1197 3022 113 61 idem
1253 3022 57 61 de

1337 237 177 51 moribus
1465 237 209 51 ecclesie.
1626 237 129 51 omne
1707 237 177 51 inquit.
1835 237 129 51 quod
1915 237 112 51 est
1980 237 112 51 aut
2044 237 129 51 deus
2124 237 112 51 aut
2173 237 112 51 crea-

1346 281 121 53 tura
1422 281 121 53 est.
1497 281 76 53 ⁋
1527 281 91 53 7o
1573 281 121 53 idem
1648 281 136 53 probo
1739 281 91 53 ex
1785 281 151 53 dictis
1891 281 182 53 propriis
2027 281 212 53 opinantis:
2193 281 121 53 ipse

1344 326 136 45 namque
1440 326 82 45 in
1481 326 109 45 suis
1549 326 136 45 repor.
1644 326 204 45 pariensien.
1808 326 109 45 lib.
1876 326 123 45 primo
1958 326 123 45 dicit
2040 326 164 45 expresse
2162 326 109 45 quod
2217 326 68 45 vi-

1340 368 87 50 ta
1384 368 261 50 intellectualis
1602 368 102 50 seu
1660 368 290 50 intellectualitas
1907 368 102 50 est
1965 368 87 50 de
2008 368 102 50 per
2066 368 87 50 se
2095 368 189 50 quiditatiua

1341 403 74 53 et
1378 403 136 53 formali
1477 403 136 53 ratione
1576 403 148 53 essentie
1687 403 136 53 divine.
1786 403 74 53 et
1823 403 124 53 probat
1909 403 87 53 per
1959 403 99 53 hoc:
2021 403 136 53 quoniam
2120 403 99 53 quod
2169 403 99 53 potest

1343 447 125 60 inquit
1431 447 100 60 idem
1494 447 100 60 esse
1556 447 125 60 alicui
1644 447 88 60 non
1694 447 88 60 est
1744 447 213 60 perfectissime
1920 447 75 60 in
1957 447 113 60 illo:
2033 447 100 60 nisi
2095 447 88 60 sit
2145 447 75 60 de
2170 447 88 60 ratio

1335 492 92 62 ne
1381 492 229 62 quiditatiua
1564 492 92 62 et
1609 492 107 62 sit
1670 492 214 62 intrinsece
1838 492 122 62 sibi
1914 492 137 62 idem.
1991 492 275 62 Intellectualitas

1350 535 111 54 autem
1424 535 210 54 perfectissime
1597 535 86 54 deo
1646 535 161 54 conuenit.
1770 535 124 54 igitur
1856 535 99 54 etc.
1918 535 99 54 ergo
1980 535 247 54 intellectualitas
2178 535 86 54 patet

1343 577 87 55 eum
1392 577 87 55 non
1442 577 87 55 est
1492 577 175 55 formalitas
1629 577 162 55 distincta
1754 577 62 55 a
1779 577 125 55 divina
1866 577 162 55 essentia.
1991 577 75 55 et
2028 577 87 55 per
2078 577 175 55 consequens
2203 577 62 55 nec

1341 628 180 52 intellectus
1485 628 84 52 aut
1533 628 156 52 sapientia
1653 628 84 52 aut
1701 628 132 52 aliquid
1797 628 168 52 huiusmodi:
1928 628 108 52 alias
2000 628 84 52 non
2048 628 204 52 perfectissime
2204 628 60 52 deo

1349 675 213 44 conuenirent:
1522 675 80 44 vt
1562 675 107 44 ipse
1629 675 93 44 met
1682 675 160 44 fatetur.
1802 675 67 44 ⁋
1828 675 120 44 Item.
1908 675 133 44 dicens
2002 675 67 44 4
2028 675 67 44 .
2055 675 147 44 eiusdem
2148 675 107 44 repor-

1345 709 76 57 in
1383 709 190 57 responsione
1535 709 76 57 ad
1573 709 89 57 2am
1624 709 76 57 q.
1662 709 114 57 dicit
1738 709 101 57 quod
1801 709 139 57 numquam
1902 709 190 57 praedicatio
2054 709 76 57 in
2092 709 164 57 abstracto
2206 709 63 57 est

1350 752 99 57 vera:
1416 752 88 57 nisi
1471 752 77 57 sit
1516 752 99 57 primo
1582 752 88 57 modo
1637 752 77 57 per
1681 752 77 57 se:
1725 752 66 57 et
1758 752 77 57 per
1802 752 155 57 consequens
1924 752 166 57 quiditatiua
2056 752 132 57 secundum
2156 752 88 57 eum.
2200 752 66 57 ergo

1333 807 88 45 vel
1384 807 100 45 illa
1446 807 88 45 non
1497 807 88 45 est
1547 807 113 45 vera:
1622 807 163 45 divinitas
1748 807 88 45 est
1798 807 176 45 sapientia:
1936 807 100 45 quod
1998 807 88 45 nec
2049 807 100 45 ipse
2111 807 88 45 nec
2149 807 113 45 aliquis

1339 842 176 56 theologus
1475 842 162 56 diceret:
1596 842 95 56 vel
1650 842 95 56 est
1704 842 203 56 quiditatiua
1866 842 81 56 et
1907 842 122 56 primo
1988 842 108 56 modo
2055 842 95 56 per
2109 842 95 56 se:
2163 842 81 56 et
2190 842 68 56 per

1345 894 161 45 consequens
1472 894 150 45 sapientia
1587 894 81 45 non
1633 894 81 45 est
1679 894 92 45 alia
1737 894 161 45 formalitas
1864 894 58 45 a
1887 894 173 45 divinitate.
2025 894 58 45 ⁋
2048 894 81 45 hec
2094 894 150 45 conclusio
2197 894 58 45 pro

1335 931 125 49 batur
1418 931 250 49 auctoritatibus
1627 931 125 49 adhuc
1710 931 153 49 praeter
1821 931 180 49 allegatas
1960 931 83 49 in
2001 931 194 49 rationibus
2154 931 97 49 iam
2196 931 69 49 fa-

1343 973 114 54 ctis.
1420 973 89 54 ait
1470 973 102 54 enim
1534 973 102 54 Aug.
1598 973 89 54 15.
1648 973 76 54 de
1687 973 102 54 tri.
1750 973 89 54 non
1801 973 102 54 enim
1864 973 153 54 percepit
1979 973 102 54 deus
2042 973 178 54 sapientiam
2182 973 89 54 qua
2220 973 64 54 est

1337 1024 139 42 esset
1429 1024 185 42 sapiens:
1567 1024 108 42 sed
1629 1024 123 42 ipse
1706 1024 200 42 sapientia
1860 1024 123 42 est.
1937 1024 77 42 ⁋
1968 1024 123 42 Item
2045 1024 139 42 Grego
2137 1024 92 42 10
2168 1024 92 42 mor-

1338 1066 130 47 super
1424 1066 101 47 io.
1482 1066 101 47 Qui
1540 1066 130 47 autem
1627 1066 174 47 nouerunt
1757 1066 101 47 eum
1815 1066 174 47 ignorant
1946 1066 116 47 dies
2018 1066 159 47 illius:
2134 1066 101 47 ait
2177 1066 87 47 sic.

1344 1109 96 48 Deus
1404 1109 120 48 namque
1488 1109 84 48 hoc
1536 1109 84 48 est
1584 1109 96 48 quod
1644 1109 120 48 habet:
1728 1109 180 48 eternitatem
1873 1109 120 48 quippe
1957 1109 120 48 habet:
2041 1109 84 48 sed
2089 1109 96 48 ipse
2149 1109 84 48 est
2185 1109 60 48 ete

1345 1154 123 47 nitas.
1431 1154 110 47 lucem
1504 1154 98 47 enim
1565 1154 110 47 habet
1639 1154 74 47 id
1676 1154 86 47 est
1725 1154 184 47 sapientiam:
1872 1154 86 47 sed
1921 1154 86 47 lux
1970 1154 86 47 sua
2019 1154 98 47 ille
2080 1154 98 47 est.
2129 1154 123 47 clarita-

1342 1193 89 54 tem
1393 1193 128 54 habet:
1483 1193 89 54 sed
1534 1193 102 54 ipse
1597 1193 89 54 est
1648 1193 153 54 claritas
1763 1193 102 54 sua:
1827 1193 89 54 non
1878 1193 89 54 est
1929 1193 102 54 ergo
1993 1193 77 54 in
2031 1193 89 54 deo
2082 1193 115 54 aliud
2159 1193 102 54 esse
2210 1193 51 54 et

1340 1236 142 53 aliud
1435 1236 173 53 habere:
1561 1236 126 53 huic
1639 1236 205 53 concordat
1797 1236 157 53 Ansel.
1907 1236 157 53 mogio.
2017 1236 94 53 Si
2065 1236 126 53 ergo
2143 1236 142 53 summa
2222 1236 63 53 6t

1342 1278 132 55 natura
1434 1278 92 55 non
1487 1278 92 55 est
1539 1278 132 55 iusta:
1631 1278 105 55 nisi
1697 1278 92 55 per
1750 1278 184 55 iustitiam:
1895 1278 92 55 nec
1947 1278 118 55 iusta
2026 1278 132 55 potest
2118 1278 105 55 esse
2171 1278 92 55 nisi-

1344 1320 97 60 per
1400 1320 97 60 se.
1455 1320 111 60 quid
1525 1320 70 60 m
1553 1320 111 60 agis
1623 1320 209 60 conspicuum:
1790 1320 111 60 quid
1859 1320 125 60 magis
1943 1320 209 60 necessarium
2110 1320 111 60 quam
2165 1320 84 60 quod

1344 1367 131 51 eadem
1432 1367 145 51 natura
1534 1367 102 51 est
1592 1367 116 51 ipsa
1665 1367 189 51 iustitia:
1810 1367 87 51 Et
1854 1367 160 51 subdit.
1970 1367 204 51 Quapropter
2130 1367 87 51 si
2159 1367 102 51 quae-

1346 1415 116 45 ratur
1423 1415 103 45 quid
1487 1415 90 45 sit
1539 1415 103 45 illa
1603 1415 116 45 summa
1680 1415 128 45 natura
1770 1415 103 45 quid
1834 1415 128 45 verius
1924 1415 180 45 respondet:
2065 1415 103 45 quam
2117 1415 141 45 iustitia:

1341 1454 100 50 Sed
1398 1454 158 50 constat
1513 1454 115 50 quod
1584 1454 129 50 omnes
1670 1454 129 50 tales
1756 1454 258 50 praedicationes
1971 1454 86 50 in
2014 1454 186 50 abstracto
2143 1454 115 50 essent

1341 1499 133 50 false
1430 1499 148 50 posita
1533 1499 118 50 tali
1607 1499 237 50 distinctione
1800 1499 177 50 formali:
1933 1499 104 50 cum
1992 1499 133 50 nihil
2081 1499 104 50 sit
2140 1499 133 50 illud
2214 1499 44 50 a

1345 1543 92 48 quo
1398 1543 224 48 distinguitur.
1582 1543 119 48 ergo.
1661 1543 66 48 ⁋
1687 1543 211 48 Confirmatur.
1859 1543 105 48 quia
1924 1543 105 48 tunc
1990 1543 92 48 non
2043 1543 145 48 proprie
2148 1543 105 48 deus
2201 1543 66 48 di-

1350 1588 151 47 ceretur
1460 1588 110 47 esse
1528 1588 164 47 iustitia
1652 1588 96 47 vel
1707 1588 192 47 sapientia:
1857 1588 96 47 sed
1912 1588 137 47 habere
2008 1588 178 47 iustitiam
2132 1588 123 47 econtra

1341 1625 177 57 clamante
1474 1625 148 57 Ansel.
1578 1625 103 57 vbi
1637 1625 162 57 proximo
1755 1625 133 57 summa
1843 1625 148 57 natura
1947 1625 103 57 non
2006 1625 162 57 proprie
2109 1625 148 57 dicitur:

1352 1671 99 53 qui
1408 1671 127 53 habet
1493 1671 198 53 iustitiam:
1649 1671 99 53 sed
1705 1671 113 53 quia
1776 1671 155 53 existit
1889 1671 184 53 iustitia.
2030 1671 71 53 ⁋
2058 1671 85 53 Ad
2101 1671 99 53 hoc
2143 1671 113 53 quoque

1339 1724 97 45 est
1395 1724 195 45 auctoritas
1548 1724 181 45 Commenta.
1686 1724 97 45 12.
1742 1724 125 45 meta.
1825 1724 97 45 vbi
1881 1724 139 45 dicit.
1978 1724 111 45 quod
2048 1724 111 45 deus
2117 1724 97 45 est
2159 1724 125 45 sapiens

1339 1759 78 56 et
1378 1759 117 56 viuus
1456 1759 78 56 et
1495 1759 156 56 scientia
1613 1759 78 56 et
1652 1759 104 56 vita
1717 1759 143 56 proprie
1821 1759 156 56 dicuntur
1938 1759 78 56 de
1977 1759 91 56 eo.
2029 1759 78 56 et
2069 1759 117 56 infra
2147 1759 117 56 dicit
2212 1759 52 56 in

1352 1801 128 55 eodem
1437 1801 170 55 commento
1565 1801 114 55 quod
1636 1801 85 55 in
1678 1801 156 55 talibus
1792 1801 284 55 praedicationibus
2033 1801 142 55 nullus
2132 1801 128 55 modus
2203 1801 71 55 est

1350 1849 97 47 quo
1406 1849 222 47 distinguatur
1586 1849 208 47 praedicatum
1753 1849 69 47 a
1781 1849 167 47 subiecto
1906 1849 83 47 et
1947 1849 181 47 disposito
2086 1849 125 47 extra
2156 1849 111 47 intel-

1353 1889 119 47 lectum
1437 1889 143 47 scilicet
1544 1889 72 47 in
1580 1889 143 47 essentia
1688 1889 84 47 rei
1735 1889 108 47 verba
1807 1889 108 47 omnia
1879 1889 84 47 sua
1927 1889 108 47 sunt.
1998 1889 60 47 ⁋
2022 1889 84 47 2am
2070 1889 191 47 conclusionem
2213 1889 72 47 pro-

1348 1933 86 54 bo
1391 1933 130 54 primo
1477 1933 115 54 sic.
1549 1933 86 54 si
1593 1933 144 54 essent
1693 1933 130 54 tales
1780 1933 231 54 perfectiones
1967 1933 86 54 in
2010 1933 101 54 deo
2068 1933 187 54 distincte
2198 1933 86 54 ali-

1346 1975 88 55 que
1397 1975 175 55 entitates:
1534 1975 100 55 deus
1597 1975 88 55 non
1647 1975 113 55 esset
1722 1975 113 55 summe
1797 1975 150 55 simplex.
1910 1975 113 55 probo
1985 1975 213 55 consequentia.
2160 1975 113 55 primo
2222 1975 63 55 erg

1345 2024 78 48 ex
1384 2024 183 48 intentione
1528 2024 130 48 Ansel.
1619 2024 183 48 monologio.
1762 2024 91 48 sic
1815 2024 183 48 arguentis.
1958 2024 91 48 cum
2010 2024 117 48 summa
2088 2024 130 48 natura
2167 2024 91 48 nullo

1346 2068 95 45 modo
1406 2068 155 45 composita
1525 2068 95 45 sit:
1584 2068 71 45 et
1620 2068 107 45 tamen
1691 2068 95 45 omni
1751 2068 95 45 modo
1810 2068 83 45 tot
1858 2068 95 45 illa
1917 2068 95 45 bona
1977 2068 95 45 sit:
2036 2068 131 45 necesse
2131 2068 83 45 est
2179 2068 71 45 vt
2203 2068 59 45 il-

1340 2104 74 54 la
1377 2104 111 54 omnia
1451 2104 87 54 non
1500 2104 124 54 plura:
1587 2104 87 54 sed
1636 2104 99 54 vnum
1698 2104 111 54 sint.
1772 2104 99 54 idem
1834 2104 99 54 ergo
1896 2104 87 54 est
1946 2104 161 54 quodlibet
2069 2104 99 54 vnum
2131 2104 111 54 eorum
2193 2104 74 54 quod

1349 2150 122 53 omnia:
1434 2150 98 53 siue
1495 2150 110 53 simul
1569 2150 98 53 siue
1630 2150 147 53 singula:
1740 2150 73 53 vt
1776 2150 86 53 cum
1825 2150 134 53 dicitur
1923 2150 147 53 iustitia
2033 2150 86 53 vel
2082 2150 159 53 essentia:
2192 2150 73 53 idem

1351 2193 178 53 significat
1491 2193 102 53 quod
1554 2193 102 53 alia
1618 2193 89 53 vel
1669 2193 114 53 omnia
1745 2193 114 53 simul
1821 2193 89 53 vel
1872 2193 152 53 singula.
1986 2193 76 53 Ex
2024 2193 89 53 his
2075 2193 114 53 patet
2151 2193 102 53 quod
2202 2193 63 53 hac

1355 2241 196 46 consequentia
1514 2241 123 46 vtitur
1600 2241 123 46 Ansel.
1686 2241 74 46 si
1722 2241 110 46 summa
1796 2241 123 46 natura
1882 2241 86 46 est
1931 2241 147 46 simplex:
2041 2241 98 46 illa
2102 2241 98 46 bona
2164 2241 86 46 non
2200 2241 74 46 sunt

1348 2283 126 52 plura.
1437 2283 101 52 ergo
1500 2283 76 52 ex
1538 2283 152 52 opposito
1652 2283 202 52 consequentis
1816 2283 76 52 si
1854 2283 101 52 sunt
1917 2283 114 52 plura
1993 2283 101 52 illa
2056 2283 88 52 nam
2106 2283 88 52 non
2157 2283 88 52 est
2195 2283 63 52 sim

1349 2330 122 51 plex.
1431 2330 68 51 ⁋
1458 2330 163 51 Probatur
1580 2330 95 51 est
1634 2330 163 51 ratione:
1756 2330 149 51 quoniam
1865 2330 81 51 de
1905 2330 149 51 ratione
2014 2330 176 51 simplicis
2136 2330 149 51 inquantum

1346 2370 146 51 simplex
1452 2370 106 51 est:
1518 2370 93 51 est
1571 2370 93 51 non
1624 2370 172 51 includere
1756 2370 119 51 plura
1835 2370 79 51 et
1875 2370 93 51 non
1928 2370 119 51 posse
2008 2370 119 51 actu:
2087 2370 93 51 aut
2140 2370 119 51 etiam
2206 2370 53 51 in

1345 2412 173 48 tellectu
1475 2412 87 48 in
1518 2412 130 48 plura
1605 2412 159 48 diuidi:
1720 2412 87 48 vt
1764 2412 130 48 dicit
1850 2412 145 48 Ansel.
1952 2412 87 48 de
1995 2412 173 48 incarna.
2125 2412 145 48 verbi.
2226 2412 87 48 et

1344 2454 82 50 P.
1385 2454 82 50 9.
1426 2454 123 50 meta.
1508 2454 136 50 cauins
1603 2454 82 50 de
1644 2454 109 50 vno.
1712 2454 82 50 et
1753 2454 177 50 commenta.
1890 2454 95 50 12.
1944 2454 123 50 meta.
2026 2454 123 50 dicit
2108 2454 109 50 quod
2162 2454 123 50 simplex

1353 2504 162 52 absolute
1475 2504 189 52 significat
1624 2504 216 52 indiuisibile
1799 2504 108 52 actu
1867 2504 81 52 et
1908 2504 176 52 potentia.
2043 2504 108 52 ergo
2110 2504 81 52 si
2137 2504 122 52 aliquid

1353 2541 80 50 est
1398 2541 126 50 diuisum
1490 2541 69 50 in
1524 2541 103 50 plura
1593 2541 80 50 seu
1639 2541 69 50 si
1673 2541 80 50 est
1719 2541 115 50 plura:
1800 2541 115 50 quorum
1880 2541 138 50 scilicet
1983 2541 80 50 non
2029 2541 149 50 quodlibet
2143 2541 80 50 est
2178 2541 80 50 ipsum

1346 2585 81 49 nec
1393 2585 128 49 aliquid
1486 2585 105 49 vnum:
1556 2585 151 49 indiuisum
1672 2585 116 49 omnino
1753 2585 81 49 est
1800 2585 151 49 quodlibet
1916 2585 140 49 illorum.
2021 2585 81 49 hoc
2067 2585 93 49 enim
2125 2585 93 49 modo
2172 2585 93 49 tantum

1362 2631 95 55 vere
1421 2631 131 55 dicitur
1516 2631 131 55 aliquid
1611 2631 95 55 esse
1671 2631 131 55 diuisum
1766 2631 71 55 in
1801 2631 119 55 plura.
1884 2631 95 55 vnde
1944 2631 83 55 non
1991 2631 142 55 obstante
2098 2631 95 55 quod
2157 2631 95 55 deus
2205 2631 59 55 est

1355 2674 139 56 trinitas
1460 2674 174 56 personarum:
1599 2674 81 56 non
1645 2674 104 56 tamen
1715 2674 128 56 diuisus
1808 2674 81 56 est
1854 2674 70 56 in
1889 2674 151 56 personas:
2005 2674 81 56 cum
2052 2674 151 56 quaelibet
2168 2674 81 56 sit
2202 2674 70 56 ipse

1363 2716 70 53 et
1398 2716 93 53 ipse
1456 2716 116 53 omnino
1538 2716 151 53 indiuisus
1654 2716 139 53 qualibet
1759 2716 81 53 est
1805 2716 116 53 earum.
1886 2716 70 53 Si
1921 2716 93 53 ergo
1979 2716 116 53 inquam
2061 2716 128 53 aliquid
2154 2716 81 53 est
2189 2716 81 53 diui-

1349 2759 97 54 sum
1404 2759 124 54 ipsum
1487 2759 97 54 non
1542 2759 97 54 est
1597 2759 165 54 simplex:
1721 2759 97 54 sed
1777 2759 83 54 si
1818 2759 97 54 sit
1873 2759 124 54 talis
1956 2759 179 54 multitudo
2080 2759 193 54 perfectionum

1360 2805 145 49 divinarum
1472 2805 101 49 extra
1539 2805 123 49 animam:
1628 2805 190 49 comprehendens
1784 2805 101 49 illas
1852 2805 78 49 est
1896 2805 123 49 diuisum
1986 2805 67 49 in
2019 2805 112 49 illas.
2097 2805 89 49 ergo
2153 2805 101 49 illud
2209 2805 56 49 non

1351 2856 89 44 est
1402 2856 153 44 simplex.
1517 2856 102 44 Quid
1580 2856 89 44 aut
1631 2856 127 44 potest
1721 2856 102 44 dici
1784 2856 115 44 illas
1861 2856 76 44 in
1899 2856 76 44 se
1937 2856 229 44 comprehendere:
2128 2856 102 44 nisi
2179 2856 89 44 deus:

1346 2896 94 48 deus
1405 2896 94 48 ergo
1464 2896 82 48 non
1511 2896 94 48 erit
1570 2896 141 48 simplex.
1675 2896 94 48 Nisi
1734 2896 106 48 forte
1805 2896 71 48 ad
1840 2896 82 48 hoc
1887 2896 141 48 dicatur:
1993 2896 94 48 quod
2051 2896 106 48 licet
2122 2896 153 48 quaelibet
2228 2896 35 48 a

1365 2937 147 55 quaelibet
1478 2937 90 55 alia
1534 2937 79 55 sit
1579 2937 124 55 diuisa:
1670 2937 147 55 quaelibet
1783 2937 102 55 tamen
1851 2937 79 55 est
1896 2937 90 55 ipse
1952 2937 90 55 deus
2009 2937 79 55 vel
2054 2937 124 55 aliquod
2145 2937 90 55 vnum
2201 2937 68 55 in
2224 2937 45 55 se

1356 2984 159 53 indiuisum
1478 2984 86 53 est
1527 2984 147 53 qualibet
1637 2984 147 53 illarum.
1748 2984 110 53 sicut
1821 2984 135 53 dicimus
1919 2984 73 53 de
1956 2984 147 53 personis
2066 2984 86 53 qua
2115 2984 110 53 inter
2189 2984 73 53 se
2213 2984 49 53 di

1346 3021 139 77 stincte
1448 3021 177 77 existentes
1587 3021 101 77 sunt
1650 3021 164 77 divinitas
1777 3021 76 77 et
1815 3021 89 77 vna
1865 3021 139 77 simplex
1966 3021 152 77 essentia
2080 3021 101 77 dei.
2143 3021 89 77 Sed
2181 3021 89 77 istud
