2475 3538
369 234 123 59 natur
452 234 123 59 talis
534 234 192 59 distinctio
685 234 192 59 principii:
836 234 110 59 fiue
904 234 110 59 non:
973 234 82 59 vt
1014 234 123 59 infra
1096 234 165 59 dicetur.
1220 234 69 59 ⁋
1247 234 82 59 Ad

361 278 120 51 aliam
441 278 201 51 probationem
601 278 120 51 dico:
682 278 107 51 quod
749 278 120 51 sicut
829 278 107 51 illa
896 278 94 51 nam
949 278 80 51 ex
989 278 80 51 se
1029 278 201 51 determinata
1190 278 94 51 est
1243 278 80 51 ad

367 321 94 56 tot
420 321 187 56 supposita:
567 321 94 56 ita
621 321 80 56 ad
661 321 94 56 tot
714 321 227 56 productiones:
901 321 94 56 nec
955 321 107 56 alia
1022 321 120 56 causa
1102 321 174 56 quaerenda
1222 321 67 56 est

367 366 96 53 nec
422 366 109 53 alia
490 366 137 53 potest
586 366 123 53 dari.
668 366 68 53 ⁋
695 366 82 53 Ad
736 366 96 53 3am
791 366 164 53 rationem
914 366 123 53 dico:
996 366 109 53 quod
1064 366 96 53 non
1118 366 123 53 video
1200 366 82 53 in
1228 366 68 53 quo

375 409 106 53 sensu
446 409 106 53 illud
517 409 165 53 antecedens
646 409 118 53 possit
729 409 94 53 esse
788 409 118 53 verum:
870 409 94 53 nisi
929 409 106 53 forte
1000 409 71 53 in
1035 409 94 53 vno.
1094 409 118 53 valet.
1177 409 71 53 si
1212 409 71 53 ly
1236 409 47 53 in

379 450 144 57 quantum
484 450 157 57 teneatur
602 450 236 57 specificatiue:
798 450 92 57 ita
851 450 105 57 quod
916 450 183 57 specificet
1060 450 157 57 rationem
1165 450 131 57 dicentem

376 495 98 55 quid
437 495 123 55 nomins
523 495 98 55 boni
585 495 74 55 et
622 495 111 55 veri:
696 495 74 55 et
732 495 160 55 denotetur
855 495 185 55 praedicatum
1003 495 98 55 esse
1065 495 74 55 de
1101 495 135 55 ratione
1188 495 98 55 illius

371 537 86 54 cui
420 537 148 54 additur:
531 537 74 54 et
568 537 74 54 de
604 537 98 54 illo
666 537 172 54 praedicari
801 537 74 54 in
838 537 98 54 prim
900 537 98 54 modo
961 537 135 54 dicendi
1060 537 86 54 per
1109 537 74 54 se
1146 537 74 54 et
1183 537 74 54 de
1207 537 74 54 ali-

375 582 91 51 non
427 582 104 51 sic:
492 582 91 51 sic
543 582 168 51 diceremus
673 582 104 51 quod
738 582 104 51 homo
803 582 168 51 inquantum
932 582 117 51 vnus:
1010 582 91 51 est
1062 582 181 51 indiuisus:
1204 582 78 51 et
1230 582 65 51 non

369 633 168 50 inquantum
498 633 142 50 animal:
601 633 77 50 eo
640 633 103 50 quod
705 633 168 50 indiuisum
834 633 116 50 primo
911 633 77 50 et
950 633 90 50 per
1001 633 77 50 se
1040 633 194 50 verificetur
1195 633 77 50 de
1221 633 77 50 vno:

371 668 125 54 quoniam
461 668 125 54 ponitur
552 668 68 54 in
586 668 125 54 ratione
677 668 102 54 vnius
745 668 68 54 et
779 668 79 54 non
825 668 68 54 de
859 668 136 54 animali:
961 668 79 54 cum
1006 668 68 54 in
1040 668 91 54 eius
1097 668 125 54 ratione
1188 668 79 54 non
1222 668 68 54 caus

366 713 103 52 dat.
431 713 91 52 Sic
482 713 103 52 ergo
547 713 78 52 in
586 713 91 52 hoc
638 713 129 52 sensu:
728 713 103 52 quia
793 713 155 52 secundum
909 713 103 52 vnum
974 713 116 52 modum
1051 713 194 52 diffiniendi
1194 713 91 52 nomin

372 756 169 60 praedicta
502 756 221 60 intelligibile
684 756 117 60 cadit
762 756 78 60 in
801 756 143 60 ratione
905 756 117 60 veri:
983 756 78 60 et
1022 756 91 60 non
1074 756 78 60 in
1113 756 143 60 ratione
1204 756 91 60 boni.

373 797 136 60 econtra
471 797 99 60 vero
533 797 173 60 diligibile
669 797 74 60 in
706 797 136 60 ratione
804 797 111 60 boni:
879 797 74 60 et
916 797 86 60 non
965 797 74 60 in
1002 797 136 60 ratione
1101 797 111 60 veri.
1175 797 99 60 Unde
1224 797 74 60 hoec

382 846 129 52 videtur
476 846 82 52 per
523 846 70 52 se
558 846 70 52 in
593 846 105 52 primo
663 846 105 52 modo:
733 846 140 52 secundum
839 846 94 52 quod
897 846 70 52 in
932 846 129 52 talibus
1026 846 117 52 potest
1108 846 152 52 perseitas
1213 846 70 52 inue

374 888 111 54 niri:
448 888 111 54 verum
522 888 86 54 est
571 888 222 54 intelligibile.
756 888 74 54 Et
793 888 160 54 similiter
916 888 111 54 ista.
990 888 111 54 bonum
1064 888 86 54 est
1113 888 185 54 diligibile:
1249 888 37 54 e

369 933 138 51 secundum
472 933 80 51 hoc
518 933 161 51 concedendo
644 933 161 51 antecedens
770 933 126 51 neganda
862 933 80 51 est
908 933 184 51 consequentia
1057 933 103 51 sicut
1126 933 69 51 et
1160 933 80 51 hec
1195 933 103 51 neganda

379 975 109 48 est.
447 975 109 48 homo
515 975 176 48 inquantum
651 975 109 48 vnus
719 975 95 48 est
773 975 190 48 indiuisus:
922 975 81 48 et
963 975 95 48 non
1017 975 176 48 inquantum
1153 975 136 48 animal
1235 975 54 48 et

372 1020 155 50 inquantum
491 1020 119 50 animal
575 1020 83 50 est
622 1020 155 50 subiecta:
741 1020 71 50 et
777 1020 83 50 non
825 1020 155 50 inquantum
944 1020 107 50 vnus.
1015 1020 95 50 ergo
1075 1020 71 50 in
1110 1020 119 50 homine
1194 1020 95 50 sunt
1241 1020 48 50 ex

375 1065 136 47 natura
471 1065 95 47 rei
525 1065 177 47 distincte
661 1065 163 47 rationes
783 1065 163 47 animalis
906 1065 82 47 et
946 1065 136 47 vnius:
1042 1065 95 47 cum
1096 1065 109 47 vnum
1164 1065 136 47 nullam
1246 1065 54 47 en

373 1103 170 54 titatem
496 1103 108 54 vel
558 1103 247 54 formalitatem
759 1103 170 54 penitus
883 1103 139 54 addat
975 1103 139 54 supra
1068 1103 216 54 entitatem:
1223 1103 77 54 que

368 1151 122 51 dicitur
456 1151 88 51 vna:
512 1151 66 51 vt
545 1151 100 51 patet
611 1151 66 51 4o
644 1151 100 51 meta.
711 1151 111 51 atque.
788 1151 77 51 1d0
833 1151 66 51 et
866 1151 100 51 infra
932 1151 166 51 probabitur.
1065 1151 188 51 distinctionem
1220 1151 77 51 24.
1253 1151 33 51 q

381 1190 114 55 prima.
461 1190 69 55 Si
495 1190 92 55 vero
552 1190 80 55 non
598 1190 80 55 sic
644 1190 160 55 accipitur:
770 1190 160 55 antecedens
895 1190 137 55 negandum
998 1190 92 55 est:
1056 1190 92 55 quia
1113 1190 69 55 in
1147 1190 103 55 nullo
1204 1190 92 55 aliqui

373 1238 137 49 sensu
464 1238 91 49 de
509 1238 167 49 virtute
631 1238 182 49 sermonis
768 1238 137 49 habet
859 1238 213 49 veritatem.
1026 1238 76 49 ⁋
1056 1238 91 49 Ad
1086 1238 213 49 auctoritatem

373 1277 118 50 Damen
452 1277 118 50 dico:
531 1277 105 50 quod
596 1277 79 50 si
636 1277 118 50 iuxta
715 1277 118 50 sonum
793 1277 171 50 accipitur
925 1277 184 50 sequeretur
1070 1277 158 50 plusquam
1188 1277 105 50 iste
1240 1277 53 50 ve

372 1322 89 53 lit
423 1322 191 53 concludere.
576 1322 115 53 valet
653 1322 102 53 quod
717 1322 166 53 sapientia
844 1322 89 53 non
895 1322 89 53 est
946 1322 128 53 natura
1035 1322 140 53 diuina:
1137 1322 89 53 sed
1188 1322 140 53 aliquid

383 1368 112 49 circa
457 1368 124 49 ipsam.
544 1368 112 49 dicit
619 1368 112 49 autem
693 1368 99 49 iste
755 1368 99 49 quod
818 1368 162 49 sapientia
942 1368 87 49 est
992 1368 124 49 natura
1079 1368 124 49 divina
1166 1368 87 49 per
1203 1368 87 49 iden-

376 1412 139 51 titatem:
481 1412 70 51 et
516 1412 81 51 per
562 1412 162 51 consequens
690 1412 81 51 est
736 1412 104 51 ipsa:
806 1412 70 51 et
841 1412 81 51 non
887 1412 104 51 circa
957 1412 116 51 ipsam.
1038 1412 128 51 Duendum
1131 1412 93 51 ergo
1189 1412 93 51 quod
1235 1412 58 51 non

378 1452 165 53 intendit
502 1452 138 53 Daemen
599 1452 110 53 quod
667 1452 124 53 talia
750 1452 138 53 nomina
846 1452 207 53 significent
1012 1452 138 53 aliqua
1108 1452 193 53 existentia
1246 1452 55 53 in

379 1494 88 50 deo
430 1494 63 50 a
455 1494 88 50 dei
505 1494 126 50 natura
593 1494 176 50 distincta:
731 1494 88 50 sed
781 1494 151 50 intentio
894 1494 100 50 eius
957 1494 88 50 est
1007 1494 100 50 quod
1070 1494 100 50 ista
1133 1494 151 50 secundum
1233 1494 63 50 for

378 1537 95 47 mam
433 1537 123 47 vocis
515 1537 164 47 videntur
637 1537 205 47 significare
801 1537 95 47 non
856 1537 123 47 ipsam
937 1537 164 47 naturam:
1060 1537 95 47 sed
1115 1537 136 47 aliqua
1197 1537 95 47 circa

373 1581 122 53 ipsam:
458 1581 98 53 quia
519 1581 86 53 sic
568 1581 110 53 etiam
642 1581 183 53 significant
788 1581 73 53 in
825 1581 122 53 nobis:
910 1581 110 53 licet
984 1581 110 53 autem
1057 1581 86 53 sic
1106 1581 159 53 videatur:
1216 1581 73 53 tamn

376 1627 93 53 non
429 1627 93 53 est
482 1627 106 53 ita.
548 1627 66 53 ⁋
574 1627 79 53 Et
614 1627 93 53 hec
667 1627 172 53 responsio
799 1627 198 53 confirmatur
958 1627 93 53 per
1011 1627 106 53 Aug.
1077 1627 172 53 similiter
1196 1627 106 53 loquen

372 1671 97 47 tem
428 1671 83 47 et
469 1671 83 47 se
511 1671 139 47 statim
608 1671 208 47 exponentem.
775 1671 97 47 15.
831 1671 83 47 de
872 1671 111 47 tri.
942 1671 97 47 vbi
997 1671 111 47 ait.
1067 1671 83 47 Si
1108 1671 167 47 dicatur.
1220 1671 83 47 deus

368 1715 176 49 eternus:
501 1715 220 49 immortalis:
677 1715 294 49 incorruptibilis:
927 1715 235 49 immutabilis:
1118 1715 147 49 viuus:
1206 1715 88 49 sapi

374 1755 116 50 ens:
447 1755 160 50 potens:
563 1755 203 50 speciosus:
723 1755 160 50 iustus:
840 1755 145 50 bonus:
941 1755 160 50 beatus:
1057 1755 189 50 spiritus:
1188 1755 102 50 horum

377 1802 120 51 omnium
461 1802 168 51 nouissimum
593 1802 96 51 quod
653 1802 108 51 posui
725 1802 144 51 scilicet
833 1802 144 51 spiritus
940 1802 108 51 quasi
1012 1802 120 51 tantum
1096 1802 96 51 modo
1156 1802 132 51 videtur
1240 1802 60 51 si-

376 1842 166 57 gnificare
504 1842 178 57 subiectam.
644 1842 127 57 Cetera
733 1842 102 57 vero
796 1842 115 57 huius
873 1842 153 57 subiecte
987 1842 191 57 qualitates:
1140 1842 89 57 sed
1191 1842 89 57 non
1229 1842 64 57 est

373 1888 89 54 ita
424 1888 76 54 in
462 1888 101 54 illa
525 1888 178 54 ineffabili
665 1888 190 54 simplicique
817 1888 139 54 natura:
919 1888 152 54 quicquid
1033 1888 101 54 enim
1096 1888 152 54 secundum
1198 1888 101 54 quali-

373 1929 112 52 tates
447 1929 112 52 illic
521 1929 99 52 dici
583 1929 149 52 videtur:
695 1929 149 52 secundum
806 1929 161 52 subiectam
930 1929 87 52 vel
980 1929 161 52 essentiam
1104 1929 87 52 est
1141 1929 161 52 intelligen-

368 1973 106 45 dum.
434 1973 119 45 absit
513 1973 106 45 enim
579 1973 79 45 vt
619 1973 159 45 spiritus
738 1973 159 45 secundum
857 1973 172 45 subiectam
990 1973 146 45 dicatur
1096 1973 119 45 deus:
1175 1973 79 45 et
1201 1973 93 45 bonus

377 2017 141 54 secundum
483 2017 176 54 qualitatem:
623 2017 82 54 sed
670 2017 141 54 vtrumque
776 2017 141 54 secundum
881 2017 164 54 subiectam.
1010 2017 82 54 sic
1057 2017 105 54 omnia
1127 2017 117 54 cetera
1209 2017 82 54 que
1244 2017 59 54 con

370 2062 242 48 memorauimus.
566 2062 91 48 et
611 2062 91 48 in
657 2062 136 48 fine.
747 2062 91 48 c.
793 2062 136 48 dicit
883 2062 121 48 quod
959 2062 91 48 in
1004 2062 106 48 deo
1064 2062 121 48 idem
1140 2062 106 48 est
1185 2062 121 48 iustum

373 2103 114 46 esse
444 2103 114 46 quod
515 2103 128 46 bonum
600 2103 114 46 quod
671 2103 156 46 beatum:
785 2103 156 46 idemque
899 2103 171 46 spiritum
1027 2103 114 46 esse
1098 2103 114 46 quod
1169 2103 142 46 iustum
1254 2103 57 46 et

364 2144 141 47 bonum
458 2144 94 47 et
506 2144 157 47 beatum
615 2144 141 47 esse.
709 2144 126 47 Quod
788 2144 126 47 vero
866 2144 220 47 inducitur.
1039 2144 94 47 ex
1086 2144 157 47 Danmen
1180 2144 110 47 dicen

373 2189 112 55 dum
437 2189 128 55 esse
517 2189 239 55 metaphorice
708 2189 175 55 dictum:
836 2189 112 55 nec
899 2189 159 55 dictum
1011 2189 128 55 esse
1091 2189 175 55 pelagus
1202 2189 96 55 esse

379 2232 213 52 infinitum
543 2232 181 52 propter
674 2232 213 52 infinitam
838 2232 115 52 vel
904 2232 230 52 aliquantam
1068 2232 230 52 multitudinem

371 2275 237 54 perfectionum
564 2275 237 54 distinctarum
756 2275 89 54 in
801 2275 119 54 deo:
875 2275 104 54 sed
934 2275 163 54 propter
1053 2275 133 54 vnice
1127 2275 163 54 perfectio

371 2321 97 52 nis
427 2321 83 52 et
468 2321 167 52 subiecte
594 2321 223 52 infinitatem.
774 2321 70 52 ⁋
802 2321 83 52 Ad
844 2321 223 52 auctoritatem
1025 2321 111 52 Aug.
1094 2321 97 52 de.
1150 2321 83 52 8.
1192 2321 83 52 de
1220 2321 83 52 tri.

380 2363 153 53 dicendum
495 2363 102 53 quod
559 2363 77 53 ad
598 2363 115 53 illud
674 2363 153 53 sufficit
789 2363 179 53 distinctio
930 2363 179 53 conceptuum
1071 2363 217 53 respondentium
1237 2363 64 53 his

374 2409 190 49 nominibus
521 2409 132 49 verum
609 2409 161 49 magnum:
726 2409 103 49 que
784 2409 132 49 tamen
872 2409 103 49 est
931 2409 117 49 alia
1004 2409 117 49 quam
1077 2409 205 49 distinctio
1224 2409 73 49 ho-

370 2450 94 50 rum
423 2450 148 50 sapiens
531 2450 189 50 sapientia:
680 2450 81 50 vt
720 2450 148 50 patebit
828 2450 94 50 in.
882 2450 81 50 q.
923 2450 175 50 sequenti.
1058 2450 94 50 Nec
1112 2450 148 50 propter
1206 2450 81 50 illa

364 2503 294 46 argumentationem
611 2503 170 46 oportet
735 2503 155 46 ponere
843 2503 170 46 aliquam
966 2503 263 46 distinctionem
1167 2503 124 46 verita

372 2537 96 54 tis
427 2537 82 54 et
468 2537 220 54 magnitudinis
647 2537 82 54 in
688 2537 110 54 deo:
757 2537 124 54 neque
840 2537 96 54 hoc
894 2537 165 54 intendit
1018 2537 124 54 Augu.
1101 2537 110 54 quod
1169 2537 124 54 patet
1238 2537 55 54 ex

371 2586 82 48 eo
412 2586 109 48 quod
481 2586 96 48 ait
535 2586 150 48 ibidem.
644 2586 96 48 non
699 2586 109 48 enim
767 2586 109 48 illi
836 2586 123 48 maior
918 2586 96 48 est
972 2586 96 48 que
1027 2586 137 48 verior
1122 2586 96 48 non
1177 2586 109 48 est.
1232 2586 68 48 vbi

374 2624 101 45 est
431 2624 115 45 ipsa
503 2624 173 45 trinitas
632 2624 201 45 magnitudo:
791 2624 115 45 quia
863 2624 86 45 in
906 2624 173 45 essentia
1035 2624 187 45 veritatis
1179 2624 101 45 hoc
1222 2624 72 45 est

376 2666 113 50 verum
452 2666 100 50 esse
514 2666 100 50 quod
577 2666 88 50 est
627 2666 113 50 esse:
702 2666 75 50 et
740 2666 88 50 hoc
790 2666 88 50 est
840 2666 100 50 esse
902 2666 100 50 quod
965 2666 88 50 est
1015 2666 125 50 magnum
1103 2666 100 50 esse
1165 2666 100 50 etc.
1228 2666 63 50 ⁋
1253 2666 75 50 Ad

383 2711 160 45 rationem
503 2711 147 45 sumptam
609 2711 80 45 ex
649 2711 120 45 dicto
729 2711 107 45 Aug.
796 2711 133 45 contra
889 2711 120 45 Maxi.
969 2711 107 45 dico
1036 2711 133 45 primo:
1129 2711 107 45 quod
1196 2711 93 45 ita
1236 2711 53 45 de

380 2753 152 53 ducitur
491 2753 83 53 ad
532 2753 180 53 probandum
670 2753 138 53 tantam
767 2753 235 53 distinctionem
961 2753 111 53 esse
1030 2753 235 53 attributalium
1209 2753 97 53 perfe

375 2798 167 51 ctionum:
500 2798 139 51 quanta
597 2798 97 51 est
653 2798 181 51 diuinarum
792 2798 194 51 personarum
945 2798 194 51 adinuicem.
1098 2798 111 51 Quod
1167 2798 111 51 iste
1223 2798 69 51 doc

373 2847 76 51 vt
411 2847 101 51 puto
474 2847 88 51 non
525 2847 126 51 vellet
613 2847 176 51 concedere.
751 2847 63 51 ⁋
777 2847 151 51 Rsponsio
890 2847 113 51 taten
965 2847 76 51 et
1003 2847 113 51 dico:
1079 2847 101 51 quod
1142 2847 101 51 Aug.
1205 2847 88 51 non
1243 2847 50 51 fe

381 2886 104 51 cit
440 2886 193 51 predictam
589 2886 252 51 comparationem
796 2886 193 51 attendens
944 2886 163 51 maiorem
1063 2886 104 51 vel
1122 2886 163 51 minorem
1226 2886 74 51 di-

374 2927 179 56 stinctionem
517 2927 167 56 personarum
648 2927 155 56 abiuicem:
767 2927 95 56 quam
827 2927 155 56 bonitatis
946 2927 72 56 et
982 2927 167 56 sapientiae
1113 2927 131 56 patris:
1209 2927 83 56 sed
1244 2927 48 56 at

362 2976 149 55 tendens
471 2976 149 55 maiorem
579 2976 81 55 et
620 2976 149 55 minorem
728 2976 230 55 similitudinem
917 2976 81 55 ad
958 2976 108 55 esse
1025 2976 135 55 partem
1120 2976 81 55 et
1147 2976 149 55 composone

374 3017 94 57 re.
427 3017 134 57 certum
521 3017 107 57 enim
588 3017 94 57 est
641 3017 107 57 quod
708 3017 80 57 in
748 3017 174 57 creaturis
882 3017 120 57 tales
962 3017 214 57 perfectiones
1136 3017 120 57 magis
1202 3017 94 57 haben

1337 223 149 57 rationem
1448 223 124 57 partis
1535 223 74 57 et
1572 223 211 57 componibilium
1746 223 99 57 quam
1808 223 161 57 supposita
1932 223 211 57 subsistentia:
2105 223 74 57 et
2142 223 112 57 tamen
2204 223 50 57 in

1340 269 101 53 deo
1397 269 101 53 non
1455 269 187 53 componunt
1598 269 101 53 nec
1656 269 115 53 sunt
1728 269 158 53 partes.
1843 269 129 53 Multo
1929 269 115 53 ergo
2001 269 129 53 minus
2087 269 101 53 per
2145 269 86 53 se
2174 269 86 53 ipse

1341 317 105 48 sunt
1406 317 131 48 partes
1498 317 92 48 aut
1551 317 184 48 componunt:
1695 317 79 48 et
1734 317 118 48 istud
1813 317 157 48 expresse
1931 317 118 48 patet
2010 317 157 48 intuenti
2128 317 92 48 ibi
2167 317 92 48 verba

1334 360 108 58 Aug.
1402 360 108 58 quae
1470 360 163 58 recitare
1592 360 149 58 propter
1700 360 190 58 breuitatem
1849 360 163 58 obmitto.
1971 360 163 58 ponuntur
2093 360 122 58 autem
2175 360 68 58 a
2188 360 68 58 ma-

1341 394 125 71 gistro
1429 394 100 71 dici
1492 394 88 71 10.
1542 394 200 71 primolibrti.
1705 394 75 71 c.
1742 394 88 71 non
1792 394 88 71 est
1842 394 125 71 aliqua
1930 394 113 71 trium
2005 394 188 71 personarum.
2155 394 75 71 in
2193 394 113 71 fine.
2268 394 63 71 ⁋
2293 394 75 71 Ad
2330 394 75 71 Ad
2355 394 38 71 4

1336 447 73 54 4m
1372 447 109 54 primo
1445 447 109 54 dico:
1518 447 97 54 quod
1579 447 85 54 per
1627 447 109 54 illam
1700 447 146 54 rationem
1810 447 134 54 pariter
1907 447 170 54 probaretur
2040 447 97 54 quod
2089 447 170 54 distingueren

1336 487 88 53 tur
1387 487 150 53 realiter
1499 487 88 53 sic
1549 487 163 53 arguendo.
1675 487 75 53 de
1712 487 200 53 quibuscumque
1875 487 100 53 idem
1937 487 188 53 praedicatum
2088 487 113 53 reale
2163 487 100 53 etc.
2213 487 50 53 il

1337 531 83 53 la
1379 531 235 53 distinguuntur
1572 531 180 53 realiter.
1711 531 69 53 ⁋
1738 531 83 53 Et
1780 531 83 53 si
1821 531 124 53 dicas
1904 531 111 53 quod
1973 531 166 53 sufficit
2084 531 166 53 distinctio

1337 579 160 51 formalis:
1460 579 99 51 tunc
1522 579 99 51 tibi
1583 579 148 51 dicetur:
1694 579 111 51 sicut
1768 579 74 51 et
1806 579 86 51 tum
1855 579 111 51 dicis
1929 579 99 51 quod
1991 579 99 51 tunc
2052 579 86 51 non
2102 579 136 51 poterit
2188 579 74 51 pro-

1329 621 113 51 bari
1399 621 141 51 aliqua
1498 621 184 51 distingui
1640 621 169 51 realiter
1767 621 99 51 aut
1823 621 169 51 plusquam
1950 621 212 51 formaliter.
2120 621 85 51 Et
2148 621 113 51 iterum

1335 671 123 42 alius
1417 671 123 42 dicet
1500 671 110 42 eade
1568 671 192 42 facilitate
1719 671 110 42 quod
1787 671 164 42 sufficit
1911 671 192 42 distinctio
2061 671 178 42 rationis:
2185 671 68 42 re-

1337 707 153 53 spondeo
1448 707 125 53 tamen
1532 707 84 53 ad
1574 707 167 53 rationem
1699 707 111 53 quod
1769 707 251 53 qualitercumque
1978 707 125 53 maior
2061 707 139 53 habeat
2145 707 111 53 verita

1346 748 81 57 tem
1393 748 104 57 (quia
1462 748 69 57 de
1496 748 81 57 hoc
1542 748 81 57 in.
1588 748 81 57 33.
1634 748 127 57 dictins
1727 748 161 57 videbitur)
1853 748 104 57 minor
1922 748 81 57 est
1969 748 115 57 falsa.
2049 748 69 57 Et
2084 748 92 57 dico
2141 748 92 57 quod
2187 748 81 57 sicut

1341 798 89 48 est
1392 798 114 48 verum
1468 798 127 48 dicere
1557 798 102 48 quod
1621 798 140 48 diuinus
1722 798 190 48 intellectus
1874 798 190 48 intelligit:
2027 798 89 48 ita
2078 798 89 48 est
2128 798 114 48 verum
2192 798 76 48 quod

1334 837 113 51 eius
1405 837 170 51 voluntas
1532 837 213 51 intelligit:
1702 837 85 51 et
1745 837 128 51 sicut
1830 837 170 51 voluntas
1957 837 128 51 vult:
2042 837 99 51 ita
2085 837 184 51 intellectus

1347 879 128 54 vult:
1432 879 156 54 quamuis
1545 879 128 54 tales
1631 879 241 54 predicationes
1829 879 213 54 intellectus
1999 879 128 54 vult:
2085 879 170 54 voluntas
2198 879 71 54 im-

1341 924 161 53 telligit:
1464 924 87 53 non
1514 924 99 53 sint
1576 924 87 53 per
1625 924 74 53 se
1662 924 74 53 in
1699 924 111 53 primo
1773 924 111 53 modo:
1848 924 99 53 quod
1909 924 111 53 tamen
1984 924 87 53 non
2033 924 136 53 infertr
2132 924 136 53 aliquam
2219 924 49 53 di

1338 972 211 45 stinctionem
1507 972 211 45 intellectus
1676 972 85 45 et
1718 972 197 45 voluntatis
1873 972 85 45 ex
1916 972 141 45 natura
2014 972 113 45 rei:
2085 972 85 45 et
2113 972 155 45 similiter

1334 1011 110 55 dico
1403 1011 83 55 de
1445 1011 138 55 aliis.
1541 1011 110 55 vnde
1610 1011 83 55 si
1652 1011 110 55 ista
1721 1011 97 55 sit
1776 1011 124 55 vera:
1859 1011 124 55 pater
1942 1011 124 55 dicit
2024 1011 166 55 memoria:
2149 1011 97 55 vel
2190 1011 69 55 di-

1338 1054 110 55 cit
1401 1054 235 55 intellectu:
1589 1054 125 55 quod
1667 1054 110 55 ego
1730 1054 110 55 non
1792 1054 141 55 habeo
1886 1054 219 55 concedere:
2058 1054 125 55 nisi
2121 1054 141 55 memoria

1350 1097 93 53 vel
1403 1097 200 53 intellectus
1563 1097 133 53 staret
1656 1097 200 53 appropriate
1816 1097 93 53 pro
1869 1097 133 53 patre:
1963 1097 107 53 quia
2029 1097 93 53 non
2082 1097 80 53 do
2109 1097 160 53 principium

1340 1148 119 44 quo.
1414 1148 133 44 aliud
1503 1148 74 44 a
1533 1148 193 44 principio
1681 1148 133 44 quod.
1770 1148 89 44 Si
1814 1148 133 44 tamen
1903 1148 148 44 inquam
2007 1148 119 44 illa
2081 1148 133 44 esset
2155 1148 104 44 vera:

1338 1184 101 55 hec
1395 1184 130 55 esset
1482 1184 130 55 etiam
1568 1184 130 55 vera:
1655 1184 130 55 pater
1741 1184 130 55 dicit
1828 1184 187 55 voluntate
1972 1184 86 55 et
2015 1184 173 55 econtra.
2145 1184 86 55 Si
2174 1184 86 55 ista

1342 1229 142 52 detur:
1441 1229 128 52 pater
1527 1229 142 52 spirat
1626 1229 199 52 voluntate:
1783 1229 100 52 hec
1839 1229 128 52 etiam
1925 1229 128 52 esset
2010 1229 142 52 danda:
2110 1229 142 52 spirat
2195 1229 71 52 in-

1344 1276 178 49 tellectu:
1482 1276 110 49 quia
1550 1276 206 49 intellectus
1715 1276 82 49 et
1756 1276 165 49 voluntas
1880 1276 82 49 in
1921 1276 96 49 deo
1976 1276 110 49 sunt
2044 1276 82 49 id
2086 1276 124 49 ipsum
2154 1276 110 49 omnino

1349 1324 74 44 ex
1386 1324 110 44 parte
1459 1324 98 44 rei.
1520 1324 61 44 ⁋
1545 1324 159 44 Praeterea
1667 1324 86 44 cur
1716 1324 110 44 talia
1790 1324 86 44 non
1839 1324 196 44 concesserim:
1998 1324 86 44 cum
2047 1324 147 44 concedam
2158 1324 98 44 quod
2207 1324 61 44 vo-

1339 1360 135 51 luntas
1433 1360 135 51 creata
1527 1360 189 51 intelligit
1676 1360 94 51 seu
1730 1360 108 51 homo
1797 1360 189 51 intelligit
1946 1360 175 51 voluntate
2081 1360 81 51 ea
2121 1360 108 51 vult
2175 1360 81 51 inte

1343 1400 148 59 lectu:
1447 1400 162 59 propter
1565 1400 221 59 identitatem
1742 1400 221 59 intellectus
1919 1400 89 59 et
1963 1400 207 59 voluntatis
2125 1400 89 59 in
2170 1400 103 59 eo.
2229 1400 74 59 ⁋
2258 1400 89 59 Ad
2302 1400 89 59 Ad
2332 1400 59 59 8m

1337 1445 95 59 5am
1392 1445 108 59 dico
1459 1445 135 59 primo:
1554 1445 108 59 quod
1622 1445 81 59 si
1662 1445 122 59 ratio
1743 1445 108 59 illa
1811 1445 149 59 aliquid
1919 1445 162 59 valeret:
2041 1445 95 59 ita
2095 1445 162 59 probaret
2203 1445 68 59 di-

1344 1489 213 54 stinctionem
1514 1489 128 54 rerum
1599 1489 213 54 intellectus
1769 1489 85 54 et
1812 1489 213 54 voluntatis:
1982 1489 128 54 sicut
2052 1489 213 54 formalitatum:

1344 1543 114 41 nisi
1415 1543 85 41 ad
1458 1543 171 41 placitum
1586 1543 114 41 quis
1657 1543 185 41 loquatur:
1799 1543 85 41 et
1841 1543 128 41 tamen
1927 1543 128 41 illud
2012 1543 100 41 tum
2069 1543 100 41 non
2112 1543 156 41 concedis.

1358 1586 157 46 Restendeo
1479 1586 109 46 tamen
1551 1586 133 46 negando
1648 1586 217 46 consequentiam:
1829 1586 84 46 que
1877 1586 84 46 est
1925 1586 121 46 nullam
2010 1586 109 46 habet
2082 1586 181 46 apparentiam
2215 1586 48 46 ex

1342 1620 132 56 forma.
1434 1620 92 56 cum
1487 1620 92 56 nec
1540 1620 158 56 subiecto
1658 1620 92 56 nec
1711 1620 185 56 praedicato
1856 1620 198 56 conueniant:
2014 1620 119 56 licet
2094 1620 79 56 in
2133 1620 92 56 vna
2173 1620 92 56 parte

1348 1671 195 49 conueniant
1501 1671 209 49 praedicati.
1668 1671 83 49 Ad
1710 1671 97 49 rem
1765 1671 125 49 autem
1849 1671 167 49 vlterius
1974 1671 125 49 eundo
2057 1671 125 49 dico:
2141 1671 111 49 quod
2196 1671 70 49 ea-

1337 1707 96 59 dem
1392 1707 151 59 entitas
1502 1707 165 59 indiuisa
1626 1707 137 59 omnino
1722 1707 82 59 et
1763 1707 233 59 simplicissima
1955 1707 82 59 in
1996 1707 96 59 deo
2051 1707 96 59 est
2092 1707 179 59 intellectio

1345 1752 72 54 et
1381 1752 132 54 volitio
1477 1752 108 54 atque
1549 1752 156 54 essentia:
1669 1752 84 54 est
1717 1752 108 54 tamen
1789 1752 156 54 aliquorum
1908 1752 156 54 obiectiue
2028 1752 192 54 intellectio:
2172 1752 96 54 quorum

1345 1798 107 55 ipsa
1412 1798 94 55 non
1465 1798 94 55 est
1519 1798 161 55 volitio:
1640 1798 81 55 et
1680 1798 134 55 quorum
1774 1798 94 55 non
1828 1798 94 55 est
1882 1798 175 55 essentia.
2016 1798 94 55 Nam
2070 1798 148 55 nullius
2164 1798 107 55 creatu

1343 1839 72 55 re
1379 1839 96 55 ipsa
1439 1839 84 55 est
1487 1839 156 55 essentia:
1606 1839 72 55 et
1642 1839 108 55 tamen
1714 1839 168 55 cuiuslibet
1846 1839 96 55 ipsa
1906 1839 84 55 est
1954 1839 192 55 intellectio:
2109 1839 72 55 et
2145 1839 108 55 onium
2205 1839 60 55 in-

1346 1882 220 52 telligibilium
1527 1882 104 52 siue
1592 1882 143 52 bonorum
1696 1882 104 52 siue
1761 1882 143 52 malorum
1864 1882 91 52 est
1916 1882 207 52 intellectio.
2085 1882 91 52 Nec
2136 1882 117 52 tamen
2201 1882 65 52 est

1338 1926 158 53 malorum
1453 1926 172 53 volitio.
1582 1926 86 53 Ex
1625 1926 101 53 hoc
1682 1926 129 53 autem
1768 1926 101 53 non
1826 1926 172 53 sequitur
1955 1926 144 53 aliqua
2056 1926 201 53 distinctio
2199 1926 72 53 in-

1336 1974 89 45 ter
1387 1974 228 45 intellectionem
1577 1974 89 45 dei
1628 1974 76 45 et
1666 1974 101 45 eius
1729 1974 178 45 volitionem
1869 1974 114 45 extra
1945 1974 139 45 animam:
2046 1974 101 45 quia
2097 1974 165 45 cuiuscumque

1342 2019 128 50 diuina
1432 2019 192 50 intellectio
1585 2019 90 50 est
1637 2019 192 50 intellectio
1790 2019 141 50 eiusdem
1893 2019 128 50 diuina
1982 2019 154 50 volitio:
2098 2019 77 50 et
2123 2019 141 50 similiter

1340 2061 130 47 diuina
1431 2061 157 47 essentia
1549 2061 91 47 est
1601 2061 209 47 intellectio:
1770 2061 78 47 et
1810 2061 196 47 cuiuscumque
1966 2061 130 47 diuina
2057 2061 143 47 volitio
2162 2061 91 47 est
2201 2061 65 47 vo-

1345 2099 123 51 litio:
1431 2099 135 51 eiusdem
1529 2099 123 51 divina
1614 2099 147 51 essentia
1725 2099 74 51 et
1761 2099 123 51 divina
1847 2099 184 51 intellectio
1994 2099 86 51 est
2043 2099 147 51 volitio:
2154 2099 74 51 et
2178 2099 86 51 cuius

1339 2143 133 45 divina
1432 2143 159 45 essentia
1551 2143 93 45 non
1605 2143 93 45 est
1658 2143 173 45 essentia:
1791 2143 146 45 eiusdem
1897 2143 93 45 nec
1950 2143 199 45 intellectio
2110 2143 93 45 nec
2149 2143 120 45 volitio

1342 2185 131 55 divina
1434 2185 92 55 est
1486 2185 171 55 essentia.
1618 2185 144 55 Exempla
1723 2185 131 55 patent
1815 2185 92 55 tam
1867 2185 79 55 in
1906 2185 105 55 deo:
1972 2185 105 55 quam
2038 2185 79 55 in
2077 2185 184 55 creaturis.
2208 2185 66 55 Con

1349 2231 97 51 stat
1409 2231 97 51 enim
1470 2231 145 51 secundum
1579 2231 109 51 omnes
1652 2231 97 51 quod
1712 2231 109 51 vnica
1785 2231 206 51 intellectione
1955 2231 121 51 omnino
2040 2231 133 51 idiuisa
2137 2231 109 51 nouit
2197 2231 73 51 deus

1348 2273 73 50 tam
1389 2273 156 50 praeterita:
1514 2273 83 50 quam
1567 2273 115 50 futura:
1650 2273 63 50 et
1681 2273 73 50 per
1723 2273 146 50 consequens
1838 2273 73 50 dei
1879 2273 167 50 praescientia
2015 2273 63 50 et
2046 2273 73 50 dei
2088 2273 156 50 intellectio
2202 2273 63 50 sunt

1343 2315 72 54 id
1379 2315 107 54 ipsum
1450 2315 119 54 omnino
1534 2315 60 54 a
1558 2315 107 54 parte
1629 2315 95 54 rei:
1689 2315 72 54 et
1725 2315 107 54 tamen
1797 2315 84 54 hoc
1844 2315 84 54 non
1892 2315 143 54 obstante
1999 2315 95 54 illa
2059 2315 179 54 intellectio
2190 2315 72 54 ali-

1345 2364 120 49 quorum
1429 2364 84 49 est
1477 2364 192 49 intellectio:
1633 2364 120 49 quorum
1717 2364 96 49 ipsa
1777 2364 84 49 non
1824 2364 84 49 est
1872 2364 204 49 praescientia:
2040 2364 96 49 puta
2088 2364 180 49 preteritorum:

1353 2404 114 57 quorum
1432 2404 102 57 tamen
1501 2404 171 57 intellectio
1637 2404 80 57 est
1683 2404 182 57 intellectio.
1830 2404 102 57 etiam
1899 2404 137 57 eorumdem
2001 2404 171 57 prescientia
2138 2404 80 57 est
2172 2404 102 57 intelle

1346 2445 105 55 ctio:
1416 2445 70 55 et
1451 2445 116 55 quorum
1532 2445 174 55 prescientia
1672 2445 81 55 non
1719 2445 81 55 est
1765 2445 186 55 prescientia:
1916 2445 81 55 nec
1963 2445 105 55 eorum
2033 2445 93 55 ipsa
2091 2445 174 55 intellectio
2219 2445 58 55 est

1359 2498 188 46 prescientia.
1512 2498 70 46 In
1547 2498 153 46 creaturis
1665 2498 94 46 vero
1723 2498 117 46 certum
1805 2498 82 46 est
1852 2498 94 46 quod
1911 2498 188 46 intellectio.
2064 2498 82 46 qua
2111 2498 106 46 verbi
2169 2498 106 46 gratia.

1337 2535 142 54 sortes
1436 2535 128 54 nouit
1521 2535 170 54 lapidem:
1649 2535 99 54 est
1706 2535 142 54 aliqua
1805 2535 184 54 essentia:
1947 2535 99 54 que
2003 2535 199 54 nullatenus
2160 2535 71 54 a
2174 2535 99 54 seipa

1348 2575 88 56 est
1399 2575 175 56 distincta:
1536 2575 88 56 ita
1586 2575 100 56 quod
1649 2575 125 56 absque
1736 2575 100 56 vlla
1799 2575 188 56 distictione
1949 2575 63 56 a
1974 2575 113 56 parte
2049 2575 88 56 rei
2099 2575 100 56 illa
2149 2575 125 56 intelle-

1346 2619 88 55 ctio
1401 2619 77 55 est
1445 2619 88 55 illa
1499 2619 142 55 essentia:
1609 2619 66 55 et
1642 2619 88 55 illa
1697 2619 131 55 essentia
1795 2619 77 55 est
1839 2619 88 55 illa
1894 2619 175 55 intellectio:
2036 2619 66 55 et
2069 2619 99 55 tamen
2135 2619 88 55 illa
2189 2619 77 55 est
2222 2619 55 55 im-

1352 2669 164 48 tellectio
1479 2669 152 48 lapidis:
1593 2669 76 48 et
1631 2669 89 48 non
1681 2669 89 48 est
1732 2669 152 48 essentia
1846 2669 152 48 lapidis.
1960 2669 63 48 ⁋
1985 2669 76 48 Ex
2023 2669 89 48 his
2074 2669 114 48 patet
2149 2669 76 48 ad
2175 2669 101 48 confir

1345 2708 148 57 mationem
1455 2708 148 57 dicendum
1566 2708 98 57 esse
1628 2708 98 57 quod
1689 2708 98 57 illa
1751 2708 111 57 maior
1825 2708 86 57 sit
1874 2708 98 57 vera
1936 2708 172 57 accipiendo
2071 2708 185 57 significare
2206 2708 62 57 com

1344 2752 141 54 muniter
1447 2752 90 54 est
1498 2752 77 54 ad
1536 2752 244 54 consignificare:
1742 2752 115 54 alias
1818 2752 103 54 non:
1882 2752 77 54 vt
1921 2752 115 54 patet
1998 2752 77 54 in
2036 2752 154 54 exemplis
2139 2752 128 54 adductis

1349 2793 61 55 ⁋
1373 2793 73 55 Ex
1410 2793 122 55 quibus
1495 2793 85 55 est
1544 2793 122 55 potest
1629 2793 110 55 argui
1703 2793 122 55 contra
1788 2793 110 55 aliam
1861 2793 159 55 opinione.
1983 2793 73 55 Et
2020 2793 146 55 vlterius
2117 2793 159 55 concedendum

1347 2839 80 55 est
1392 2839 91 55 quod
1449 2839 80 55 hoc
1495 2839 114 55 verbum
1574 2839 125 55 diligit
1665 2839 125 55 aliquid
1756 2839 148 55 connotat:
1870 2839 91 55 quod
1927 2839 80 55 non
1972 2839 137 55 connotat
2075 2839 80 55 hoc
2120 2839 114 55 verbum
2188 2839 80 55 intel

1344 2882 119 56 ligit.
1427 2882 71 56 et
1463 2882 155 56 similiter
1582 2882 107 56 aliud
1654 2882 143 56 connotat
1761 2882 83 56 hoc
1809 2882 107 56 nomen
1880 2882 143 56 volitio:
1987 2882 95 56 quod
2047 2882 83 56 non
2094 2882 143 56 connotat
2190 2882 71 56 hioc

1347 2928 105 51 nomen
1417 2928 163 51 intelleco:
1545 2928 151 51 connotant
1661 2928 93 51 enim
1720 2928 128 51 volituo
1813 2928 70 51 et
1848 2928 128 51 dileco:
1941 2928 70 51 et
1976 2928 151 51 similiter
2092 2928 93 51 vult
2150 2928 70 51 et
2173 2928 105 51 diligit

1350 2971 88 53 boum
1405 2971 132 53 scilicet
1504 2971 132 53 existens
1604 2971 77 53 vel
1648 2971 143 53 apparens.
1758 2971 77 53 Nam
1802 2971 110 53 nomine
1879 2971 154 53 volitionis
2000 2971 66 53 in
2033 2971 121 53 communi
2111 2971 154 53 intelligimus

1351 3010 189 62 consensionem
1505 3010 71 62 in
1540 3010 95 62 boum
1600 3010 83 62 vel
1647 3010 142 62 apparens
1753 3010 118 62 bonum:
1836 3010 106 62 sicut
1907 3010 189 62 praescientia
2061 3010 142 62 connotat
2156 3010 118 62 futurum:
