2483 3538
403 275 169 79 significat
536 275 133 79 aliquid
633 275 85 79 non
681 275 73 79 in
718 275 145 79 subiecto
827 275 73 79 id
863 275 85 79 est
911 275 133 79 aliquid
1008 275 85 79 non
1057 275 145 79 existens
1166 275 73 79 in
1190 275 133 79 subiecto:

407 336 83 67 qui
454 336 83 67 hoc
502 336 106 67 esset
572 336 118 67 falsum
655 336 142 67 secundum
761 336 94 67 eum:
820 336 83 67 sed
868 336 142 67 intendit
974 336 94 67 quod
1033 336 165 67 significat
1163 336 130 67 aliquid
1245 336 71 67 puta

402 392 127 46 formam:
494 392 92 46 quae
551 392 69 46 et
586 392 69 46 si
620 392 127 46 existit
712 392 69 46 in
747 392 150 46 subiecto:
862 392 81 46 non
908 392 104 46 tamen
977 392 104 46 illud
1046 392 104 46 nomen
1115 392 161 46 significat
1230 392 81 46 illam

394 428 68 53 in
428 428 135 53 subiecto
529 428 68 53 id
563 428 79 53 est
608 428 158 53 connotando
732 428 158 53 subiectum:
856 428 147 53 concretum
969 428 102 53 autem
1037 428 158 53 significat
1161 428 113 53 eandem
1229 428 90 53 formam

397 468 163 63 connotando
525 468 163 63 subiectum:
653 468 93 63 vnde
712 468 128 63 eiusdem
805 468 105 63 libro
875 468 70 63 5.
910 468 116 63 dicens
991 468 93 63 quod
1049 468 140 63 terminus
1142 468 175 63 denominatiuus

411 510 183 62 accidentalis
559 510 91 62 siue
616 510 149 62 concretus
730 510 103 62 primo
799 510 160 62 significat
925 510 137 62 accidens
1027 510 69 62 et
1062 510 69 62 2o
1096 510 160 62 subiectam.
1222 510 69 62 Si
1244 510 69 62 vero

404 553 118 55 talia
483 553 158 55 sumantur
601 553 197 55 specialiter
759 553 79 55 vt
798 553 131 55 dicunt
890 553 79 55 de
930 553 92 55 deo
982 553 92 55 sic
1035 553 224 55 distinguendum
1219 553 92 55 est
1258 553 53 55 de

399 596 77 64 hoc
443 596 110 64 nomine
520 596 154 64 synonimum:
640 596 121 64 quoniam
728 596 77 64 vno
772 596 99 64 modo:
838 596 88 64 omne
893 596 88 64 quod
948 596 88 64 idem
1003 596 121 64 penitus
1091 596 154 64 significat
1211 596 66 64 et
1233 596 88 64 consi-

394 646 149 57 gnificat
505 646 75 57 si
543 646 87 57 est
592 646 261 57 consignificatiuum
816 646 99 57 quod
878 646 174 57 significat
1015 646 124 57 aliud:
1102 646 75 57 et
1139 646 112 57 eodem
1214 646 99 57 modo
1263 646 50 57 et

392 684 150 65 econverso
508 684 127 65 dicitur
601 684 93 65 illi
659 684 93 65 esse
717 684 162 65 svnonimum.
844 684 69 65 Et
879 684 81 65 hoc
925 684 93 65 modo
983 684 104 65 talia
1052 684 116 65 viuus:
1133 684 69 65 et
1168 684 104 65 vita:
1226 684 104 65 iustus:

404 728 75 53 et
441 728 149 53 iusticia
553 728 99 53 sunt
615 728 162 53 synonima:
739 728 149 53 secundum
851 728 99 53 quod
913 728 149 53 dicuntur
1025 728 75 53 de
1062 728 99 53 deo:
1125 728 99 53 quia
1187 728 112 53 nihil
1249 728 62 53 si-

410 782 149 56 gnificat
521 782 99 56 vnum
583 782 112 56 eorum
658 782 87 56 aut
708 782 224 56 consignificat.
894 782 99 56 quod
956 782 87 56 non
1006 782 186 56 significet:
1155 782 87 56 aut
1192 782 124 56 consigni

408 816 99 55 ricet
474 816 99 55 aliud
540 816 88 55 eode
595 816 88 55 modo
651 816 66 55 et
684 816 143 55 econverso
794 816 66 55 Et
827 816 77 55 hoc
871 816 143 55 attendens
981 816 88 55 Ans.
1036 816 154 55 monologio.
1158 816 110 55 dicens
1235 816 88 55 quod
1279 816 44 55 de

393 859 135 60 suprima
491 859 147 60 essentia
602 859 98 60 idem
663 859 86 60 est
712 859 123 60 dicere
798 859 98 60 quod
860 859 86 60 est
909 859 111 60 iusta
982 859 74 60 et
1019 859 98 60 quod
1081 859 86 60 est
1130 859 160 60 iusticia:
1240 859 74 60 quod

398 901 81 60 non
445 901 81 60 est
491 901 81 60 sic
538 901 70 60 de
573 901 116 60 homine
654 901 70 60 vt
689 901 163 60 praemisit.
817 901 81 60 Nam
864 901 81 60 cum
910 901 128 60 dicitur
1003 901 93 60 homo
1061 901 116 60 iustus
1143 901 81 60 non
1177 901 140 60 intelligi-

404 943 84 60 tur
452 943 96 60 quod
512 943 84 60 sit
560 943 156 60 iusticia:
679 943 84 60 sed
727 943 120 60 habens
811 943 168 60 iusticiam.
943 943 96 60 Alio
1003 943 108 60 modo:
1075 943 108 60 adhuc
1146 943 156 60 strictius
1254 943 72 60 sumi

397 993 82 51 tur
444 993 82 51 hoc
491 993 106 51 nomen
562 993 165 51 synonimum.
692 993 106 51 valet
762 993 141 51 secundum
868 993 94 51 quod
927 993 94 51 illa
986 993 141 51 dicuntur
1092 993 153 51 synonima:
1210 993 94 51 quae
1257 993 59 51 nec

401 1031 130 56 diuersa
496 1031 177 56 significant
637 1031 83 56 nec
684 1031 224 56 consignificant:
873 1031 71 56 vt
909 1031 165 56 praedictum
1039 1031 94 56 est:
1098 1031 83 56 nec
1145 1031 83 56 est
1192 1031 94 56 sunt
1239 1031 71 56 acce

391 1074 88 70 pta
442 1074 88 70 vel
492 1074 151 70 imposita
606 1074 151 70 secundum
719 1074 214 70 similitudinem
895 1074 76 70 ad
933 1074 101 70 illa
996 1074 139 70 nomina:
1097 1074 101 70 quae
1160 1074 139 70 diuersa
1248 1074 63 70 si-

409 1120 158 59 gnificant
531 1120 85 59 aut
579 1120 231 59 consignificant:
774 1120 97 59 siue
835 1120 122 59 quibus
920 1120 134 59 similia
1018 1120 73 59 in
1054 1120 110 59 aliis
1127 1120 85 59 non
1176 1120 134 59 diuersa
1261 1120 49 59 si

404 1165 160 58 gnificant
527 1165 86 58 vel
576 1165 233 58 consignificant.
772 1165 74 58 Et
809 1165 86 58 hoc
858 1165 98 58 modo
920 1165 111 58 talia
993 1165 86 58 non
1042 1165 98 58 sunt
1104 1165 147 58 svnonima
1202 1165 123 58 secundum

398 1211 102 54 quod
462 1211 152 54 dicuntur
576 1211 76 54 de
614 1211 102 54 deo:
678 1211 140 54 quoniam
779 1211 102 54 sunt
843 1211 140 54 accepta
945 1211 76 54 ad
983 1211 216 54 similitudinem
1161 1211 152 54 concreti
1262 1211 51 54 et

396 1249 168 50 abstracti
525 1249 103 50 quae
590 1249 155 50 dicuntur
706 1249 78 50 in
745 1249 181 50 creaturis:
887 1249 78 50 et
926 1249 142 50 similia
1030 1249 155 50 concreta
1146 1249 78 50 et
1172 1249 142 50 abstracta

390 1295 79 55 in
429 1295 171 55 creaturis
561 1295 92 55 non
614 1295 105 55 sunt
680 1295 171 55 synonima.
812 1295 79 55 et
851 1295 79 55 in
891 1295 92 55 hoc
944 1295 119 55 sensu
1023 1295 158 55 loquitur
1128 1295 198 55 Commentatori.

398 1339 84 50 12.
446 1339 108 50 meta.
518 1339 120 50 quando
602 1339 108 50 dicit
674 1339 96 50 quod
734 1339 108 50 viuum
806 1339 72 50 et
842 1339 96 50 vita
902 1339 84 50 non
950 1339 180 50 significant
1094 1339 72 50 in
1130 1339 84 50 deo
1178 1339 96 50 idem
1226 1339 96 50 omnin-

401 1384 92 50 bus
453 1384 131 50 modis:
545 1384 118 50 sicut
623 1384 196 50 significant
780 1384 131 50 nomina
872 1384 170 50 synonima.
1002 1384 170 50 conclusio
1133 1384 118 50 primo
1198 1384 118 50 argumen

409 1423 80 65 ti
449 1423 80 65 ad
489 1423 80 65 q.
529 1423 187 65 concedenda
676 1423 107 65 est:
742 1423 80 65 si
782 1423 120 65 tamen
862 1423 93 65 per
916 1423 120 65 ipsum
996 1423 107 65 quis
1062 1423 133 65 vellet
1156 1423 147 65 probare
1249 1423 67 65 non

394 1465 163 70 differre
517 1465 163 70 ratione:
639 1465 123 70 patet
721 1465 177 70 responsio
857 1465 177 70 argumento
980 1465 136 70 secundo.

355 1505 276 103 Argumentum
572 1505 177 103 etiam
690 1505 118 103 in
749 1505 256 103 oppositum
947 1505 177 103 verum
1065 1505 256 103 concludit
1242 1505 79 103 de

795 1554 205 64 attributis:
959 1554 96 64 non
1014 1554 123 64 autem
1096 1554 82 64 de
1124 1554 191 64 perfectioni-

391 1594 101 67 bus
448 1594 274 67 attributalibus:
679 1594 87 67 vt
722 1594 173 67 apparere
852 1594 144 67 potest
953 1594 130 67 satis
1025 1594 159 67 intuenti.

531 1620 421 75 Distinctionis
878 1620 273 75 octaue.
1076 1620 273 75 Questio
1250 1620 74 75 I

621 1687 190 83 Ertio
748 1687 190 83 quero
875 1687 190 83 vtrum
1002 1687 148 83 cum
1086 1687 212 83 diuina
1213 1687 106 83 sim

1010 1729 164 55 plicitate
1137 1729 89 55 sit
1175 1729 139 55 compossi-

637 1772 108 49 bile
704 1772 108 49 deum
771 1772 108 49 esse
839 1772 94 49 rem
893 1772 162 49 alicuius
1014 1772 148 49 generis
1122 1772 94 49 vel
1163 1772 148 49 praedica-

623 1816 119 54 menti.
730 1816 71 54 Et
765 1816 142 54 arguitur
872 1816 95 54 quod
931 1816 95 54 non:
991 1816 95 54 quia
1050 1816 95 54 deum
1109 1816 119 54 habere
1192 1816 119 54 partem
1264 1816 47 54 in

631 1857 177 54 trinsecam
767 1857 82 54 et
808 1857 109 54 deum
876 1857 109 54 esse
944 1857 163 54 simplice
1067 1857 95 54 non
1121 1857 109 54 sunt
1175 1857 150 54 compossi-

639 1903 113 58 bilia.
718 1903 90 58 ergo
774 1903 79 58 nec
820 1903 90 58 deum
876 1903 90 58 esse
933 1903 68 58 in
967 1903 147 58 grieserie
1080 1903 79 58 est
1125 1903 181 58 compossibile
1260 1903 57 58 sue

640 1944 177 52 simplicitati.
785 1944 146 52 Antecedens
900 1944 73 52 est
942 1944 104 52 notum:
1015 1944 62 52 et
1046 1944 167 52 consequentia
1181 1944 135 52 probatur.
1275 1944 52 52 Nam

397 1985 116 59 genus
474 1985 90 59 (vt
526 1985 129 59 dicit.
616 1985 77 59 P.
655 1985 77 59 5.
694 1985 116 59 meta.
771 1985 77 59 c.
810 1985 77 59 de
849 1985 129 59 parte)
939 1985 90 59 est
991 1985 103 59 pars
1055 1985 155 59 speciei.
1171 1985 77 59 et
1197 1985 116 59 Commen-

392 2035 87 49 ibi
441 2035 99 49 ait.
503 2035 111 49 genus
577 2035 87 49 est
627 2035 99 49 pars
689 2035 148 49 formarum
800 2035 148 49 speciei.
911 2035 111 49 Forma
985 2035 99 49 enim
1047 2035 136 49 speciei
1146 2035 161 49 diuiditur
1258 2035 49 49 in

396 2077 108 56 genus
468 2077 72 56 et
504 2077 192 56 differentiam
660 2077 96 56 Item
720 2077 108 56 Auic.
792 2077 72 56 5.
828 2077 108 56 meta.
899 2077 132 56 Dicemus
995 2077 120 56 inquit
1079 2077 96 56 quod
1139 2077 108 56 genus
1199 2077 108 56 praedi-

397 2128 103 48 catur
465 2128 69 48 de
500 2128 138 48 speciem:
603 2128 80 48 ita
649 2128 92 48 quod
706 2128 80 48 est
752 2128 92 48 pars
809 2128 172 48 quantitatis
947 2128 103 48 eius.
1039 2128 69 48 Ex
1073 2128 80 48 his
1119 2128 103 48 patet
1188 2128 92 48 quod
1234 2128 80 48 genus

390 2162 142 59 significat
502 2162 102 59 partem
573 2162 71 59 rei
614 2162 81 59 quae
664 2162 163 59 significatur
797 2162 71 59 per
837 2162 112 59 speciem
919 2162 92 59 eius:
980 2162 61 59 et
1010 2162 71 59 per
1051 2162 142 59 consequens
1163 2162 71 59 cum
1203 2162 81 59 omne
1244 2162 61 59 quod

387 2212 67 46 est
426 2212 57 46 in
454 2212 124 46 grieserie
550 2212 67 46 sit
588 2212 57 46 in
617 2212 96 46 aliqua
684 2212 96 46 specie
751 2212 76 46 eius
798 2212 115 46 sequitur
884 2212 76 46 quod
932 2212 86 46 omnis
990 2212 67 46 res
1028 2212 115 46 existens
1114 2212 57 46 in
1143 2212 134 46 griesernie
1238 2212 67 46 habet

405 2254 118 50 partem
488 2254 71 50 et
523 2254 130 50 partem.
641 2254 71 50 2o
676 2254 118 50 divine
759 2254 188 50 simplicitati
912 2254 141 50 repugnat
1018 2254 118 50 habere
1100 2254 153 50 materiam.
1218 2254 94 50 ergo
1265 2254 47 50 ei

399 2302 113 45 repugnat
484 2302 76 45 esse
531 2302 57 45 in
559 2302 132 45 grieserie.
663 2302 132 45 Antecedens
767 2302 94 45 patet.
833 2302 151 45 consequentia
955 2302 123 45 probatur:
1050 2302 104 45 quoniam
1125 2302 85 45 genus
1182 2302 132 45 significat
1276 2302 38 45 ma

395 2336 125 53 teriam
482 2336 87 53 rei
532 2336 75 53 de
569 2336 87 53 qua
619 2336 137 53 dicitur
718 2336 100 53 vnde
781 2336 87 53 10e
831 2336 112 53 meta.
905 2336 125 53 dicit.
993 2336 75 53 P.
1030 2336 112 53 genus
1105 2336 87 53 est
1155 2336 150 53 materia.
1254 2336 50 53 Et

395 2381 124 53 statim
482 2381 75 53 de
519 2381 87 53 quo
569 2381 149 53 graesere
680 2381 149 53 loquatur
792 2381 162 53 ostendens
916 2381 99 53 ait.
979 2381 99 53 quod
1041 2381 137 53 dicitur
1140 2381 124 53 genus:
1227 2381 87 53 non
1264 2381 50 53 vt

398 2423 190 56 heraclitorum:
555 2423 78 56 sed
599 2423 67 56 vt
633 2423 67 56 in
667 2423 123 56 natura.
756 2423 78 56 vbi
801 2423 202 56 Commentatoris.
969 2423 123 56 exponit
1058 2423 90 56 sic.
1114 2423 101 56 genus
1182 2423 78 56 est
1215 2423 101 56 materia

387 2477 64 46 id
419 2477 75 46 est
462 2477 150 46 significat
580 2477 128 46 materiam
676 2477 128 46 scilicet
773 2477 96 46 genus
837 2477 86 46 quod
890 2477 118 46 dicitur
976 2477 96 46 genus
1040 2477 64 46 in
1072 2477 75 46 rei
1115 2477 139 46 veritate:
1222 2477 75 46 non
1254 2477 54 46 ge-

382 2515 86 55 nus
431 2515 98 55 quod
492 2515 134 55 dicitur
590 2515 73 55 de
626 2515 147 55 homnibus
736 2515 171 55 attributis
871 2515 86 55 vni
920 2515 159 55 principi:
1042 2515 110 55 sicut
1115 2515 110 55 genus
1177 2515 134 55 herculeo-

388 2549 85 59 rum.
441 2549 74 59 sed
484 2549 96 59 genus
548 2549 85 59 quod
601 2549 159 59 praedicatur
728 2549 64 59 de
760 2549 96 59 rebus
824 2549 170 59 existentibus
962 2549 127 59 secundum
1057 2549 127 59 naturam:
1153 2549 85 59 quod
1206 2549 74 59 ita
1238 2549 74 59 diffi

392 2597 72 53 nit
433 2597 124 53 scilicet
526 2597 83 53 quod
578 2597 72 53 est
619 2597 166 53 praedicabile
754 2597 62 53 de
785 2597 124 53 pluribus
878 2597 134 53 speciebus
981 2597 124 53 secundum
1074 2597 93 53 quid.
1136 2597 83 53 Ecce
1188 2597 83 53 quod
1230 2597 72 53 loqui

395 2641 75 55 tur
438 2641 118 55 proprie
524 2641 64 55 de
556 2641 139 55 graesere:
663 2641 64 55 vt
695 2641 118 55 sumitur
781 2641 64 55 in
813 2641 150 55 proposito:
931 2641 64 55 et
963 2641 96 55 dicit
1027 2641 86 55 quod
1081 2641 150 55 significat
1188 2641 118 55 materiam.

368 2682 88 103 Ad
412 2682 190 103 oppositum
559 2682 190 103 arguitur.
705 2682 117 103 deus
778 2682 102 103 est
837 2682 88 103 in
881 2682 190 103 griesere.
1027 2682 117 103 ergo
1100 2682 102 103 non
1159 2682 102 103 hoc
1203 2682 102 103 repu-

740 2731 105 48 gnat
806 2731 92 48 sue
858 2731 223 48 simplicitati.
1042 2731 184 48 Antecedens
1187 2731 131 48 probat
1265 2731 53 48 au

385 2756 137 68 ctorite
484 2756 124 68 Damen.
571 2756 149 68 dicentis
683 2756 75 68 in
720 2756 124 68 elario
807 2756 99 68 suo.
869 2756 99 68 quod
931 2756 149 68 subiecta
1043 2756 87 68 est
1093 2756 112 68 genus
1155 2756 149 68 generalium

395 2823 87 47 qui
444 2823 87 47 non
494 2823 111 47 habet
568 2823 111 47 supra
642 2823 74 47 se
679 2823 111 47 aliud
753 2823 124 47 genus:
840 2823 74 47 et
877 2823 148 47 subiecta
988 2823 99 47 illa
1050 2823 136 47 diditur
1149 2823 74 47 in
1174 2823 136 47 corpoream

382 2860 78 49 et
421 2860 208 49 incorpoream.
590 2860 156 49 continet
707 2860 117 49 autem
785 2860 182 49 incorporea
929 2860 156 49 subiecta
1046 2860 104 49 deum
1111 2860 143 49 angelos
1202 2860 104 49 animam

382 2903 145 49 demones.
491 2903 72 49 Ex
527 2903 84 49 quo
575 2903 109 49 dicto
647 2903 121 49 patet:
732 2903 97 49 quod
792 2903 97 49 deus
852 2903 84 49 est
901 2903 72 49 in
937 2903 157 49 grieserie
1045 2903 121 49 subiecte

352 2927 116 107 Ad
410 2927 328 107 declarationem
679 2927 212 107 quasiti
834 2927 212 107 videnda
988 2927 154 107 sunt
1084 2927 154 107 duo.
1161 2927 135 107 primo

847 2987 94 58 est
900 2987 81 58 in
941 2987 161 58 speciali
1061 2987 81 58 an
1102 2987 148 58 propter
1196 2987 107 58 summam

375 3031 91 63 dei
427 3031 220 63 simplicitatem
608 3031 155 63 negandum
725 3031 91 63 sit
777 3031 104 63 deum
842 3031 104 63 esse
906 3031 78 63 in
945 3031 130 63 grere:
1036 3031 78 63 2m
1075 3031 194 63 generaliter
1217 3031 91 63 vtrum

378 3079 175 69 propter
505 3079 175 69 aliquam
632 3079 191 69 rationem
775 3079 111 69 hoc
839 3079 111 69 sit
886 3079 175 69 negandum:

1334 274 171 105 Quantum
1459 274 93 105 ad
1506 274 156 105 primum
1614 274 109 105 est
1677 274 156 105 opinio
1786 274 187 105 multorum
1926 274 124 105 quod
2003 274 124 105 deus
2081 274 171 105 propter
2206 274 124 105 suam

1642 328 188 62 simplicitatem
1797 328 100 62 nullo
1863 328 89 62 modo
1919 328 77 62 est
1963 328 66 62 in
1996 328 155 62 grestenie:
2118 328 66 62 eo
2151 328 89 62 quod
2195 328 89 62 quaeli

1356 369 91 58 bet
1408 369 91 58 res
1460 369 196 58 cuiuscumque
1617 369 143 58 generis
1721 369 91 58 vel
1773 369 222 58 praedicamenti
1956 369 78 58 ex
1995 369 130 58 natura
2086 369 91 58 rei
2139 369 91 58 est
2178 369 104 58 aliquo

1360 412 101 64 modo
1423 412 176 64 composita.
1562 412 88 64 hoc
1612 412 113 64 tamen
1688 412 189 64 diuersimode
1839 412 63 64 a
1864 412 151 64 diuersis
1977 412 151 64 ponitur:
2090 412 126 64 quidam
2178 412 101 64 enim
2229 412 50 64 di

1366 456 96 60 cunt
1426 456 96 60 quod
1486 456 155 60 quaelibet
1605 456 84 60 res
1653 456 84 60 per
1701 456 72 60 se
1737 456 144 60 existens
1844 456 72 60 in
1880 456 203 60 praedicamento
2048 456 84 60 est
2096 456 167 60 intrinsece
2215 456 72 60 con-

1360 496 123 71 posita
1446 496 74 71 ex
1482 496 147 71 diuersis
1593 496 110 71 rebus
1666 496 135 71 actuali
1765 496 147 71 scilicet
1875 496 74 71 et
1912 496 172 71 potentiali
2047 496 86 71 sui
2096 496 135 71 generis
2182 496 110 71 tamquam

1367 545 72 54 ex
1403 545 145 54 propriis
1512 545 181 54 principiis.
1680 545 84 54 hec
1729 545 121 54 opinio
1813 545 145 54 probatur
1921 545 217 54 auctoritatibus
2102 545 72 54 et
2126 545 157 54 rationibus.

1367 588 84 60 Est
1415 588 108 60 autem
1487 588 108 60 prima
1558 588 167 60 auctoritas
1690 588 215 60 Commentatoris.
1869 588 84 60 12.
1917 588 108 60 meta.
1988 588 143 60 dicentis
2096 588 108 60 omnia
2168 588 96 60 quae
2215 588 84 60 trans

1366 638 140 48 mutantur
1471 638 117 48 habent
1553 638 152 48 materiam:
1670 638 82 48 sed
1717 638 128 48 naturae
1810 638 164 48 materiarum
1939 638 175 48 diuersantur
2079 638 140 48 secundum
2184 638 105 48 modos
2242 638 47 48 na

1365 675 114 58 ture
1436 675 271 58 transmutatonis:
1665 675 100 58 cum
1722 675 114 58 ergo
1793 675 114 58 sint
1865 675 114 58 modi
1936 675 271 58 transmutationis
2150 675 129 58 diuerso

1361 719 89 55 rum
1412 719 140 55 generum
1514 719 153 55 sequitur
1629 719 102 55 quod
1693 719 102 55 sint
1757 719 140 55 materie
1859 719 89 55 est
1910 719 179 55 diuersorum
2050 719 140 55 generum
2152 719 140 55 proprie
2241 719 51 55 il

1363 767 105 53 lis.
1428 767 144 53 Constat
1533 767 92 53 aut
1585 767 105 53 quod
1651 767 118 53 etiam
1729 767 144 53 diuersi
1834 767 105 53 sunt
1899 767 118 53 actus
1978 767 79 53 et
2017 767 118 53 forme
2096 767 144 53 generum
2187 767 92 53 diuer

1367 810 138 51 sortues.
1471 810 92 51 ergo
1529 810 150 51 quodlibet
1644 810 81 51 ens
1690 810 69 51 in
1724 810 115 51 genere
1805 810 161 51 compositum
1931 810 81 51 est
1977 810 69 51 ex
2012 810 127 51 proprio
2104 810 92 51 actu
2161 810 69 51 et
2184 810 104 51 propria

1366 850 140 62 potentia
1471 850 116 62 illius
1553 850 140 62 generis.
1681 850 93 62 Item
1739 850 116 62 ibidem
1821 850 93 62 ait.
1879 850 93 62 quod
1937 850 128 62 quamuis
2030 850 128 62 materia
2123 850 105 62 prima
2193 850 82 62 sit
2228 850 70 62 vna:

1363 895 114 53 tamen
1440 895 114 53 multa
1516 895 89 53 est
1567 895 76 53 in
1605 895 153 53 potentia
1719 895 76 53 et
1758 895 191 53 habilitate:
1910 895 76 53 et
1948 895 165 53 quodlibet
2076 895 89 53 ens
2126 895 89 53 cum
2165 895 114 53 materia

1370 938 128 57 communi
1463 938 105 57 habet
1533 938 139 57 materiam
1638 938 151 57 propriam.
1754 938 70 57 Et
1789 938 128 57 subdit.
1882 938 81 57 Non
1928 938 93 57 enim
1986 938 151 57 quodlibet
2103 938 81 57 ens
2149 938 81 57 fit
2196 938 70 57 ex
2219 938 58 57 qua

1360 977 98 65 libet
1425 977 119 65 poteio:
1512 977 76 65 sed
1555 977 152 65 vnuquodque
1674 977 108 65 entium
1750 977 76 65 fit
1794 977 65 65 ex
1826 977 65 65 eo
1858 977 87 65 quod
1913 977 76 65 est
1956 977 65 65 in
1988 977 119 65 posteso
2075 977 65 65 id
2108 977 87 65 quod
2162 977 87 65 fit.
2216 977 65 65 id
2238 977 43 65 es

1365 1028 80 49 ex
1405 1028 160 49 potentia
1524 1028 160 49 propria:
1644 1028 93 49 ita
1697 1028 106 49 quod
1764 1028 146 49 numerus
1870 1028 200 49 potentiarum
2030 1028 93 49 sit
2083 1028 120 49 sicut
2150 1028 133 49 numerus.

1370 1073 156 62 specierum
1490 1073 120 62 entium
1574 1073 204 62 generabilium.
1742 1073 72 62 Et
1778 1073 108 62 dixit
1851 1073 84 62 hic
1899 1073 96 62 Arum
1959 1073 96 62 quia
2019 1073 144 62 opinatur
2127 1073 96 62 quod
2175 1073 108 62 propria

1359 1127 122 44 materia
1447 1127 77 44 vna
1492 1127 77 44 est
1536 1127 133 44 secundum
1635 1127 155 44 subiectum:
1757 1127 66 44 et
1790 1127 100 44 multa
1857 1127 133 44 secundum
1956 1127 177 44 habilitatem:
2100 1127 77 44 hec
2133 1127 166 44 Commentators.

1383 1157 65 57 Ex
1415 1157 76 57 quo
1459 1157 162 57 auctoritate
1588 1157 119 57 apparet
1675 1157 87 57 quod
1729 1157 141 57 quaelibet
1837 1157 119 57 species
1924 1157 108 57 entium
2000 1157 173 57 generabilium
2140 1157 97 57 habet
2194 1157 76 57 vltra

1366 1204 130 48 commnem
1461 1204 153 48 materiam:
1578 1204 141 48 materiam
1685 1204 71 48 et
1720 1204 153 48 potentiam
1838 1204 141 48 propriam
1944 1204 71 48 ex
1979 1204 83 48 qua
2026 1204 94 48 fit:
2085 1204 71 48 et
2121 1204 83 48 tot
2168 1204 94 48 sunt
2215 1204 59 48 ta-

1361 1244 94 51 les
1414 1244 161 51 potentie
1535 1244 161 51 proprie:
1655 1244 107 51 quot
1722 1244 147 51 species
1829 1244 214 51 generabilium
2003 1244 147 51 entium.
2137 1244 107 51 Item
2191 1244 107 51 ibidem

1362 1293 77 54 vbi
1406 1293 133 54 soluitur
1506 1293 133 54 quaestio
1605 1293 88 54 mota
1660 1293 77 54 in.
1704 1293 55 54 3
1727 1293 66 54 an
1760 1293 133 54 scilicet
1859 1293 144 54 principio
1970 1293 110 54 omnium
2047 1293 221 54 praedicamentorum
2224 1293 66 54 sint

1358 1333 104 58 eadem
1428 1333 81 58 vel
1474 1333 138 58 diuersa.
1577 1333 104 58 dicit
1647 1333 207 58 Commentatoris.
1819 1333 92 58 cum.
1877 1333 69 58 P.
1912 1333 92 58 quod
1969 1333 115 58 omnium
2050 1333 150 58 principio
2165 1333 92 58 sunt
2211 1333 81 58 eadem

1362 1379 130 50 secundum
1459 1379 184 50 proportionem:
1611 1379 76 50 non
1654 1379 97 50 autem
1719 1379 130 50 secundum
1816 1379 130 50 naturam.
1913 1379 86 50 vnde
1967 1379 184 50 Commentatori.
2118 1379 86 50 ait.
2172 1379 65 50 In
2194 1379 86 50 vnoquo

1363 1420 88 53 que
1414 1420 252 53 praedicamentorum
1628 1420 189 53 accidentium
1779 1420 189 53 inueniuntur
1930 1420 176 53 principio:
2069 1420 126 53 quorum
2144 1420 139 53 proportio

1361 1468 72 51 ad
1397 1468 95 51 ista
1457 1468 95 51 est:
1516 1468 107 51 sicut
1588 1468 155 51 proportio
1707 1468 191 51 principiorum
1862 1468 143 51 subiecte
1970 1468 72 51 ad
2006 1468 155 51 subiectam
2125 1468 84 51 non
2173 1468 95 51 quod
2220 1468 60 51 ha-

1362 1503 112 56 beant
1436 1503 112 56 illam
1510 1503 124 56 eandem
1597 1503 149 56 naturam.
1709 1503 74 56 Et
1746 1503 161 56 sequitur.
1870 1503 74 56 et
1907 1503 124 56 dicere
1994 1503 99 56 quod
2056 1503 161 56 principio
2180 1503 99 56 sint
2230 1503 62 56 ea-

1364 1551 93 47 dem
1417 1551 226 47 proportionati
1603 1551 93 47 est
1656 1551 80 47 vt
1696 1551 173 47 diceremus
1829 1551 106 47 quod
1895 1551 146 47 materia
2002 1551 80 47 et
2042 1551 120 47 forma
2121 1551 80 47 et
2148 1551 133 47 priuatio

1358 1597 99 48 sunt
1419 1597 161 48 principio
1543 1597 74 48 10
1580 1597 259 48 praedicamentorum.
1802 1597 86 48 sed
1852 1597 86 48 que
1901 1597 74 48 in
1938 1597 148 48 subiecta
2049 1597 136 48 diecunt
2148 1597 74 48 ab
2185 1597 86 48 eis
2222 1597 62 48 que

1363 1637 105 51 sunt
1428 1637 183 51 cuiuslibet
1573 1637 236 51 praedicamenti.
1769 1637 79 51 Et
1808 1637 170 51 similiter
1939 1637 79 51 ea
1979 1637 105 51 quae
2044 1637 105 51 sunt
2097 1637 197 51 vniuscuiusque

1371 1682 212 52 praedicamenti
1545 1682 112 52 dtunt
1620 1682 75 52 ab
1657 1682 125 52 aliis:
1745 1682 112 52 haiet
1819 1682 199 52 Commentator.
2006 1682 100 52 Item
2069 1682 75 52 ad
2106 1682 87 52 hoc
2156 1682 87 52 est
2193 1682 100 52 aucto-

1363 1725 126 52 ritas
1447 1725 126 52 Auic.
1531 1725 84 52 2o
1572 1725 223 52 sufficientie
1754 1725 181 52 dicentis.
1893 1725 126 52 nulla
1977 1725 195 52 cathegoria
2131 1725 98 52 est
2186 1725 98 52 qua
2228 1725 70 52 non

1362 1768 102 56 habet
1430 1768 114 56 exitum
1509 1768 68 56 de
1543 1768 114 56 poteso
1623 1768 80 56 sua
1668 1768 68 56 et
1702 1768 91 56 suum
1759 1768 148 56 effectum.
1873 1768 91 56 vult
1930 1768 91 56 ergo
1986 1768 91 56 quod
2043 1768 68 56 in
2077 1768 136 56 quolibet
2168 1768 125 56 praedica-

1369 1809 115 64 mento
1446 1809 89 64 sit
1497 1809 140 64 propria
1598 1809 127 64 poteso
1687 1809 76 64 et
1726 1809 153 64 proprius
1840 1809 127 64 actus.
1954 1809 165 64 Ratonibus
2082 1809 89 64 est
2133 1809 127 64 probat
2209 1809 89 64 eadem

1364 1856 193 51 onclusiosic.
1521 1856 121 51 primo.
1606 1856 109 51 omnis
1678 1856 85 51 res
1726 1856 193 51 diffinibilis
1883 1856 85 51 est
1932 1856 157 51 composita
2052 1856 72 51 ex
2089 1856 169 51 distinctis
2209 1856 85 51 parti

1358 1900 83 46 bus
1406 1900 178 46 itrinsecis:
1548 1900 83 46 sed
1595 1900 107 46 omnis
1666 1900 83 46 res
1714 1900 83 46 per
1761 1900 71 46 se
1797 1900 142 46 existens
1904 1900 71 46 in
1939 1900 166 46 grieseriae
2070 1900 83 46 est
2105 1900 178 46 diffinibilis.

1358 1944 94 57 ergo
1417 1944 94 57 etc.
1476 1944 106 57 maior
1546 1944 106 57 patet
1617 1944 94 57 per.
1675 1944 70 57 P.
1711 1944 70 57 7.
1746 1944 106 57 meta.
1816 1944 82 57 vbi
1863 1944 94 57 ait:
1922 1944 129 57 quoniam
2016 1944 106 57 omnis
2087 1944 164 57 diffinitio
2216 1944 106 57 ratio

1360 1989 83 59 est:
1412 1989 62 59 et
1443 1989 93 59 omnis
1505 1989 93 59 ratio
1567 1989 104 59 partes
1640 1989 104 59 habet:
1712 1989 62 59 vt
1744 1989 93 59 autem
1806 1989 93 59 ratio
1868 1989 62 59 ad
1899 1989 73 59 rem
1941 1989 62 59 et
1972 1989 104 59 partes
2044 1989 125 59 rationis
2138 1989 62 59 ad
2169 1989 104 59 partem
2231 1989 52 59 rei

1364 2029 138 51 similiter
1471 2029 64 51 se
1503 2029 106 51 habet.
1577 2029 75 51 vbi
1620 2029 96 51 patet
1684 2029 96 51 quod.
1748 2029 64 51 P.
1780 2029 96 51 vult:
1843 2029 85 51 quod
1897 2029 96 51 sicut
1961 2029 85 51 tota
2014 2029 149 51 diffinitio
2131 2029 96 51 totam
2195 2029 75 51 rem
2227 2029 53 51 si-

1354 2073 141 58 gnificat:
1463 2073 76 58 sic
1506 2073 87 58 pars
1560 2073 184 58 diffinitionis
1712 2073 152 58 significat
1831 2073 108 58 partem
1907 2073 87 58 rei:
1961 2073 65 58 et
1993 2073 76 58 per
2037 2073 152 58 consequens
2156 2073 87 58 omne
2199 2073 87 58 diffi-

1367 2128 124 42 nibile
1454 2128 112 42 habet
1528 2128 124 42 partem
1615 2128 75 42 et
1653 2128 137 42 partem.
1777 2128 99 42 Item
1839 2128 199 42 Commentator.
2001 2128 137 42 ibidem.
2100 2128 186 42 quemadmodum
2237 2128 62 42 in-

1358 2162 103 54 quit
1422 2162 180 54 diffinitio
1564 2162 154 54 declarat
1680 2162 180 54 quiditatem
1821 2162 90 54 rei
1873 2162 90 54 ita
1924 2162 103 54 pars
1988 2162 219 54 diffinitionis
2155 2162 129 54 declarat

1355 2203 126 59 partem
1443 2203 176 59 quiditatis
1582 2203 101 59 rei.
1670 2203 113 59 Item.
1745 2203 75 59 P.
1783 2203 75 59 in
1820 2203 101 59 eode
1883 2203 101 59 ait.
1946 2203 101 59 quod
2009 2203 75 59 si
2047 2203 113 59 neque
2122 2203 88 59 vna
2172 2203 151 59 subiecta

1354 2260 100 42 est
1411 2260 86 42 ex
1454 2260 186 42 subiectis
1597 2260 215 42 incomposita
1769 2260 143 42 vtique
1869 2260 115 42 erit
1941 2260 200 42 substantia
2098 2260 143 42 omnis.
2184 2260 100 42 quare

1346 2298 132 48 neque
1434 2298 102 48 non
1493 2298 146 48 vtique
1595 2298 117 48 erit
1668 2298 132 48 neque
1756 2298 132 48 vnius
1844 2298 220 48 substantie.
2020 2298 117 48 Ecce
2093 2298 132 48 quod.
2181 2298 88 48 P.
2210 2298 73 48 in-

1353 2332 98 58 fert
1414 2332 98 58 quod
1475 2332 73 58 si
1511 2332 110 58 omnis
1585 2332 146 58 subiecta
1694 2332 110 58 esset
1768 2332 134 58 simplex
1865 2332 134 58 nullius
1963 2332 146 58 subiecte
2073 2332 110 58 esset
2134 2332 146 58 diffinitio

1363 2378 72 56 uae
1404 2378 166 56 consequentia
1539 2378 93 56 super
1601 2378 72 56 hoc
1642 2378 135 56 fundatur:
1746 2378 83 56 quod
1797 2378 83 56 omne
1849 2378 166 56 diffinibsire
1984 2378 72 56 est
2025 2378 155 56 compositum.
2149 2378 83 56 vnde
2201 2378 62 56 et
2222 2378 62 56 Com-

1352 2426 149 53 mentator
1464 2426 87 53 ibi
1513 2426 100 53 ait.
1576 2426 100 53 quod
1638 2426 112 53 omnes
1713 2426 149 53 estimant
1825 2426 100 53 quod
1887 2426 149 53 subiecte
1999 2426 100 53 sint
2061 2426 174 53 composite:
2198 2426 75 53 ex
2236 2426 87 53 hoc

1366 2470 80 51 quod
1416 2470 130 51 concedunt
1516 2470 80 51 quod
1566 2470 170 51 diffinitiones
1706 2470 150 51 significant
1825 2470 140 51 compositum
1935 2470 90 51 minor
1995 2470 130 51 probatur:
2095 2470 110 51 quoniam
2175 2470 60 51 vt
2195 2470 70 51 patet

1354 2514 65 51 ex
1387 2514 109 51 eodem.
1463 2514 65 51 7.
1495 2514 65 51 ad
1528 2514 185 51 diffinitionem
1680 2514 130 51 sufficit
1778 2514 98 51 genus
1843 2514 65 51 et
1875 2514 163 51 differentia
2006 2514 76 51 cum
2049 2514 87 51 ergo
2104 2514 98 51 omnis
2169 2514 119 51 species
2245 2514 54 51 ge-

1353 2554 84 47 nus
1401 2554 120 47 habeat
1485 2554 72 47 et
1521 2554 192 47 differentia:
1677 2554 144 47 sequitur
1785 2554 96 47 quod
1845 2554 156 47 quaelibet
1965 2554 84 47 sit
2013 2554 204 47 diffinibilis.
2181 2554 84 47 Nec
2217 2554 60 47 ob-

1355 2593 106 54 stat
1421 2593 80 54 vt
1461 2593 133 54 dicunt
1554 2593 80 54 si
1593 2593 106 54 quis
1660 2593 146 54 inquiat
1766 2593 106 54 quod
1832 2593 186 54 accidentia
1978 2593 212 54 diffiniuntur
2150 2593 93 54 per
2190 2593 93 54 addi-

1349 2643 148 54 tamenta:
1460 2643 99 54 quia
1521 2643 86 54 hoc
1571 2643 86 54 non
1620 2643 99 54 est:
1682 2643 136 54 quoniam
1780 2643 99 54 sint
1842 2643 173 54 simplicia:
1978 2643 86 54 sed
2027 2643 136 54 propter
2126 2643 111 54 eorum
2187 2643 99 54 realem

1352 2678 187 62 dependentiam
1504 2678 175 62 essentialem
1645 2678 70 62 ad
1680 2678 152 62 subiectum
1797 2678 129 62 propter
1890 2678 94 62 quam
1949 2678 82 62 per
1995 2678 152 62 subiectum
2101 2678 175 62 diffiniuntur:

1362 2730 66 51 et
1395 2730 88 51 estm
1450 2730 121 51 quoniam
1537 2730 99 51 eorum
1603 2730 164 51 differentie
1735 2730 77 51 non
1779 2730 88 51 sunt
1833 2730 99 51 nobis
1899 2730 99 51 note:
1965 2730 121 51 quoniam
2053 2730 66 51 si
2086 2730 99 51 nobis
2151 2730 88 51 note
2195 2730 88 51 essent

1362 2771 85 55 ita
1410 2771 207 55 diffinirentur
1581 2771 97 55 sine
1641 2771 170 55 additatis:
1775 2771 97 55 sicu
1836 2771 158 55 subiecte.
1982 2771 73 55 2a
2018 2771 109 55 ratio
2091 2771 97 55 est:
2152 2771 97 55 quia
2213 2771 73 55 si
2237 2771 61 55 hoc

1350 2820 89 49 non
1401 2820 127 49 esset:
1490 2820 89 49 hoc
1541 2820 127 49 maxime
1630 2820 165 49 videretur
1757 2820 114 49 verum
1833 2820 76 49 de
1871 2820 203 49 accidentibus
2036 2820 102 49 quae
2099 2820 152 49 videntur
2201 2820 76 49 esse

1352 2859 111 46 forme
1426 2859 173 46 simplices:
1561 2859 86 46 sed
1610 2859 86 46 hoc
1660 2859 86 46 est
1709 2859 136 46 falsum:
1808 2859 74 46 vt
1845 2859 160 46 probatur.
1968 2859 111 46 primo
2042 2859 99 46 sic.
2103 2859 111 46 omnis
2165 2859 111 46 mutatio

1363 2906 92 56 per
1416 2906 79 56 se
1455 2906 92 56 vna
1508 2906 92 56 est
1561 2906 79 56 ad
1601 2906 158 56 terminum
1719 2906 92 56 per
1772 2906 79 56 se
1812 2906 119 56 vnum:
1891 2906 92 56 sed
1944 2906 172 56 dealbatio
2076 2906 92 56 est
2129 2906 92 56 per
2182 2906 79 56 se
2208 2906 66 56 vna

1351 2948 152 52 mutatio:
1465 2948 76 52 vt
1503 2948 127 52 patet.
1592 2948 101 52 ergo
1655 2948 89 52 est
1706 2948 76 52 ad
1744 2948 152 52 terminum
1858 2948 89 52 per
1909 2948 76 52 se
1947 2948 114 52 vnum.
2023 2948 101 52 ille
2086 2948 114 52 autem
2149 2948 127 52 terminus

1353 2988 75 58 non
1396 2988 75 58 est
1439 2988 107 58 aliqua
1513 2988 96 58 forma
1577 2988 171 58 simpliciter:
1716 2988 117 58 quoniam
1801 2988 85 58 ipsa
1855 2988 75 58 non
1898 2988 75 58 fit
1940 2988 85 58 nisi
1994 2988 75 58 per
2036 2988 139 58 accidens:
2143 2988 64 58 vt
2175 2988 96 58 patet
2228 2988 43 58 ex

1366 3028 67 64 y.
1399 3028 100 64 meta.
1466 3028 78 64 nec
1510 3028 78 64 est
1555 3028 156 64 compositum
1677 3028 67 64 ex
1710 3028 133 64 subiecta
1810 3028 67 64 et
1844 3028 156 64 accidente:
1966 3028 89 64 quia
2021 3028 100 64 illud
2088 3028 78 64 non
2132 3028 78 64 est
2177 3028 89 64 vnum
2232 3028 67 64 ni
2255 3028 44 64 et

1355 3078 63 72 si
1386 3078 73 72 per
1428 3078 136 72 accidens:
1533 3078 63 72 vt
1564 3078 94 72 patet
1627 3078 73 72 ex.
1669 3078 63 72 5.
1700 3078 94 72 meta.
1763 3078 84 72 ergo
1816 3078 73 72 est
1858 3078 147 72 compositum
1973 3078 73 72 per
2015 3078 63 72 se
2046 3078 63 72 de
2078 3078 94 72 gaede
2141 3078 157 72 accidentis:
2256 3078 42 72 et
