2462 3528
186 242 66 69 ⁋
212 242 159 69 Probatur
332 242 93 69 est
385 242 159 69 ratione:
504 242 106 69 quia
571 242 80 69 si
610 242 106 69 illa
677 242 159 69 realitas
796 242 66 69 a
823 242 93 69 qua
876 242 172 69 accipitur
995 242 93 69 genus

184 302 123 47 esset
266 302 109 47 vere
335 302 109 47 tota
403 302 164 47 quiditas
526 302 109 47 rei:
594 302 123 47 solum
676 302 123 47 genus
758 302 164 47 complete
881 302 205 47 diffiniret.
1031 302 55 47 go

178 347 75 53 nus
221 347 75 53 est
264 347 64 53 et
296 347 160 53 differentia
424 347 75 53 non
467 347 171 53 diffinirent:
606 347 118 53 quoniam
691 347 96 53 ratio
755 347 64 53 ex
787 347 75 53 eis
830 347 75 53 non
873 347 139 53 iudicaret
979 347 96 53 primo
1033 347 64 53 idem

179 389 183 53 diffinito:
323 389 170 53 vnaqueque
454 389 105 53 enim
519 389 92 53 res
572 389 92 53 est
624 389 118 53 solum
702 389 118 53 ipsa.
781 389 79 53 Et
820 389 105 53 ideo
886 389 105 53 illa
951 389 118 53 ratio
1016 389 79 53 quae

185 431 103 46 bis
244 431 206 46 exprimeret
406 431 103 46 eam
465 431 103 46 non
524 431 192 46 iudicaret
671 431 133 46 primo
760 431 118 46 idem
834 431 192 46 quiditati
966 431 118 46 illius

170 476 117 46 rei.
243 476 73 46 ⁋
273 476 117 46 Item
346 476 132 46 alibi
433 476 161 46 arguunt
550 476 88 46 ad
594 476 132 46 idem:
682 476 117 46 quia
755 476 175 46 realitas
886 476 73 46 a
916 476 102 46 qua
959 476 132 46 sumitur

186 519 112 50 genus
260 519 87 50 est
310 519 175 50 principium
448 519 175 50 potentiale
585 519 125 50 realis
673 519 200 50 conuenientie
835 519 87 50 cum
885 519 100 50 alia
948 519 137 50 specie.
1035 519 50 50 et

187 565 132 48 tealitas
286 565 55 48 a
308 565 77 48 qua
351 565 121 48 sumitur
439 565 164 48 differentia
571 565 77 48 est
615 565 153 48 principium
735 565 110 48 realis
812 565 175 48 differentie:
954 565 77 48 sed
998 565 77 48 non
1031 565 55 48 est

180 606 178 50 possibile
318 606 137 50 eandem
414 606 192 50 realitatem
565 606 110 50 esse
633 606 192 50 principium
784 606 137 50 realis
880 606 220 50 conuenientie
1045 606 55 50 et

172 656 127 48 realis
261 656 190 48 differentie
413 656 165 48 aliquorum
540 656 177 48 adinuicem.
679 656 101 48 ergo
742 656 101 48 alia
806 656 89 48 est
856 656 152 48 realitas
970 656 63 48 a
996 656 89 48 qua
1034 656 63 48 su-

169 694 151 45 mitur
270 694 168 45 genus.
388 694 101 45 et
438 694 134 45 alia
522 694 84 45 a
556 694 118 45 qua
623 694 185 45 sumitur
757 694 269 45 differentia.
975 694 84 45 ⁋
992 694 101 45 Item

172 737 129 51 alibi
258 737 86 51 si
301 737 100 51 non
358 737 143 51 essent
458 737 100 51 due
516 737 129 51 tales
602 737 215 51 realitates:
774 737 86 51 in
817 737 229 51 diffinitione
989 737 100 51 esset

172 781 190 51 nugatio.
315 781 79 51 ⁋
346 781 111 51 hec
410 781 158 51 opinio
520 781 142 51 falsa
615 781 111 51 est
679 781 111 51 tam
742 781 174 51 quantum
868 781 95 51 ad
916 781 142 51 illud
995 781 95 51 quod

185 823 119 53 dicit
264 823 79 53 de
304 823 132 53 genere
396 823 159 53 subiecte
515 823 106 53 quam
581 823 79 53 ad
621 823 79 53 id
660 823 106 53 quod
726 823 119 53 dicit
806 823 79 53 de
845 823 225 53 accidentibus.
1017 823 66 53 Nam

181 863 108 55 siue
248 863 108 55 sint
315 863 135 55 plures
410 863 121 55 forme
491 863 202 55 subiectales
652 863 81 55 in
693 863 162 55 subiecta
814 863 94 55 vna
868 863 189 55 composita:
1003 863 81 55 siue

172 910 101 42 vna
229 910 159 42 tantum:
345 910 145 42 falsum
447 910 101 42 est
504 910 116 42 quod
577 910 130 42 genus
664 910 203 42 significet
823 910 159 42 partem:
939 910 87 42 vt
968 910 130 42 volunt.

171 951 141 48 Alioquin
277 951 82 48 non
324 951 94 48 plus
382 951 199 48 praedicaretur
547 951 70 48 de
582 951 117 48 specie
664 951 70 48 in
699 951 106 48 quid:
769 951 94 48 quam
828 951 188 48 differentia:
980 951 94 48 quod
1027 951 59 48 est

167 994 167 46 falsum.
288 994 76 46 ⁋
318 994 121 46 Item
394 994 91 46 si
440 994 242 46 significaret
637 994 167 46 partem:
758 994 106 46 vel
818 994 197 46 sumeretur
970 994 76 46 a
985 994 106 46 parte

175 1040 159 50 speciei.
294 1040 120 50 verbi
374 1040 133 50 gratia
467 1040 133 50 animal
560 1040 80 50 ab
600 1040 120 50 anima
679 1040 186 50 sensitiua:
825 1040 80 50 et
865 1040 173 50 rationale
998 1040 80 50 ab
1025 1040 66 50 in-

159 1079 212 55 tellectiua
326 1079 91 55 vt
371 1079 167 55 dicunt:
493 1079 228 55 nihilominus
675 1079 106 55 res
735 1079 121 55 illa
811 1079 76 55 a
841 1079 106 55 qua
902 1079 167 55 sumitur
1008 1079 76 55 ge-

155 1126 109 51 nus
218 1126 109 51 non
280 1126 140 51 esset
373 1126 233 51 potentialis
560 1126 93 51 ad
607 1126 109 51 rem
669 1126 78 51 a
700 1126 109 51 qua
762 1126 171 51 sumitur
871 1126 218 51 differentia:

162 1169 104 52 nec
222 1169 252 52 perfectibilis
429 1169 104 52 per
489 1169 119 52 eam:
563 1169 89 52 vt
608 1169 163 52 dicunt:
727 1169 163 52 quoniam
845 1169 134 52 nulla
934 1169 134 52 forma
1009 1169 74 52 sub

166 1213 202 52 stantialis
324 1213 101 52 est
382 1213 245 52 perfectibilis
583 1213 101 52 per
641 1213 130 52 aliam
727 1213 144 52 formam
828 1213 230 52 subiectalem:
1001 1213 72 52 sed

166 1250 180 61 quelibet:
305 1250 125 61 etiam
388 1250 83 61 si
429 1250 138 61 plures
526 1250 138 61 essent
623 1250 125 61 simul
706 1250 83 61 in
748 1250 138 61 eodem:
845 1250 180 61 immediate
969 1250 111 61 perfi-

159 1300 97 45 cit
215 1300 180 45 materiam:
353 1300 125 45 sicut
436 1300 153 45 patebit
547 1300 83 45 in
589 1300 83 45 2o
631 1300 83 45 de
672 1300 111 45 omni
741 1300 125 45 forma
825 1300 194 45 materiali.
977 1300 69 45 ⁋
1005 1300 83 45 2o
1033 1300 55 45 de

159 1342 126 49 ficit
243 1342 84 49 in
285 1342 84 49 eo
326 1342 112 49 quod
396 1342 126 49 dicit
480 1342 84 49 de
522 1342 237 49 accidentibus.
717 1342 98 49 Nam
773 1342 98 49 aut
829 1342 140 49 volunt
927 1342 112 49 quod
982 1342 98 49 reali

174 1386 87 47 tas
223 1386 137 47 generis
323 1386 75 47 et
360 1386 149 47 realitas
472 1386 187 47 differentie
622 1386 87 47 non
671 1386 87 47 sit
721 1386 124 47 aliqua
808 1386 87 47 res
858 1386 199 47 simpliciter:
1020 1386 87 47 sed

171 1432 157 47 precise
285 1432 214 47 constituunt
456 1432 114 47 vnam
528 1432 100 47 rem
585 1432 214 47 compositam:
756 1432 129 47 sicut
842 1432 157 47 materia
956 1432 86 47 et
985 1432 100 47 forma

166 1474 119 50 vnam
240 1474 223 50 substantiam
418 1474 223 50 compositam:
596 1474 89 50 et
641 1474 119 50 tunc
715 1474 104 50 non
774 1474 134 50 minus
863 1474 104 50 est
923 1474 89 50 in
952 1474 134 50 acciden

161 1517 114 50 tibus
237 1517 89 50 res
288 1517 76 50 et
326 1517 89 50 res
377 1517 76 50 et
415 1517 177 50 compositio
554 1517 89 50 rei
605 1517 76 50 et
643 1517 101 50 rei:
706 1517 101 50 quam
769 1517 76 50 in
807 1517 165 50 subiecta:
934 1517 101 50 nisi
997 1517 76 50 ad
1023 1517 63 50 pla

159 1562 144 48 citum
255 1562 160 48 velint
367 1562 239 48 componentia
558 1562 224 48 accidentis
734 1562 160 48 vocare
846 1562 239 48 realitates:
1021 1562 64 48 et

165 1607 225 43 componentia
345 1607 210 43 substantie
511 1607 120 43 res:
586 1607 105 43 vel
646 1607 150 43 volunt
751 1607 120 43 quod
826 1607 135 43 licet
917 1607 120 43 sint
977 1607 120 43 diuer-

154 1650 96 42 se
202 1650 239 42 realitates:
393 1650 128 42 sunt
473 1650 144 42 tamen
569 1650 112 42 vna
633 1650 112 42 res
696 1650 175 42 simplex
824 1650 112 42 per
872 1650 223 42 identitatem:

168 1690 102 48 ita
227 1690 116 48 quod
299 1690 131 48 inter
387 1690 131 48 ipsas
474 1690 102 48 sit
532 1690 204 48 distinctio
692 1690 175 48 formalis
823 1690 87 48 et
867 1690 145 48 vnitas
954 1690 131 48 realis.

168 1733 131 50 siue:
256 1733 116 50 quod
328 1733 116 50 idem
401 1733 102 50 est
459 1733 145 50 dictu:
560 1733 116 50 ipse
633 1733 116 50 sint
706 1733 189 50 distincte
851 1733 232 50 formalitates
1025 1733 58 50 es

164 1774 105 52 vna
224 1774 105 52 res
284 1774 90 52 ad
329 1774 150 52 sensum
434 1774 135 52 datum
524 1774 105 52 in.
584 1774 90 52 q.
629 1774 135 52 prima
719 1774 150 52 huius.
824 1774 165 52 dicens.
944 1774 75 52 ⁋
974 1774 90 52 Et
1004 1774 90 52 tunc

164 1819 136 54 quero
255 1819 91 54 de
300 1819 227 54 formalitate
482 1819 121 54 vna:
557 1819 91 54 an
603 1819 106 54 sit
663 1819 136 54 eadem
754 1819 151 54 aliquo
860 1819 121 54 modo
936 1819 91 54 ex
966 1819 121 54 natura

166 1860 88 52 rei
217 1860 100 52 illi
279 1860 88 52 rei
329 1860 138 52 communi
429 1860 88 52 vel
479 1860 100 52 non:
542 1860 75 52 si
579 1860 100 52 non.
642 1860 100 52 ergo
705 1860 88 52 non
755 1860 88 52 est
805 1860 88 52 vna
855 1860 88 52 res
905 1860 88 52 cum
955 1860 100 52 alia
1005 1860 75 52 for-

167 1912 197 44 malitate.
319 1912 91 44 si
364 1912 121 44 sic:
440 1912 106 44 cum
500 1912 121 44 illa
576 1912 212 44 formalitas
743 1912 152 44 aliquo
849 1912 121 44 modo
910 1912 182 44 distingua-

165 1949 96 49 tur
220 1949 82 49 ab
261 1949 96 49 ea:
316 1949 82 49 et
357 1949 96 49 per
412 1949 82 49 te
453 1949 96 49 non
508 1949 96 49 est
563 1949 178 49 possibile
700 1949 82 49 vt
741 1949 123 49 eodem
823 1949 123 49 primo
906 1949 151 49 aliquid
1002 1949 82 49 con-

165 1990 154 49 ueniat
273 1990 108 49 cum
334 1990 154 49 aliquo
442 1990 77 49 a
473 1990 247 49 distinguatur
674 1990 93 49 ab
720 1990 108 49 eo:
782 1990 201 49 oportebit
936 1990 123 49 dare
998 1990 77 49 for

158 2040 193 49 malitatem
307 2040 89 49 in
351 2040 223 49 formalitate
530 2040 89 49 in
574 2040 208 49 infinitum:
738 2040 89 49 vt
783 2040 89 49 in
827 2040 238 49 preallegatis
1006 2040 74 49 que

159 2079 188 45 stionibus
303 2079 232 45 deducebatur.
492 2079 72 45 ⁋
521 2079 188 45 Praeterea
666 2079 101 45 sti
724 2079 116 45 idem
796 2079 130 45 alibi
883 2079 174 45 expresse
999 2079 87 45 con-

167 2119 201 47 tradicunt
321 2119 108 47 tam
383 2119 247 47 conclusioni:
583 2119 123 47 quam
660 2119 108 47 hic
722 2119 154 47 ponunt
830 2119 93 47 de
861 2119 216 47 compositione

157 2166 116 43 forme
234 2166 219 43 accidentalis.
415 2166 103 43 quam
479 2166 90 43 est
531 2166 180 43 fundamento
673 2166 103 43 eius
737 2166 155 43 scilicet
853 2166 103 43 quod
917 2166 77 43 in
956 2166 103 43 tali
1008 2166 77 43 for-

156 2209 82 55 ma
197 2209 96 55 sit
252 2209 110 55 alia
321 2209 165 55 realitas
445 2209 96 55 vel
499 2209 124 55 ratio
582 2209 69 55 a
609 2209 96 55 qua
664 2209 151 55 sumitur
774 2209 137 55 genus:
870 2209 82 55 et
911 2209 110 55 alia
980 2209 69 55 a
994 2209 82 55 quae

168 2250 118 52 sumitur
254 2250 172 52 differentia.
394 2250 75 52 Nam
437 2250 65 52 in
470 2250 151 52 reportatis
588 2250 151 52 perisieni.
706 2250 75 52 ibo
749 2250 97 52 primo
814 2250 118 52 dicine.
900 2250 65 52 33
932 2250 65 52 5.
965 2250 65 52 q.
997 2250 65 52 2.
1018 2250 65 52 vole

162 2296 95 50 tes
217 2296 177 50 ostendere
353 2296 136 50 aliqua
449 2296 109 50 esse
517 2296 123 50 eadem
599 2296 218 50 simpliciter:
776 2296 82 50 et
817 2296 123 50 tamen
899 2296 95 50 non
940 2296 136 50 adequate

156 2338 143 51 aiutem
256 2338 114 51 sic.
327 2338 114 51 Nisi
399 2338 100 51 est
456 2338 129 51 multa
541 2338 143 51 essent
641 2338 129 51 eadem
727 2338 214 51 simpliciter
898 2338 100 51 que
955 2338 100 51 non
998 2338 86 51 sunt

155 2388 185 48 adequata
293 2388 154 48 eidem:
401 2388 185 48 sequitur
540 2388 123 48 quod
617 2388 139 48 forma
709 2388 262 48 accidentalis:
925 2388 92 48 vt
956 2388 123 48 albedo

163 2429 103 50 esset
231 2429 149 50 composita
345 2429 149 50 realiter.
460 2429 80 50 Nam
505 2429 69 50 si
540 2429 103 50 ratio
608 2429 171 50 communioris
746 2429 57 50 a
768 2429 80 50 qua
814 2429 126 50 sumitur
906 2429 103 50 ratio
963 2429 114 50 gieseris

167 2467 124 52 esset
250 2467 110 52 alia
318 2467 165 52 realitas
442 2467 82 52 ab
483 2467 110 52 illa
552 2467 69 52 a
579 2467 96 52 qua
634 2467 178 52 accipitur
771 2467 124 52 ratio
853 2467 206 52 differentie
1004 2467 69 52 spe

152 2510 149 51 cifice
257 2510 209 51 albedinis:
421 2510 119 51 tunc
495 2510 149 51 albedo
600 2510 134 51 esset
689 2510 194 51 composita
838 2510 90 51 ex
883 2510 149 51 duabus
973 2510 104 51 reali

159 2555 163 53 tatibus:
282 2555 109 53 quod
349 2555 149 53 negatur
458 2555 204 53 communiter.
621 2555 109 53 Sunt
689 2555 109 53 ergo
756 2555 95 53 vna
811 2555 163 53 realitas
933 2555 95 53 hec
987 2555 95 53 duo
1028 2555 54 53 in

172 2596 186 58 albedine:
315 2596 86 58 et
358 2596 129 58 tamen
444 2596 157 58 neutrum
558 2596 172 58 adequate
687 2596 100 58 est
744 2596 172 58 realitas
873 2596 186 58 albedinis
1001 2596 72 58 per

159 2643 95 45 se:
214 2643 149 45 quoniam
322 2643 108 45 tunc
389 2643 108 45 vnum
457 2643 95 45 vel
511 2643 149 45 alterum
619 2643 230 45 superflueret.
809 2643 95 45 hoc
863 2643 122 45 ipse.
944 2643 95 45 quo
998 2643 108 45 modo

162 2690 128 51 autem
247 2690 85 51 in
290 2690 100 51 his
347 2690 142 51 verbis
447 2690 142 51 dicant
546 2690 256 51 contradictoria
760 2690 185 51 vtriusque
902 2690 114 51 quod
959 2690 114 51 propo-

174 2724 101 55 sui
231 2724 101 55 non
289 2724 158 55 oportet
404 2724 202 55 declarare:
562 2724 101 55 sed
620 2724 130 55 solum
706 2724 144 55 legere
807 2724 187 55 sufficit.
951 2724 72 55 ⁋
980 2724 86 55 Ad
1008 2724 58 55 ra

165 2774 149 50 tiones
270 2774 119 50 eius
344 2774 194 50 dicendum.
494 2774 75 50 ⁋
523 2774 90 50 Ad
568 2774 149 50 primam
673 2774 149 50 quidem
777 2774 134 50 primo
867 2774 119 50 quod
942 2774 119 50 illa
1001 2774 75 50 au-

174 2818 145 45 ctoritas
283 2818 85 45 non
331 2818 85 45 est
380 2818 206 45 vniversaliter
549 2818 73 45 ad
585 2818 169 45 propositam
718 2818 109 45 suum:
791 2818 85 45 cum
839 2818 169 45 diffinitio
972 2818 60 45 (
996 2818 73 45 vt
1021 2818 48 45 de

168 2859 113 52 ipsa
238 2859 141 52 ibidem
337 2859 183 52 loquitur.
478 2859 85 52 P.
520 2859 99 52 per
577 2859 141 52 eundem
675 2859 155 52 ibidem)
788 2859 99 52 sit
844 2859 141 52 tantum
929 2859 141 52 subiecte

170 2909 172 49 composite:
305 2909 74 49 et
341 2909 86 49 per
390 2909 172 49 consequens
525 2909 86 49 per
574 2909 110 49 illam
648 2909 196 49 auctoritatem
807 2909 86 49 non
856 2909 172 49 probaretur
979 2909 98 49 aliqua

147 2951 210 54 compositio
312 2951 90 54 in
357 2951 256 54 accidentibus:
568 2951 135 54 neque
658 2951 90 54 in
703 2951 225 54 simplicibus
869 2951 210 54 substantiis.

163 2992 73 50 ⁋
193 2992 88 50 2o
236 2992 117 50 dico
309 2992 117 50 quod
382 2992 102 50 non
441 2992 102 50 est
499 2992 204 50 estimandum
659 2992 117 50 quod
732 2992 131 50 genus
820 2992 160 50 positum
937 2992 88 50 in
966 2992 102 50 diffi

155 3043 188 61 nitionibus
302 3043 228 61 substantiarum
490 3043 215 61 compositarum
664 3043 188 61 significet
812 3043 161 61 materiam
932 3043 94 61 aut
973 3043 107 61 partem

1134 258 149 54 aliquam
1243 258 176 54 subiecte:
1379 258 81 54 vt
1419 258 109 54 isti
1487 258 149 54 putant.
1596 258 122 54 sicut
1677 258 204 54 aliqualiter
1840 258 109 54 post
1908 258 122 54 magis
1976 258 54 54 de

1131 308 207 45 clarabitur
1294 308 89 45 et
1338 308 163 45 amplius
1457 308 89 45 in
1501 308 89 45 3o
1546 308 89 45 et
1590 308 104 45 pro
1649 308 118 45 nunc
1723 308 178 45 sufficit
1856 308 133 45 ratio
1930 308 104 45 supra

1140 351 96 43 data
1200 351 143 43 scilicet
1307 351 96 43 quia
1367 351 108 43 genus
1439 351 179 43 praedicatur
1582 351 72 43 in
1618 351 96 43 quid
1678 351 72 43 et
1713 351 72 43 in
1749 351 108 43 recto
1821 351 119 43 nomine
1893 351 155 43 principali.

1138 392 86 48 Et
1181 392 115 48 ideo
1253 392 173 48 dicendum
1382 392 115 48 quod
1454 392 129 48 genus
1540 392 101 48 non
1598 392 201 48 significat
1756 392 144 48 tantum
1857 392 158 48 partem:
1972 392 101 48 sed

1143 437 123 50 totum:
1229 437 86 50 nec
1278 437 185 50 philosophus
1426 437 111 50 dicit
1499 437 160 50 oppositum
1622 437 86 50 vbi
1672 437 111 50 alleu
1745 437 86 50 sed
1795 437 98 50 ait:
1856 437 98 50 quod
1918 437 86 50 hoc
1955 437 98 50 quidem

1140 481 201 47 diffinitionis
1306 481 130 47 oportet
1401 481 95 47 esse
1460 481 71 47 vt
1495 481 154 47 materiam:
1614 481 71 47 id
1649 481 95 47 vero
1709 481 71 47 vt
1744 481 130 47 formam.
1839 481 71 47 et
1874 481 83 47 hoc
1922 481 83 47 est
1957 481 95 47 verum:

1142 526 123 50 quoniam
1231 526 100 50 libet
1298 526 100 50 genus
1365 526 78 50 non
1410 526 78 50 sit
1454 526 134 50 materia:
1555 526 78 50 nec
1600 526 100 50 solam
1666 526 134 50 materiam
1767 526 167 50 significet:
1901 526 78 50 est
1946 526 100 50 tamen
2001 526 45 50 vt

1134 566 134 48 materia
1231 566 73 48 id
1268 566 85 48 est
1317 566 122 48 simile
1402 566 146 48 materie.
1512 566 98 48 quod
1573 566 146 48 qualiter
1682 566 85 48 sit
1731 566 207 48 intelligendum
1902 566 134 48 patebit
1987 566 49 48 in

1136 608 191 53 respondendo
1289 608 76 53 ad
1327 608 153 53 rationes
1442 608 127 53 factas
1531 608 76 53 in
1569 608 178 53 principio.
1709 608 76 53 q.
1747 608 64 53 ⁋
1773 608 76 53 Ad
1811 608 153 53 rationem
1926 608 115 53 autem
1989 608 64 53 que

1133 651 164 47 inducitur
1259 651 126 47 contra
1347 651 88 47 hoc
1398 651 151 47 scilicet
1511 651 101 47 quia
1574 651 76 47 si
1612 651 113 47 genus
1687 651 176 47 significet
1826 651 113 47 totam
1889 651 151 47 quiditatem

1135 696 95 51 rei
1190 696 122 51 solum
1271 696 122 51 genus
1353 696 163 51 complete
1475 696 204 51 diffiniret:
1638 696 149 51 neganda
1746 696 95 51 est
1801 696 231 51 consequentia.
1977 696 68 51 Nam

1137 740 87 46 ad
1181 740 232 46 diffiniendum
1370 740 102 46 non
1428 740 174 46 sufficit
1558 740 261 46 qualitercumque
1776 740 218 46 significare
1935 740 102 46 totam

1132 777 165 61 essentiam
1259 777 178 61 diffiniti:
1399 777 89 61 sed
1450 777 140 61 oportet
1552 777 191 61 significare
1704 777 165 61 explicite
1832 777 114 61 omnia
1895 777 140 61 principis

1137 825 173 53 intrinseca
1273 825 186 53 essentialia
1421 825 173 53 diffiniri.
1557 825 99 53 vnde
1619 825 111 53 primo
1693 825 124 53 phisi.
1780 825 136 53 dicitur
1879 825 99 53 quod
1928 825 124 53 diffini-

1136 871 92 59 tio
1189 871 145 59 diuidit
1294 871 79 59 in
1334 871 158 59 singula:
1452 871 119 59 genus
1532 871 119 59 autem
1611 871 79 59 et
1650 871 79 59 si
1690 871 185 59 significet
1835 871 119 59 totam
1901 871 145 59 subiectam

1135 919 196 52 compositam:
1292 919 91 52 non
1344 919 118 52 tamen
1422 919 157 52 exprimit
1540 919 170 52 explicite
1670 919 170 52 quamlibet
1801 919 104 52 eius
1866 919 131 52 partem
1945 919 104 52 essen-

1123 959 152 48 tialem.
1234 959 69 48 ⁋
1261 959 110 48 Item
1330 959 110 48 quod
1399 959 179 48 adducitur
1537 959 110 48 quod
1606 959 124 48 genus
1689 959 83 48 et
1730 959 207 48 differentia
1895 959 97 48 non
1937 959 110 48 diffi-

1136 1004 145 49 nirent:
1242 1004 106 49 quia
1308 1004 93 49 non
1361 1004 225 49 significarent
1546 1004 119 49 primo
1625 1004 106 49 idem
1691 1004 172 49 quiditati
1823 1004 132 49 illius
1916 1004 106 49 rei:
1969 1004 79 49 fal-

1127 1041 94 49 sum
1180 1041 107 49 est.
1247 1041 94 49 Nam
1300 1041 134 49 libcet
1394 1041 120 49 genus
1474 1041 187 49 significet
1621 1041 120 49 totum
1702 1041 107 49 quod
1769 1041 187 49 significat
1902 1041 134 49 diffini-

1128 1086 106 52 tio:
1194 1086 92 52 non
1247 1086 119 52 tamen
1326 1086 119 52 eodem
1405 1086 106 52 modo
1471 1086 79 52 vt
1510 1086 132 52 dictum
1603 1086 106 52 est:
1669 1086 106 52 quia
1734 1086 119 52 ipsum
1814 1086 171 52 implicite
1932 1086 119 52 partes:

1129 1128 206 57 diffinitio
1291 1128 118 57 vero
1364 1128 206 57 significat
1526 1128 191 57 explicite
1673 1128 88 57 et
1717 1128 206 57 distincte.
1878 1128 73 57 ⁋
1908 1128 118 57 Item
1967 1128 73 57 ge-

1123 1171 97 57 nus
1178 1171 97 57 non
1234 1171 124 57 solum
1317 1171 193 57 significat
1469 1171 124 57 illam
1552 1171 193 57 quiditatem
1704 1171 111 57 quam
1773 1171 193 57 significat
1911 1171 138 57 diffini-

1125 1218 117 41 tio:
1198 1218 102 41 sed
1257 1218 88 41 et
1301 1218 146 41 plures
1403 1218 146 41 alias:
1505 1218 132 41 genus
1593 1218 117 41 ergo
1666 1218 205 41 significat
1827 1218 132 41 primo
1900 1218 146 41 Exponen-

1135 1260 84 48 do
1177 1260 84 48 ly
1219 1260 126 48 primo
1303 1260 182 48 negatiues
1442 1260 126 48 totam
1526 1260 196 48 quiditatem
1680 1260 196 48 implicite:
1833 1260 84 48 et
1875 1260 112 48 tota
1931 1260 112 48 diffi-

1132 1306 140 48 nitio
1226 1306 155 48 eandem
1334 1306 217 48 significat
1505 1306 217 48 explicite:
1676 1306 93 48 et
1722 1306 109 48 hoc
1784 1306 109 48 non
1846 1306 109 48 est
1893 1306 155 48 inconue-

1124 1346 154 51 niens.
1231 1346 123 51 Item
1308 1346 216 51 diffinitio
1478 1346 216 51 predicatur
1647 1346 293 51 conuertibiliter
1894 1346 92 51 de
1925 1346 123 51 diffi-

1120 1393 125 49 nito:
1203 1393 97 49 non
1259 1393 97 49 sic
1314 1393 125 49 autem
1398 1393 139 49 genus.
1495 1393 69 49 ⁋
1523 1393 83 49 Ad
1564 1393 125 49 aliud
1648 1393 167 49 dicendum
1772 1393 111 49 quod
1842 1393 97 49 non
1897 1393 97 49 est
1939 1393 111 49 incon-

1128 1434 138 46 ueniens
1229 1434 100 46 quod
1291 1434 88 46 per
1341 1434 100 46 idem
1404 1434 138 46 aliquid
1504 1434 163 46 conueniat
1630 1434 88 46 cum
1680 1434 125 46 aliquo
1767 1434 88 46 vno
1818 1434 113 46 modo:
1893 1434 75 46 et
1918 1434 125 46 realiter

1126 1475 165 52 differat
1250 1475 110 52 alio
1318 1475 123 52 modo:
1401 1475 123 52 sicut
1483 1475 151 52 patebit
1593 1475 82 52 in
1634 1475 82 52 3o
1675 1475 96 52 vbi
1730 1475 206 52 tractabitur
1894 1475 82 52 de
1922 1475 123 52 vnitate

1127 1521 202 51 specifica.
1285 1521 72 51 ⁋
1314 1521 87 51 Ad
1357 1521 130 51 aliud
1444 1521 87 51 de
1487 1521 188 51 nugatione
1632 1521 173 51 dicendum
1761 1521 115 51 quod
1834 1521 87 51 in
1862 1521 188 51 diffinitio-

1121 1563 74 52 ne
1158 1563 86 52 non
1207 1563 86 52 est
1256 1563 148 52 nugatio:
1367 1563 136 52 quamuis
1466 1563 185 52 differentia
1614 1563 136 52 aliquid
1712 1563 160 52 explicite
1835 1563 185 52 significet:
1971 1563 74 52 quod

1135 1612 92 46 per
1188 1612 119 46 genus
1267 1612 185 46 significat
1412 1612 185 46 implicite:
1557 1612 106 46 quia
1623 1612 145 46 neutrum
1728 1612 145 46 ponitur
1834 1612 79 46 in
1860 1612 185 46 diffinitione

1133 1648 157 52 alterius:
1253 1648 72 52 et
1290 1648 96 52 ideo
1350 1648 72 52 si
1386 1648 145 52 ponantur
1495 1648 145 52 rationes
1603 1648 84 52 pro
1651 1648 157 52 nominibus
1772 1648 84 52 non
1820 1648 133 52 dicetur
1916 1648 96 52 idem
1965 1648 84 52 nomen

1138 1689 109 45 bis:
1206 1689 109 45 quod
1274 1689 122 45 tamen
1356 1689 190 45 requiritur
1506 1689 82 45 ad
1547 1689 204 45 nugationem.
1710 1689 68 45 ⁋
1737 1689 109 45 Alii
1805 1689 163 45 dixerunt
1928 1689 109 45 quod
1982 1689 68 45 deo

1137 1733 144 56 repugnat
1245 1733 132 56 propter
1341 1733 96 56 suam
1401 1733 204 56 simplicitatem
1569 1733 108 56 etiam
1642 1733 96 56 esse
1702 1733 72 56 in
1738 1733 132 56 genere:
1834 1733 72 56 eo
1870 1733 96 56 quod
1930 1733 96 56 omne
1978 1733 72 56 quod

1141 1777 78 55 est
1185 1777 67 55 in
1219 1777 166 55 graeserniae
1352 1777 78 55 est
1396 1777 155 55 compositum
1518 1777 67 55 ex
1551 1777 89 55 esse
1607 1777 67 55 et
1640 1777 144 55 essentia:
1751 1777 89 55 quia
1806 1777 67 55 vt
1839 1777 122 55 dicunt:
1928 1777 100 55 omnia
1983 1777 67 55 quae

1120 1825 111 47 sunt
1189 1825 83 47 in
1231 1825 138 47 genere
1327 1825 97 47 vno
1383 1825 207 47 communicant
1549 1825 83 47 in
1590 1825 180 47 quiditate
1728 1825 97 47 vel
1783 1825 166 47 essentia
1894 1825 152 47 graesenis

1125 1868 96 48 quod
1185 1868 180 48 praedicatur
1329 1868 72 48 de
1365 1868 84 48 eis
1413 1868 72 48 in
1449 1868 72 48 eo
1485 1868 96 48 quod
1545 1868 108 48 quid.
1617 1868 156 48 Differunt
1737 1868 108 48 autem
1809 1868 144 48 secundum
1917 1868 108 48 esse.
1977 1868 60 48 Non

1135 1907 114 43 enim
1206 1907 100 43 est
1263 1907 114 43 idem
1335 1907 114 43 esse
1406 1907 172 43 hominis:
1535 1907 86 43 et
1578 1907 114 43 equi
1650 1907 86 43 et
1692 1907 157 43 naturae
1807 1907 129 43 huius
1893 1907 157 43 hominis
1993 1907 57 43 et

1121 1950 122 52 illius
1206 1950 146 52 hominis:
1316 1950 73 52 et
1353 1950 85 52 sic
1401 1950 134 52 oportet
1499 1950 98 52 quod
1560 1950 159 52 quecumque
1682 1950 98 52 sunt
1743 1950 73 52 in
1780 1950 146 52 griesere
1889 1950 146 52 differat
1987 1950 61 52 in-

1125 1994 90 46 leis
1181 1994 147 46 essentia:
1294 1994 68 46 et
1328 1994 90 46 quod
1384 1994 90 46 quid
1440 1994 90 46 est.
1497 1994 68 46 id
1531 1994 79 46 est
1576 1994 90 46 esse
1632 1994 68 46 et
1666 1994 147 46 essentia:
1778 1994 68 46 in
1812 1994 79 46 deo
1857 1994 101 46 autem
1925 1994 79 46 non
1959 1994 90 46 diffe-

1132 2038 129 48 runt.
1218 2038 129 48 quare
1304 2038 115 48 etc.
1375 2038 72 48 ⁋
1404 2038 100 48 hec
1461 2038 143 48 opinio
1562 2038 100 48 non
1619 2038 100 48 est
1677 2038 129 48 vera:
1763 2038 100 48 tum
1820 2038 115 48 quia
1892 2038 129 48 talis
1963 2038 72 48 di-

1125 2080 177 48 stinctio
1258 2080 177 48 essentie
1391 2080 88 48 ab
1435 2080 118 48 esse
1508 2080 103 48 non
1567 2080 103 48 est
1626 2080 88 48 in
1671 2080 147 48 aliqua
1774 2080 88 48 re
1818 2080 147 48 creata
1921 2080 103 48 vel
1965 2080 74 48 in-

1132 2123 151 52 creata:
1242 2123 82 52 vt
1283 2123 123 52 alias
1365 2123 151 52 poterit
1475 2123 151 52 patere.
1584 2123 96 52 Tum
1639 2123 110 52 quia
1708 2123 110 52 esto
1776 2123 110 52 quod
1845 2123 137 52 esset.
1927 2123 123 52 constat

1124 2166 112 46 tamen
1198 2166 100 46 quod
1261 2166 100 46 ipsa
1323 2166 150 46 essentia
1435 2166 87 46 rei
1485 2166 87 46 non
1535 2166 87 46 est
1585 2166 162 46 composita
1709 2166 75 46 ex
1747 2166 100 46 esse
1809 2166 75 46 et
1847 2166 162 46 essentia:
1959 2166 87 46 alias

1135 2210 85 48 in
1177 2210 99 48 vna
1234 2210 85 48 re
1277 2210 142 48 essent
1376 2210 170 48 infinite
1504 2210 170 48 essentie
1632 2210 99 48 vel
1689 2210 170 48 infinita
1817 2210 128 48 esse.
1902 2210 99 48 vel
1945 2210 99 48 dabi-

1120 2254 88 54 tur
1171 2254 150 54 essentia
1283 2254 88 54 non
1333 2254 163 54 composita
1458 2254 75 54 ex
1496 2254 100 54 esse
1558 2254 75 54 et
1596 2254 163 54 essentia:
1721 2254 88 54 sed
1771 2254 150 54 secundum
1883 2254 113 54 istos
1946 2254 100 54 essen-

1126 2298 95 53 tia
1181 2298 108 53 ipsa
1248 2298 95 53 est
1303 2298 95 53 per
1357 2298 81 53 se
1397 2298 81 53 et
1438 2298 149 53 directe
1546 2298 81 53 in
1587 2298 244 53 praedicamento:
1790 2298 81 53 et
1831 2298 95 53 per
1885 2298 108 53 suam
1939 2298 95 53 quidi

1134 2341 105 47 tatem
1204 2341 70 47 et
1239 2341 151 47 essentiam
1355 2341 140 47 praecise
1460 2341 151 47 reponitur
1577 2341 81 47 res
1623 2341 70 47 in
1658 2341 198 47 praedicamento
1821 2341 70 47 et
1856 2341 70 47 in
1891 2341 151 47 grieserie
1995 2341 47 47 et

1136 2386 70 48 in
1171 2386 129 48 specie.
1265 2386 105 48 ipsum
1335 2386 105 48 autem
1405 2386 93 48 esse
1463 2386 82 48 est
1510 2386 140 48 secundum
1615 2386 105 48 ipsos
1685 2386 70 48 in
1721 2386 164 48 griesernie
1849 2386 82 48 per
1884 2386 152 48 reductionem

1138 2433 123 47 tantum:
1227 2433 89 47 ergo
1283 2433 78 47 non
1327 2433 89 47 omne
1383 2433 89 47 quod
1439 2433 78 47 est
1483 2433 78 47 per
1528 2433 67 47 se
1561 2433 67 47 in
1595 2433 189 47 praedicamento
1750 2433 78 47 est
1795 2433 156 47 compositum
1917 2433 67 47 ex
1951 2433 89 47 esse
1995 2433 45 47 et

1132 2472 145 54 essentia.
1244 2472 56 54 ⁋
1266 2472 145 54 Praeterea
1378 2472 134 54 secundum
1478 2472 112 54 eosdem
1556 2472 156 54 accidentia
1679 2472 78 54 non
1724 2472 112 54 habent
1802 2472 134 54 proprium
1903 2472 89 54 esse
1959 2472 101 54 aliud

1126 2513 76 53 ab
1164 2513 101 53 esse
1228 2513 165 53 subiecte:
1354 2513 76 53 et
1392 2513 114 53 tamen
1468 2513 177 53 accidentia
1607 2513 101 53 sunt
1671 2513 76 53 in
1709 2513 228 53 praedicamento.
1899 2513 89 53 nec
1937 2513 101 53 potest

1130 2560 97 44 dici
1191 2560 97 44 quod
1252 2560 170 44 compositum
1386 2560 73 44 ex
1422 2560 146 44 essentia
1532 2560 97 44 quae
1593 2560 85 44 est
1641 2560 146 44 accidens
1751 2560 73 44 et
1787 2560 110 44 esse:
1861 2560 85 44 sit
1909 2560 85 44 per
1958 2560 73 44 se
1982 2560 49 44 in

1137 2600 181 54 pdicamento:
1282 2600 97 54 quia
1343 2600 73 54 vt
1379 2600 121 54 dictum
1463 2600 97 54 est:
1524 2600 145 54 accidens
1633 2600 85 54 non
1681 2600 109 54 habet
1754 2600 145 54 proprium
1863 2600 109 54 esse:
1935 2600 85 54 sed
1971 2600 73 54 exi-

1121 2651 102 48 stit
1185 2651 90 48 per
1236 2651 102 48 esse
1300 2651 154 48 subiecte
1416 2651 154 48 secundum
1531 2651 102 48 eos:
1595 2651 90 48 sed
1646 2651 102 48 tale
1710 2651 102 48 esse
1774 2651 77 48 vt
1813 2651 128 48 dicunt
1902 2651 90 48 non
1953 2651 90 48 est
1992 2651 51 48 de

1132 2688 126 55 gnaesene
1226 2688 157 55 accidentis:
1352 2688 73 55 sed
1394 2688 73 55 per
1436 2688 157 55 reductionem
1562 2688 73 55 est
1604 2688 63 55 in
1635 2688 136 55 graeserie
1740 2688 136 55 subiecte.
1845 2688 63 55 et
1877 2688 73 55 per
1908 2688 126 55 consequens

1122 2735 192 53 compositum
1273 2735 96 53 vel
1328 2735 178 53 aggregatu
1465 2735 82 53 ex
1507 2735 110 53 ipso
1575 2735 82 53 et
1616 2735 178 53 accidente
1754 2735 96 53 non
1808 2735 124 53 esset
1891 2735 96 53 per
1946 2735 82 53 se
1973 2735 55 53 in

1127 2778 153 53 gnaesente
1245 2778 177 53 accidentis.
1386 2778 59 53 ⁋
1410 2778 71 53 Ad
1445 2778 141 53 rationes
1551 2778 106 53 eorum
1622 2778 141 53 dicendum
1728 2778 118 53 quidem
1810 2778 94 53 quod
1869 2778 82 53 non
1916 2778 82 53 est
1952 2778 82 53 verum

1131 2824 92 48 quod
1189 2824 92 48 omne
1247 2824 138 48 existens
1350 2824 69 48 in
1385 2824 161 48 grieseriae
1511 2824 81 48 est
1557 2824 161 48 compositum
1684 2824 69 48 ex
1718 2824 92 48 esse
1776 2824 69 48 et
1810 2824 150 48 essentia.
1925 2824 58 48 ⁋
1948 2824 69 48 Ad
1971 2824 58 48 pro

1126 2861 153 48 bationem
1241 2861 153 48 dicendum
1356 2861 102 48 quod
1420 2861 77 48 si
1459 2861 205 48 intelligatur
1625 2861 89 48 per
1676 2861 102 48 esse
1740 2861 141 48 aliquam
1842 2861 166 48 entitatem
1957 2861 64 48 di-

1114 2908 151 52 stinctam
1228 2908 76 52 ab
1266 2908 151 52 entitate
1379 2908 88 52 que
1429 2908 88 52 est
1480 2908 164 52 essentia:
1605 2908 88 52 cum
1656 2908 113 52 nulla
1731 2908 113 52 talis
1807 2908 88 52 sit
1857 2908 151 52 secundum
1958 2908 63 52 ve-

1128 2948 137 51 ritatem:
1231 2948 103 51 nulla
1299 2948 92 51 quae
1357 2948 92 51 sunt
1414 2948 69 51 in
1448 2948 114 51 genere
1528 2948 149 51 differunt
1643 2948 137 51 secundum
1746 2948 92 51 esse
1803 2948 69 51 id
1837 2948 80 51 est
1883 2948 114 51 habent
1952 2948 80 51 diuer

1118 2988 72 60 sa
1154 2988 109 60 esse:
1227 2988 109 60 neque
1299 2988 121 60 habent
1383 2988 97 60 idem
1444 2988 109 60 esse.
1516 2988 72 60 Si
1552 2988 97 60 vero
1613 2988 84 60 per
1661 2988 97 60 esse
1721 2988 181 60 intelligant
1866 2988 133 60 idipsum
1951 2988 72 60 quod

1129 3034 78 68 per
1174 3034 156 68 essentiam.
1296 3034 134 68 dicendum
1397 3034 89 68 quod
1453 3034 101 68 sicut
1520 3034 156 68 conueniunt
1643 3034 67 68 in
1676 3034 134 68 essentia
1777 3034 78 68 vel
1822 3034 156 68 quiditate:
1945 3034 78 68 vel
1978 3034 56 68 non
