2435 3524
203 252 109 64 patet
275 252 205 64 vniversaliter
444 252 193 64 discurrenti.
601 252 60 64 ⁋
625 252 97 64 Quia
686 252 121 64 siquis
770 252 145 64 instaret
879 252 72 64 in
915 252 169 64 proposito:
1036 252 84 64 eadem

209 309 148 49 ratione
316 309 148 49 poterit
423 309 174 49 quamlibet
557 309 121 49 aliam
638 309 94 49 rem
692 309 134 49 negari
786 309 107 49 esse
853 309 81 49 in
893 309 134 49 aliquo
973 309 148 49 graesene.

202 347 85 58 et
244 347 113 58 quod
315 347 141 58 nullus
413 347 155 58 angelus
526 347 99 58 est
582 347 85 58 in
625 347 240 58 praedicamento
822 347 211 58 substantie:
991 347 99 58 nec
1033 347 85 58 ali-

207 392 118 61 quis
281 392 132 61 color
369 392 88 61 in
413 392 250 61 praedicamento
619 392 220 61 qualitatis:
795 392 103 61 nec
854 392 147 61 vnquam
956 392 162 61 probari
1059 392 59 61 po

210 438 94 59 terit
272 438 146 59 oppositum:
386 438 62 59 eo
418 438 83 59 quod
470 438 83 59 illa
522 438 73 59 sit
563 438 114 59 propria
646 438 94 59 ratio
709 438 146 59 grieseris:
823 438 62 59 et
854 438 83 59 illo
906 438 83 59 modo
958 438 104 59 tantum
1031 438 73 59 res
1062 438 42 59 ar

208 475 171 63 priissime
339 475 157 63 dicuntur
457 475 105 63 esse
523 475 79 63 in
562 475 157 63 graerie.
680 475 118 63 minor
759 475 171 63 probatur.
890 475 92 63 Nam
942 475 144 63 constat
1034 475 79 63 quod

193 524 93 58 hoc
246 524 119 58 nomen
325 524 159 58 spiritus
445 524 106 58 vere
511 524 199 58 praedicatur
670 524 80 58 de
710 524 106 58 deo.
776 524 106 58 vnde
843 524 93 58 Io.
896 524 106 58 deus
962 524 146 58 ipsemet
1055 524 66 58 di-

199 563 108 55 xit.
267 563 108 55 deus
335 563 108 55 spus
402 563 108 55 est:
470 563 81 55 et
510 563 95 55 per
565 563 189 55 consequens
713 563 81 55 de
754 563 176 55 pronomine
889 563 216 55 demonstrante
1051 563 68 55 rem

197 611 128 52 illam
282 611 99 52 pro
339 611 99 52 qua
396 611 85 52 in
438 611 114 52 ista
509 611 227 52 propositione
694 611 170 52 supponit
822 611 99 52 hoc
879 611 128 52 nomen
964 611 128 52 deus:
1035 611 71 52 pre

197 649 143 61 dicatur
301 649 104 61 vere
367 649 91 61 hoc
419 649 183 61 praedicatu
562 649 170 61 spiritus:
693 649 157 61 dicendo.
810 649 91 61 hoc
862 649 91 61 est
914 649 143 61 spitus:
1006 649 117 61 constat

207 698 112 49 autem
281 698 100 49 quod
344 698 112 49 etiam
418 698 75 49 in
456 698 112 49 quid.
530 698 100 49 vnde
593 698 199 49 interroganti
754 698 100 49 quid
817 698 87 49 est
866 698 100 49 hoc.
929 698 100 49 bene
978 698 125 49 responde

205 737 86 60 tur
254 737 159 60 spiritus.
376 737 86 60 non
425 737 110 60 autem
498 737 73 60 si
535 737 171 60 interroget
669 737 110 60 quale
742 737 86 60 est
791 737 98 60 hoc.
852 737 86 60 vel
901 737 147 60 secundum
999 737 110 60 aliquod

188 784 109 48 aliud
261 784 231 48 praedicamentum.
455 784 61 48 ⁋
479 784 97 48 Item
540 784 133 48 constat
637 784 146 48 secundum
746 784 170 48 scripturas
879 784 73 48 et
916 784 146 48 secundum
1013 784 97 48 omnes:

196 825 108 54 quod
264 825 95 54 hoc
318 825 122 54 nomen
400 825 162 54 spiritus
521 825 203 54 praedicatur
684 825 81 54 de
724 825 176 54 pronomine
860 825 217 54 demonstrante
1022 825 95 54 aliam

191 872 110 55 rem
254 872 157 55 specie
364 872 78 55 a
395 872 125 55 deo:
473 872 94 55 vt
520 872 94 55 de
567 872 94 55 re
614 872 125 55 quam
693 872 172 55 vocamus
818 872 172 55 angelum
928 872 188 55 Gabrielem:

191 921 96 50 et
239 921 96 50 de
287 921 256 50 demonstrante
495 921 112 50 eam
559 921 128 50 quam
639 921 176 50 vocamus
768 921 224 50 Michaelem:
944 921 96 50 et
992 921 112 50 sic
1040 921 64 50 de

182 954 144 53 multis.
287 954 79 53 Et
326 954 144 53 constat
431 954 118 53 etiam
509 954 92 53 per
562 954 144 53 similem
667 954 157 53 rationem
785 954 105 53 quod
850 954 183 53 predicatur
994 954 79 53 in
1020 954 92 53 quid.

197 997 70 56 ⁋
225 997 113 56 Item
295 997 99 56 non
352 997 99 56 sic
408 997 211 56 praedicatur
577 997 84 56 de
619 997 169 56 omnibus.
746 997 99 56 Nam
802 997 211 56 demonstrato
971 997 127 56 leone
1042 997 70 56 non

199 1044 87 50 vere
254 1044 120 50 dicitur
341 1044 76 50 hoc
384 1044 76 50 est
428 1044 142 50 spiritus.
537 1044 87 50 ergo
591 1044 76 50 hoc
635 1044 120 50 commune
722 1044 131 50 spiritus
820 1044 76 50 est
863 1044 98 50 genus
929 1044 87 50 vere
983 1044 65 50 et
1005 1044 98 50 proprie

180 1088 93 48 ad
227 1088 140 48 illam
320 1088 109 48 rem
383 1088 109 48 que
445 1088 124 48 deus
522 1088 187 48 dicitur:
662 1088 109 48 hoc
724 1088 140 48 autem
818 1088 140 48 genus
911 1088 171 48 nullius
1020 1088 93 48 alte

179 1134 121 50 rius
254 1134 256 50 praedicamenti
465 1134 151 50 verius
571 1134 121 50 dici
646 1134 151 50 potest
751 1134 136 50 esse:
842 1134 121 50 immo
917 1134 105 50 nec
977 1134 121 50 vere
1038 1134 75 50 ni-

187 1171 81 56 si
228 1171 204 56 substantie.
391 1171 122 56 quare
472 1171 109 56 etc.
540 1171 122 56 Forte
622 1171 122 56 autem
703 1171 190 56 diceretur:
852 1171 109 56 quod
920 1171 95 56 hoc
974 1171 122 56 nomen
1042 1171 68 56 spi

182 1221 113 46 ritus
257 1221 113 46 libet
332 1221 188 46 praedicetur
482 1221 75 46 de
519 1221 88 46 deo
569 1221 63 46 a
594 1221 138 46 angelo:
694 1221 88 46 non
744 1221 113 46 tamen
819 1221 138 46 dicitur
919 1221 75 46 de
957 1221 88 46 eis
994 1221 125 46 secundum

180 1258 118 61 vnam
254 1258 191 61 rationem.
401 1258 88 61 et
445 1258 118 61 ideo
519 1258 103 61 non
577 1258 103 61 est
636 1258 103 61 eis
695 1258 147 61 genus:
798 1258 103 61 sed
857 1258 132 61 istud
945 1258 103 61 est
1004 1258 88 61 ad
1033 1258 74 61 pla

183 1300 106 55 citum
254 1300 71 55 et
289 1300 94 55 sine
348 1300 142 55 ratione:
455 1300 94 55 quia
514 1300 83 55 aut
561 1300 189 55 intelligitur
714 1300 94 55 quod
773 1300 83 55 non
821 1300 130 55 dicitur
915 1300 71 55 de
951 1300 83 55 eis
986 1300 118 55 secundum

193 1346 91 66 vnam
250 1346 137 66 rationem
353 1346 217 66 specialissimam:
535 1346 69 66 et
570 1346 80 66 hoc
615 1346 103 66 verum
684 1346 91 66 est:
741 1346 80 66 sed
787 1346 80 66 hoc
832 1346 80 66 non
878 1346 126 66 impedit
969 1346 91 66 quin
1027 1346 80 66 sit
1061 1346 57 66 ge-

176 1393 121 47 nus:
251 1393 136 47 licet
342 1393 181 47 impediat
478 1393 136 47 ipsum
569 1393 121 47 esse
644 1393 166 47 speciem
765 1393 287 47 specialissimam:
1007 1393 106 47 aut
1053 1393 60 47 in

187 1435 191 50 telligitur
338 1435 82 50 de
379 1435 150 50 ratione
488 1435 82 50 in
529 1435 178 50 generali:
666 1435 82 50 et
707 1435 96 50 hoc
761 1435 96 50 est
816 1435 150 50 falsum.
925 1435 96 50 Nam
966 1435 137 50 secundum

187 1480 98 52 vnam
248 1480 148 52 rationem
359 1480 148 52 generale
470 1480 98 52 huic
531 1480 123 52 nomini
617 1480 209 52 conuertibilem
789 1480 209 52 vniversaliter
962 1480 135 52 dicitur
1048 1480 49 52 de

178 1521 94 56 deo
231 1521 81 56 et
272 1521 161 56 creatura
392 1521 201 56 spirituali:
554 1521 107 56 siue
621 1521 107 56 enim
688 1521 188 56 diffinitur
835 1521 161 56 spiritus
943 1521 161 56 substantia

180 1562 203 61 incorporea
339 1562 87 61 et
382 1562 246 61 immaterialis:
585 1562 116 61 siue
657 1562 116 61 alia
729 1562 246 61 diffinitione:
932 1562 116 61 illa
990 1562 101 61 diffi

170 1603 121 67 nitio
250 1603 94 67 tam
304 1603 94 67 deo
358 1603 108 67 quam
425 1603 148 67 angelis
532 1603 108 67 erit
600 1603 175 67 communis.
734 1603 108 67 quod
801 1603 81 67 si
842 1603 94 67 hoc
895 1603 202 67 proteruiter
1043 1603 54 67 ne

177 1656 142 51 getur:
276 1656 142 51 simili
375 1656 114 51 modo
446 1656 142 51 negare
546 1656 156 51 poterit
659 1656 213 51 substantiam
829 1656 114 51 dici
900 1656 170 51 secundum
1014 1656 85 51 vnam

174 1698 179 43 rationem
308 1698 90 43 de
353 1698 179 43 corporea
488 1698 90 43 et
532 1698 224 43 incorporea:
712 1698 119 43 immo
786 1698 90 43 vt
831 1698 164 43 videtur
951 1698 134 43 multo
1025 1698 75 43 ma-

186 1741 104 53 gis.
251 1741 78 53 et
290 1741 91 53 sic
342 1741 208 53 consequentur
512 1741 130 53 negare
603 1741 143 53 angelum
707 1741 104 53 esse
772 1741 78 53 in
811 1741 221 53 praedicamento
981 1741 117 53 substam

189 1784 103 49 tie:
254 1784 103 49 quod
318 1784 129 49 nullus
408 1784 129 49 negat.
498 1784 64 49 ⁋
524 1784 77 49 2m
563 1784 116 49 probo
640 1784 103 49 sic.
704 1784 116 49 pater
782 1784 129 49 filius
872 1784 142 49 creator
962 1784 129 49 principi

175 1827 79 43 et
214 1827 119 43 plura
294 1827 145 43 similia
399 1827 106 43 sunt
466 1827 225 43 praedicabilia
651 1827 93 43 per
703 1827 79 43 se
743 1827 159 43 relatiua
862 1827 79 43 et
902 1827 79 43 ad
941 1827 159 43 aliquid:
1047 1827 66 43 ac-

169 1867 101 52 per
226 1867 101 52 hoc
284 1867 86 52 de
327 1867 245 52 praedicamento
528 1867 216 52 relationis:
701 1867 86 52 et
744 1867 158 52 proprie
859 1867 173 52 dicuntur
989 1867 86 52 de
1018 1867 86 52 deo.

182 1913 114 49 ergo
253 1913 86 49 de
296 1913 100 49 deo
353 1913 157 49 proprie
468 1913 172 49 dicuntur
596 1913 257 49 praedicabilia:
811 1913 100 49 que
868 1913 114 49 vere
940 1913 86 49 et
968 1913 129 49 proprie

169 1949 104 66 sunt
234 1949 78 66 in
273 1949 130 66 aliquo
364 1949 221 66 predicamento.
546 1949 117 66 Prima
624 1949 104 66 pars
688 1949 208 66 antecedentis
857 1949 130 66 patet:
948 1949 143 66 quoniam
1039 1949 65 66 eis

170 2005 182 50 conueniunt
313 2005 117 50 omnia
391 2005 91 50 qui
444 2005 156 50 dicuntur
561 2005 65 50 a
587 2005 143 50 sanctis
691 2005 78 50 et
730 2005 208 50 prophilosois
900 2005 143 50 requiri
1004 2005 78 50 ad
1030 2005 65 50 hoc

163 2048 109 52 quod
232 2048 137 52 aliqua
327 2048 232 52 praedicabilia
518 2048 109 52 sint
587 2048 96 52 per
641 2048 82 52 se
682 2048 82 52 ad
723 2048 164 52 aliquid.
846 2048 82 52 2a
887 2048 123 52 etiam
969 2048 109 52 pars
1024 2048 68 52 nul

173 2086 81 49 li
213 2086 175 49 catholico
348 2086 121 49 dubia
429 2086 108 49 esse
496 2086 148 49 potest:
604 2086 175 49 verissime
739 2086 135 49 quidem
833 2086 81 49 et
874 2086 216 49 propriissime
1036 2086 67 49 ac-

169 2125 98 53 primo
234 2125 65 53 et
267 2125 185 53 principaliter
419 2125 87 53 deus
473 2125 119 53 dicitur
560 2125 65 53 et
593 2125 76 53 est
636 2125 98 53 pater
701 2125 65 53 et
734 2125 119 53 filius.
821 2125 87 53 vnde
875 2125 119 53 Danmeni
962 2125 98 53 libro
1016 2125 76 53 primo

166 2175 182 55 Sciendum
302 2175 152 55 inquit
409 2175 106 55 est
469 2175 121 55 quod
545 2175 106 55 non
606 2175 91 55 ex
652 2175 137 55 nobis
743 2175 213 55 translatum
910 2175 106 55 est
971 2175 91 55 ad
1001 2175 91 55 btam

165 2217 206 52 diuinitatem
330 2217 220 52 paternitatis
509 2217 82 52 et
550 2217 206 52 filiationis
715 2217 82 52 et
756 2217 220 52 processionis
935 2217 137 52 nomen:
1017 2217 69 52 con

161 2265 146 52 trario
264 2265 132 52 autem
352 2265 132 52 nobis
439 2265 117 52 inde
512 2265 176 52 traditum
644 2265 102 52 est
703 2265 88 52 vt
747 2265 102 52 ait
805 2265 161 52 diuinus
922 2265 146 52 apost.
1010 2265 73 52 pro

158 2307 150 51 pterea
263 2307 150 51 flecto
367 2307 135 51 genua
457 2307 105 51 mea
517 2307 90 51 ad
562 2307 179 51 pattrem:
696 2307 90 51 ex
741 2307 105 51 quo
801 2307 135 51 omnis
891 2307 179 51 patnitas
1010 2307 75 51 in-

161 2346 119 48 celo
235 2346 74 48 a
265 2346 89 48 in
310 2346 134 48 terra
399 2346 208 48 nominatur.
563 2346 164 48 Creator
682 2346 104 48 est
741 2346 164 48 proprie
860 2346 89 48 et
905 2346 89 48 de
949 2346 119 48 solo
1009 2346 74 48 deo

164 2390 151 56 dicitur.
277 2390 163 56 Similiter
403 2390 176 56 principium
541 2390 163 56 verissime
666 2390 100 56 deus
729 2390 100 56 est.
792 2390 63 56 ⁋
817 2390 188 56 Confirmatur
967 2390 88 56 hec
1005 2390 75 56 rati

163 2436 98 47 per
219 2436 112 47 Aug.
289 2436 84 47 5.
331 2436 84 47 de
373 2436 112 47 tri.
442 2436 98 47 vbi
498 2436 168 47 postquam
624 2436 182 47 distinxit
764 2436 251 47 praedicationes
973 2436 98 47 tam
1015 2436 70 47 af-

161 2480 219 43 firmatiuas
333 2480 125 43 quam
411 2480 203 43 negatiuas
568 2480 187 43 proprias
708 2480 187 43 singulis
833 2480 250 43 praedicamentis

162 2523 174 49 concludit
295 2523 80 49 in
335 2523 120 49 fine:
415 2523 107 49 quod
482 2523 134 49 filius
576 2523 80 49 et
616 2523 93 49 non
669 2523 147 49 filius.
776 2523 147 49 genitus
883 2523 80 49 et
923 2523 93 49 non
963 2523 120 49 genitus

170 2563 118 47 siue
244 2563 192 47 ingenitus
392 2563 177 47 dicuntur
524 2563 192 47 relatiue:
672 2563 89 47 et
716 2563 118 47 sunt
790 2563 89 47 de
834 2563 251 47 praedicamento
1026 2563 59 47 re

173 2605 211 51 lationis.
335 2605 130 51 Unde
416 2605 130 51 ait.
497 2605 146 51 Sicut
594 2605 130 51 enim
675 2605 178 51 genitus
805 2605 113 51 non
869 2605 97 51 ad
918 2605 97 51 se
950 2605 130 51 impsum

183 2652 131 52 dicitur
279 2652 84 52 sed
326 2652 96 52 quod
386 2652 72 52 ex
422 2652 143 52 genitore
529 2652 96 52 sit.
589 2652 84 52 ita
637 2652 84 52 cum
685 2652 131 52 dicitur
780 2652 155 52 ingenitus
900 2652 84 52 non
948 2652 72 52 ad
971 2652 108 52 seipsum

180 2692 130 54 dicitur
275 2692 83 54 sed
322 2692 95 54 quod
382 2692 71 54 ex
417 2692 142 54 genitore
524 2692 83 54 non
571 2692 83 54 sit
619 2692 178 54 ostenditur:
761 2692 71 54 in
797 2692 107 54 eodem
868 2692 107 54 tamen
927 2692 154 54 praedicamen

169 2739 76 48 to
207 2739 102 48 quod
271 2739 165 48 relatiuum
398 2739 153 48 vocatur.
513 2739 140 48 vtraque
614 2739 203 48 significatio
780 2739 165 48 vertitur:
907 2739 76 48 et
945 2739 102 48 ante
996 2739 89 48 imme-

178 2780 117 60 diate
256 2780 130 60 dixit.
347 2780 91 60 non
399 2780 169 60 receditur
528 2780 65 60 a
554 2780 156 60 relatiuo
671 2780 221 60 praedicamento
853 2780 91 60 cum
904 2780 143 60 dicitur
995 2780 78 60 inge

174 2827 135 50 nitus.
269 2827 68 50 ⁋
296 2827 108 50 Quia
364 2827 81 50 si
404 2827 108 50 quis
472 2827 122 50 velit
553 2827 149 50 dicere:
662 2827 108 50 quod
729 2827 176 50 praedicta
865 2827 135 50 nomina
946 2827 135 50 relatiua

166 2866 93 50 non
219 2866 106 50 sunt
285 2866 146 50 proprie
391 2866 80 50 de
431 2866 225 50 praedicamento
616 2866 199 50 relationis:
775 2866 133 50 potest
868 2866 119 50 etiam
948 2866 80 50 si
974 2866 106 50 placet

175 2910 126 51 plura
259 2910 112 51 alia
329 2910 182 51 relatiua:
470 2910 84 51 et
512 2910 168 51 quelibet
638 2910 84 51 ad
680 2910 154 51 libitum
792 2910 168 51 excipere
919 2910 70 51 a
933 2910 140 51 praedica

158 2957 134 46 mento
248 2957 209 46 praedicto.
411 2957 75 46 ⁋
441 2957 89 46 Ex
486 2957 104 46 hoc
546 2957 134 46 autem
635 2957 119 46 quod
709 2957 119 46 isti
784 2957 164 46 termini
903 2957 119 46 sunt
978 2957 104 46 per
1022 2957 60 46 se

168 2998 83 56 de
210 2998 236 56 praedicamento
404 2998 208 56 relationis:
571 2998 83 56 si
613 2998 97 56 rem
668 2998 111 56 quam
738 2998 194 56 significat
891 2998 125 56 pater
974 2998 83 56 et
1002 2998 83 56 fili

162 3043 89 68 us
207 3043 89 68 et
251 3043 134 68 huius
340 3043 89 68 in
385 3043 208 68 creaturis:
548 3043 163 68 positus
667 3043 89 68 in
712 3043 252 68 praedicamento
905 3043 178 68 relatonis:

1153 270 145 57 necesse
1258 270 92 57 est
1311 270 119 57 eadem
1390 270 145 57 ratione
1496 270 92 57 rem
1549 270 119 57 etitm
1628 270 106 57 quam
1694 270 198 57 significant
1852 270 79 57 in
1892 270 106 57 deo:
1944 270 119 57 colloca

1160 316 90 59 re
1205 316 90 59 in
1250 316 255 59 praedicamento
1460 316 225 59 relationis.
1641 316 75 59 ⁋
1671 316 120 59 Idem
1746 316 135 59 patet
1836 316 90 59 de
1866 316 225 59 praedicamento

1155 353 139 63 actionis
1260 353 139 63 scilicet
1364 353 93 63 quod
1422 353 69 63 de
1456 353 81 63 deo
1503 353 93 63 vere
1561 353 69 63 et
1595 353 127 63 proprie
1688 353 174 63 predicatur:
1827 353 93 63 quin
1885 353 93 63 ymo.
1943 353 81 63 vt.
1977 353 93 63 dicens

1162 399 111 65 Aug.
1232 399 83 65 5.
1273 399 83 65 de
1315 399 111 65 tri.
1384 399 111 65 quod
1454 399 125 65 autem
1537 399 83 65 ad
1579 399 181 65 faciendum
1718 399 153 65 attinet
1829 399 181 65 fortassis
1968 399 83 65 de
1996 399 83 65 solo

1159 447 90 52 deo
1211 447 167 52 verissime
1339 447 141 52 dicitur
1442 447 116 52 solus
1519 447 103 52 enim
1583 447 103 52 deus
1648 447 116 52 facit
1725 447 77 52 et
1763 447 103 52 ipse
1828 447 90 52 non
1879 447 103 52 fit:
1943 447 129 52 neque.
2021 447 51 52 pa

1158 490 121 61 titur:
1243 490 133 61 quantum
1340 490 73 61 ad
1376 490 97 61 eius
1437 490 158 61 subiectam
1558 490 121 61 patet:
1643 490 97 61 quia
1703 490 97 61 deus
1764 490 97 61 est.
1824 490 61 61 ⁋
1849 490 109 61 Istam
1909 490 170 61 conclusionem

1149 541 152 48 valet
1250 541 253 48 prdicamenta
1453 541 169 48 aliqua
1571 541 135 48 vere
1656 541 101 48 de
1706 541 118 48 deo
1774 541 135 48 dici
1842 541 236 48 indubitanter

1157 573 101 64 Aug.
1220 573 114 64 ponit
1296 573 76 64 in
1334 573 164 64 praedicto
1460 573 114 64 libro
1536 573 101 64 quod
1599 573 177 64 certissime
1738 573 164 64 probatur:
1864 573 76 64 ex
1902 573 76 64 eo
1940 573 101 64 quod
1990 573 76 64 ipse

1162 624 84 57 vt
1204 624 141 57 dictum
1303 624 99 57 est
1359 624 155 57 singula
1472 624 239 57 praedicamenta
1669 624 225 57 distinguens:
1852 624 84 57 et
1894 624 169 57 proprias
2007 624 56 57 ed

1153 667 109 53 rum
1216 667 280 53 praedicationes
1449 667 234 53 determinans
1636 667 202 53 concludit
1792 667 156 53 quedam
1901 667 93 53 de
1948 667 109 53 deo
1995 667 93 53 dici

1152 709 139 60 secundum
1257 709 162 60 subiectam:
1384 709 116 60 quedam
1465 709 93 60 vero
1522 709 69 60 ad
1557 709 139 60 aliquid:
1661 709 69 60 et
1696 709 139 60 secundum
1800 709 173 60 relationem:
1939 709 69 60 et
1973 709 81 60 hoc
2008 709 58 60 tam

1155 752 116 60 quam
1227 752 188 60 verissimo
1372 752 203 60 fundamento
1531 752 145 60 vtitur
1632 752 188 60 postmodum
1777 752 87 60 in
1820 752 116 60 toto
1892 752 101 60 li.
1950 752 87 60 de
1979 752 87 60 tri-

1163 796 79 51 et
1202 796 106 51 quod
1269 796 146 51 proprie
1375 796 119 51 talia
1454 796 225 51 praedicamenta
1639 796 79 51 de
1679 796 106 51 ipso
1745 796 172 51 dicantur:
1878 796 172 51 euidenter
1997 796 66 51 in-

1153 834 142 60 super
1248 834 190 60 apparet.
1390 834 111 60 Nam
1454 834 95 60 in
1501 834 142 60 eodem
1596 834 111 60 li.
1659 834 95 60 8.
1707 834 126 60 ait.
1786 834 126 60 alia
1865 834 253 60 predicamenta

1163 881 135 51 quedam
1257 881 108 51 dici
1324 881 81 51 de
1364 881 108 51 deo:
1432 881 94 51 sed
1485 881 94 51 non
1539 881 161 51 proprie.
1660 881 135 51 valet.
1755 881 121 51 situs
1835 881 161 51 habitus.
1943 881 121 51 tempus.

1154 932 72 48 et
1190 932 96 48 vbi.
1250 932 96 48 vnde
1310 932 96 48 ait.
1369 932 108 48 situs
1441 932 96 48 vero
1501 932 72 48 et
1537 932 132 48 habitus
1632 932 72 48 et
1668 932 96 48 loca
1728 932 72 48 et
1764 932 132 48 tempora
1860 932 84 48 non
1908 932 144 48 proprie:
2003 932 60 48 sed

1145 971 195 58 translate
1295 971 90 58 ac
1340 971 105 58 per
1400 971 255 58 similitudines
1611 971 180 58 dicuntur
1746 971 90 58 de
1791 971 120 58 deo:
1866 971 90 58 et
1896 971 165 58 proptereo

1155 1017 168 47 remouet
1277 1017 92 47 ab
1323 1017 92 47 eo
1369 1017 275 47 praedicamentum
1598 1017 214 47 passionis:
1766 1017 92 47 vt
1812 1017 168 47 proxime
1919 1017 138 47 allega-

1145 1056 110 47 tum
1208 1056 126 47 est.
1287 1056 79 47 ⁋
1319 1056 173 47 Remouet
1445 1056 110 47 est
1508 1056 79 47 a
1540 1056 110 47 deo
1603 1056 284 47 praedicamentum
1839 1056 221 47 qualitatis
1997 1056 63 47 et

1151 1096 188 58 quantitatis
1302 1096 163 58 continue:
1427 1096 75 58 eo
1465 1096 100 58 quod
1528 1096 100 58 ille
1590 1096 151 58 dicuntur
1703 1096 75 58 ad
1741 1096 88 58 se:
1791 1096 75 58 et
1829 1096 163 58 quecumque
1942 1096 125 58 dicuntur

1146 1148 73 48 ad
1182 1148 73 48 se
1219 1148 146 48 secundum
1328 1148 158 48 subiectam
1450 1148 146 48 dicuntur
1559 1148 73 48 de
1595 1148 97 48 deo.
1656 1148 97 48 vnde
1717 1148 109 48 mirum
1790 1148 85 48 est
1838 1148 97 48 quod
1899 1148 97 48 ipse
1960 1148 85 48 sic
1996 1148 61 48 di-

1143 1184 176 52 ligenter
1275 1184 220 52 distinxerit
1451 1184 264 52 praedicamenta:
1671 1184 88 52 et
1715 1184 147 52 quedam
1818 1184 191 52 remouerit
1964 1184 73 52 a
1979 1184 88 52 deo:

1154 1225 131 57 quedam
1246 1225 118 57 autem
1324 1225 144 57 proprie
1429 1225 79 57 et
1468 1225 118 57 solum
1547 1225 144 57 dixerit
1652 1225 92 57 non
1704 1225 183 57 conuenire:
1848 1225 105 57 illa
1914 1225 105 57 vero
1966 1225 92 57 secud

1148 1271 171 55 subiectam
1279 1271 79 55 et
1318 1271 184 55 relationem
1463 1271 79 55 et
1502 1271 157 55 actionem
1620 1271 144 55 dixerit
1725 1271 79 55 ei
1764 1271 184 55 conuenire:
1909 1271 105 55 nisi
1961 1271 105 55 volue-

1150 1315 99 57 rit
1206 1315 113 57 illa
1277 1315 113 57 tria
1347 1315 240 57 praedicamenta
1545 1315 113 57 vere
1615 1315 85 57 et
1657 1315 155 57 proprie
1770 1315 85 57 de
1812 1315 99 57 deo
1869 1315 127 57 dici.
1953 1315 70 57 ⁋
1967 1315 99 57 huius

1141 1361 191 47 sententie.
1291 1361 136 47 valet.
1387 1361 109 47 quod
1455 1361 109 47 deus
1523 1361 95 47 sit
1578 1361 95 47 res
1632 1361 164 47 contenta
1755 1361 82 47 in
1796 1361 232 47 praedicamento
1974 1361 95 47 subus

1142 1403 176 50 stantie:
1274 1403 162 50 fuisse.
1392 1403 88 50 P.
1436 1403 147 50 nullus
1539 1403 103 50 qui
1597 1403 103 50 eum
1656 1403 162 50 viderit
1774 1403 147 50 potest
1876 1403 191 50 dubitare.
2009 1403 73 50 Nam

1145 1442 107 57 i12.
1211 1442 120 57 meta.
1291 1442 80 57 in
1331 1442 173 57 principio
1465 1442 133 57 volens
1558 1442 80 57 de
1598 1442 160 57 subiecta
1718 1442 173 57 abstracta
1852 1442 80 57 et
1879 1442 173 57 principalis

1143 1490 81 50 de
1183 1490 134 50 prima:
1277 1490 94 50 qui
1331 1490 108 50 deus
1398 1490 94 50 est
1452 1490 134 50 loqui:
1546 1490 148 50 innuens
1654 1490 188 50 diuisionem
1801 1490 121 50 entis
1882 1490 81 50 in
1909 1490 148 50 subiectam

1145 1535 75 43 et
1183 1535 100 43 alia
1246 1535 226 43 praedicamenta:
1434 1535 75 43 ab
1471 1535 75 43 eo
1509 1535 100 43 sepe
1571 1535 150 43 positam.
1684 1535 125 43 dicens
1772 1535 188 43 substantiam
1922 1535 100 43 esse
1972 1535 88 43 prin-

1143 1577 204 47 cipaliorem
1303 1577 145 47 partem
1405 1577 145 47 entis.
1507 1577 116 47 vnde
1580 1577 116 47 ait.
1652 1577 145 47 Etenim
1754 1577 116 47 siue
1827 1577 131 47 totum
1914 1577 116 47 quod
1972 1577 102 47 omne:

1148 1618 163 48 substantia
1277 1618 82 48 est
1323 1618 105 48 prima
1393 1618 105 48 pars:
1463 1618 70 48 et
1498 1618 70 48 si
1533 1618 70 48 eo
1568 1618 93 48 quod
1626 1618 198 48 consequenter:
1789 1618 70 48 et
1824 1618 82 48 ita
1871 1618 117 48 primum
1941 1618 128 48 subiecta:

1151 1658 148 56 deinde
1255 1658 192 56 qualitas:
1402 1658 103 56 aut
1461 1658 207 56 quantitas:
1624 1658 118 56 quod
1698 1658 177 56 exponens
1831 1658 162 56 Commen.
1949 1658 118 56 ait.
2008 1658 59 56 Et

1146 1702 214 57 intendebat
1314 1702 122 57 Arum
1391 1702 122 57 quod
1467 1702 107 57 ens
1528 1702 107 57 aut
1590 1702 214 57 demonstrat
1758 1702 122 57 vnum
1834 1702 153 57 genus:
1942 1702 92 57 et
1972 1702 92 57 vnam

1153 1748 143 52 naturam:
1260 1748 83 52 aut
1308 1748 119 52 genera
1391 1748 143 52 diuersa:
1498 1748 71 52 et
1534 1748 167 52 quodcumque
1665 1748 95 52 sit.
1724 1748 167 52 manifestum
1855 1748 83 52 est
1902 1748 95 52 quod
1950 1748 119 52 subiecta

1151 1792 91 47 est
1203 1792 117 47 prior
1281 1792 104 47 pars
1346 1792 130 47 entis:
1437 1792 78 47 et
1476 1792 143 47 statim.
1580 1792 78 47 P.
1619 1792 91 47 hoc
1671 1792 143 47 probat:
1775 1792 91 47 tum
1827 1792 104 47 quia
1892 1792 104 47 alia
1957 1792 91 47 non
1996 1792 65 47 di-

1145 1836 156 53 cuntur
1254 1836 233 53 simpliciter
1441 1836 156 53 entia:
1550 1836 109 53 sed
1612 1836 140 53 talia
1705 1836 156 53 entia:
1814 1836 109 53 tum
1876 1836 124 53 quia
1939 1836 124 53 nullum

1141 1880 148 46 aliorum
1248 1880 94 46 est
1302 1880 201 46 seperabile:
1463 1880 81 46 ad
1503 1880 107 46 quod
1570 1880 148 46 Commen.
1678 1880 134 46 nullum
1772 1880 134 46 inquit
1866 1880 148 46 aliorum
1960 1880 94 46 inue-

1134 1924 107 50 nitur
1206 1924 179 50 simpliciter
1348 1924 95 50 nisi
1408 1924 155 50 subiecta.
1527 1924 107 50 verbi
1599 1924 131 50 gratia.
1694 1924 95 50 quia
1753 1924 143 50 qualitas
1860 1924 83 50 non
1908 1924 131 50 dicitur
1991 1924 60 50 ens

1139 1963 218 46 simpliciter:
1317 1963 123 46 neque
1399 1963 137 46 motus:
1494 1963 96 46 sed
1549 1963 123 46 dicit
1631 1963 109 46 esse
1699 1963 177 46 qualitas:
1836 1963 82 46 et
1877 1963 150 46 dicitur
1972 1963 82 46 esse

1142 2009 136 45 motus:
1238 2009 95 45 ens
1292 2009 109 45 ergo
1360 2009 232 45 principaliter
1551 2009 82 45 et
1592 2009 177 45 simpliter
1728 2009 95 45 est
1783 2009 177 45 subiecta.
1919 2009 82 45 Et
1946 2009 109 45 subdit

1136 2052 75 47 Et
1173 2052 87 47 cum
1223 2052 112 47 dixit
1297 2052 100 47 quod
1359 2052 149 47 subiecta
1471 2052 137 47 dicitur
1571 2052 87 47 ens
1621 2052 199 47 simpliciter:
1782 2052 75 47 et
1820 2052 100 47 alia
1869 2052 187 47 praedicamenta

1132 2095 153 48 secundum
1247 2095 229 48 comparationem:
1438 2095 114 48 dedit
1514 2095 127 48 causam
1603 2095 76 48 in
1641 2095 102 48 hoc:
1705 2095 76 48 et
1743 2095 114 48 dixit
1819 2095 114 48 etiam
1895 2095 127 48 nullum
1972 2095 76 48 alio

1144 2137 78 46 rum
1189 2137 78 46 est
1233 2137 157 46 abstractum
1357 2137 67 46 id
1390 2137 78 46 est
1435 2137 67 46 et
1469 2137 112 46 causa:
1547 2137 67 46 et
1581 2137 67 46 in
1615 2137 78 46 hoc
1660 2137 78 46 est
1704 2137 90 46 quod
1760 2137 135 46 subiecta
1861 2137 78 46 est
1906 2137 135 46 constans
1996 2137 56 46 ens

1136 2179 89 60 per
1187 2179 89 60 se:
1238 2179 76 60 et
1276 2179 102 60 alia
1339 2179 102 60 sunt
1403 2179 76 60 in
1441 2179 165 60 subiecta.
1568 2179 63 60 ⁋
1593 2179 76 60 Ex
1632 2179 89 60 his
1682 2179 140 60 omnibus
1784 2179 114 60 patet
1860 2179 114 60 quod.
1936 2179 76 60 P.
1974 2179 76 60 et
2000 2179 76 60 Com-

1136 2225 160 46 mentator
1256 2225 80 46 in
1296 2225 93 46 hac
1349 2225 120 46 parte
1429 2225 147 46 vtuntur
1536 2225 93 46 hoc
1590 2225 147 46 termino
1696 2225 160 46 subiecta
1817 2225 160 46 secundum
1937 2225 107 46 quod
1990 2225 67 46 est

1141 2267 251 56 praedicamentum
1350 2267 195 56 distinctum
1504 2267 140 56 contra
1601 2267 112 56 alia
1671 2267 251 56 praedicamenta.
1881 2267 84 56 Et
1922 2267 98 56 pro
1964 2267 70 56 reb

1130 2310 103 51 que
1189 2310 117 51 sunt
1262 2310 88 51 in
1306 2310 117 51 tali
1380 2310 264 51 praedicamento.
1600 2310 103 51 Sed
1658 2310 147 51 statim
1761 2310 117 51 post
1834 2310 191 51 subiectam
1966 2310 88 51 diui

1140 2351 92 54 dit
1192 2351 79 54 in
1232 2351 184 54 sensibilem
1377 2351 79 54 et
1416 2351 79 54 in
1456 2351 224 54 insensibilem:
1640 2351 79 54 et
1679 2351 184 54 generabile
1824 2351 79 54 et
1851 2351 197 54 corruptibilem

1132 2400 81 50 et
1172 2400 81 50 in
1212 2400 161 50 eternam:
1333 2400 81 50 et
1374 2400 108 50 post
1441 2400 256 50 considerationem
1656 2400 81 50 de
1696 2400 161 50 subiecta
1817 2400 175 50 sensibili
1938 2400 108 50 probat

1135 2438 115 50 esse
1206 2438 187 50 subiectam
1350 2438 230 50 insensibilem
1537 2438 86 50 et
1580 2438 201 50 abstractam
1738 2438 86 50 et
1781 2438 201 50 immobilem:
1939 2438 86 50 et
1967 2438 72 50 de-

1128 2480 117 51 inde
1201 2480 190 51 inquirit:
1347 2480 88 51 an
1391 2480 102 51 hec
1450 2480 102 51 sit
1508 2480 102 51 vna
1566 2480 146 51 tantum
1668 2480 102 51 vel
1727 2480 161 51 plures:
1844 2480 88 51 et
1873 2480 175 51 determinat

1125 2524 110 51 quod
1194 2524 151 51 plures:
1304 2524 124 51 inter
1386 2524 110 51 quas
1455 2524 96 51 vna
1510 2524 96 51 est
1565 2524 137 51 prima:
1661 2524 110 51 quae
1730 2524 96 51 est
1785 2524 206 51 nobilissima
1950 2524 82 51 et
1977 2524 55 51 fi

1126 2576 111 44 nis
1190 2576 95 44 et
1237 2576 207 44 perfectio
1397 2576 207 44 ceterarum
1556 2576 95 44 et
1603 2576 159 44 totius
1715 2576 207 44 vniuersi:
1874 2576 127 44 quam
1938 2576 95 44 vti-

1130 2614 116 53 que
1196 2614 116 53 nos
1262 2614 132 53 deum
1344 2614 248 53 appellamus.
1542 2614 83 53 ⁋
1575 2614 99 53 Ex
1625 2614 165 53 quibus
1740 2614 215 53 euidenter
1889 2614 149 53 conclu-

1129 2660 125 44 ditur:
1217 2660 100 44 quod
1280 2660 151 44 secundum
1393 2660 138 44 mentem.
1493 2660 75 44 P.
1531 2660 75 44 et
1569 2660 213 44 Commentatoris
1744 2660 100 44 deus
1807 2660 88 44 est
1857 2660 151 44 subiecta
1958 2660 75 44 vere

1130 2701 89 48 de
1175 2701 253 48 praedicamento
1383 2701 193 48 subiecte.
1532 2701 89 48 Si
1576 2701 119 48 quis
1650 2701 119 48 hanc
1725 2701 149 48 partem
1829 2701 134 48 velit
1903 2701 134 48 sustine

1131 2744 84 48 re
1173 2744 181 48 faciliter
1312 2744 139 48 posset
1410 2744 153 48 soluere
1521 2744 153 48 aliorum
1633 2744 167 48 rationes
1758 2744 181 48 inductas.
1898 2744 98 48 Nam
1939 2744 98 48 prima

1128 2790 106 49 quidem
1202 2790 127 49 fundatur
1298 2790 95 49 primo
1361 2790 63 49 in
1393 2790 95 49 falso
1456 2790 127 49 scilicet
1552 2790 85 49 quod
1604 2790 95 49 omnis
1668 2790 116 49 species
1753 2790 106 49 habeat
1827 2790 169 49 differentiam
1954 2790 63 49 esse

1133 2833 146 46 tialem:
1239 2833 106 46 quod
1305 2833 133 46 falsum
1398 2833 106 46 est:
1465 2833 80 46 vt
1505 2833 120 46 supra
1585 2833 133 46 dictum
1678 2833 106 46 est.
1744 2833 80 46 2o
1784 2833 120 46 etiam
1864 2833 146 46 assumit
1957 2833 66 46 fal

1134 2874 84 45 sum
1182 2874 84 45 cum
1230 2874 84 45 ait
1278 2874 96 45 quod
1339 2874 108 45 illud
1411 2874 60 45 a
1435 2874 84 45 quo
1483 2874 132 45 sumitur
1579 2874 193 45 differentia:
1736 2874 72 45 se
1772 2874 108 45 habet
1844 2874 72 45 ad
1881 2874 108 45 illud
1953 2874 60 45 a
1965 2874 60 45 quo

1125 2917 162 47 sumitur
1243 2917 148 47 genus:
1347 2917 133 47 sicut
1435 2917 133 47 actus
1524 2917 89 47 ad
1568 2917 207 47 potentiam.
1730 2917 118 47 quod
1804 2917 103 47 est
1863 2917 148 47 falsum
1951 2917 74 47 est

1129 2961 76 47 vt
1167 2961 127 47 patet.
1256 2961 76 47 Et
1294 2961 190 47 contradicit
1446 2961 114 47 aliis
1523 2961 127 47 dictis
1611 2961 89 47 sic
1662 2961 190 47 arguentium:
1814 2961 140 47 quoniam
1916 2961 101 47 ipsi
1967 2961 63 47 vo-

1124 3004 102 50 lunt
1188 3004 102 50 quod
1252 3004 77 50 in
1290 3004 128 50 homine
1380 3004 77 50 et
1418 3004 153 50 qualibet
1533 3004 153 50 subiecta
1648 3004 166 50 composita
1776 3004 89 50 sit
1827 3004 128 50 tantum
1917 3004 89 50 vna
1955 3004 64 50 for

1127 3048 77 55 ma
1166 3048 231 55 substantialis:
1358 3048 77 55 et
1397 3048 90 55 per
1448 3048 128 55 eandem
1538 3048 128 55 formam
1627 3048 90 55 sit
1679 3048 103 55 homo
1743 3048 218 55 intellectiuus
1922 3048 77 55 et
1948 3048 77 55 sen
