2502 3546
374 241 149 79 ⁋
434 241 537 79 Distinctionis.
881 241 179 79 L.
971 241 358 79 Questio.
1210 241 90 79 I

614 304 149 100 Irca
707 304 316 100 distinctionem
968 304 167 100 nonam
1079 304 112 100 in
1135 304 149 100 quao
1210 304 74 100 ma

767 356 151 51 gister
873 356 121 51 agit
948 356 91 51 de
993 356 241 51 coeternitate
1174 356 121 51 patris

623 389 85 64 et
665 389 127 64 filii
750 389 183 64 ostendens
891 389 141 64 patrem
989 389 99 64 non
1045 389 127 64 prius
1130 389 141 64 fuisse
1214 389 85 64 quam

624 440 153 48 filius.
735 440 125 48 Quero
819 440 125 48 vtrum
902 440 139 48 aliquo
1000 440 111 48 modo
1069 440 125 48 pater
1153 440 97 48 sit
1195 440 97 48 prior

622 483 138 60 filio.
719 483 69 60 ⁋
747 483 83 60 Et
788 483 125 60 arguo
871 483 125 60 primo
954 483 111 60 quod
1023 483 111 60 sic.
1093 483 111 60 omne
1162 483 111 60 enim
1217 483 83 60 pro-

622 527 133 61 ducens
715 527 93 61 est
768 527 120 61 prius
848 527 160 61 producto
968 527 80 61 ab
1008 527 120 61 illo.
1088 527 107 61 ergo
1154 527 133 61 paiter
1234 527 67 61 est

641 573 80 53 prior
695 573 89 53 filio.
757 573 143 53 consequentia
873 573 80 53 patet
926 573 98 53 quoniam
998 573 89 53 paiter
1060 573 107 53 producit
1140 573 98 53 filium.
1203 573 89 53 antecede

385 616 155 57 probatur
502 616 194 57 dupliciter.
657 616 116 57 primo
735 616 91 57 per
786 616 104 57 Aug.
851 616 78 57 in
890 616 78 57 de
929 616 220 57 immortalitate
1110 616 116 57 anime
1175 616 129 57 dicentem

381 659 112 48 nulla
455 659 87 48 res
505 659 75 48 se
542 659 112 48 facit
617 659 87 48 aut
666 659 137 48 gignit:
766 659 149 48 alioquin
877 659 99 48 erat
939 659 149 48 antequam
1051 659 124 48 esset.
1138 659 99 48 quod
1200 659 75 48 si
1225 659 62 48 hoc

390 704 123 56 falsum
476 704 99 56 est:
538 704 86 56 est
587 704 111 56 verum
661 704 123 56 illud.
747 704 197 56 consequentia
907 704 86 56 aut
957 704 111 56 nulla
1031 704 123 56 esset.
1117 704 99 56 nisi
1179 704 111 56 verum
1240 704 62 56 sit

392 746 91 54 quod
449 746 148 54 quodlibet
562 746 125 54 faciens
653 746 80 54 vel
699 746 125 54 gignens
790 746 80 54 sit
835 746 137 54 antequam
938 746 80 54 sit
983 746 114 54 illud:
1063 746 91 54 quod
1120 746 68 54 ab
1154 746 68 54 eo
1177 746 125 54 gignitur.

392 790 74 51 Et
429 790 112 51 eadem
503 790 136 51 ratione
602 790 99 51 omne
664 790 161 51 producens
788 790 99 51 etc.
851 790 99 51 idem
913 790 149 51 probatur
1024 790 99 51 per.
1086 790 74 51 P.
1123 790 87 51 12.
1173 790 112 51 meta.
1235 790 62 51 vbi

383 833 145 52 causas
484 833 159 52 agentes
600 833 87 52 et
643 833 188 52 mouentes.
788 833 145 52 dicens
889 833 174 52 differre
1019 833 72 52 a
1048 833 203 52 formalibus
1208 833 87 52 in
1237 833 72 52 hoc

382 879 109 52 quod
451 879 109 52 ipse
519 879 177 52 precedunt
655 879 95 52 res
710 879 136 52 quarum
805 879 109 52 sunt
873 879 136 52 cause:
969 879 164 52 formales
1091 879 123 52 autem
1173 879 95 52 non
1214 879 82 52 prae

384 924 162 51 cedunt:
502 924 103 51 sed
561 924 118 51 sunt
635 924 162 51 fsimul.
753 924 89 51 et
797 924 162 51 Commen.
915 924 148 51 ibidem
1019 924 133 51 causa
1107 924 148 51 inquit
1196 924 103 51 agens

386 963 145 47 dicitur
491 963 66 47 a
517 963 145 47 formali
622 963 105 47 quia
688 963 118 47 agens
767 963 79 47 et
806 963 131 47 mouens
899 963 171 47 praecedit
1030 963 118 47 illud
1109 963 105 47 quod
1175 963 131 47 agitur
1253 963 53 47 et

377 1016 161 49 mouetur
495 1016 88 49 ab
539 1016 103 49 eo.
597 1016 176 49 formalis
730 1016 132 49 autem
832 1016 205 49 materialis
994 1016 103 49 est
1052 1016 103 49 cum
1097 1016 205 49 generatione.

381 1051 90 50 Et
426 1051 136 50 infra
517 1051 181 50 exponens
652 1051 196 50 exemplum.
803 1051 90 50 P.
848 1051 105 50 ait
908 1051 121 50 quod
984 1051 166 50 sanitas
1104 1051 105 50 non
1149 1051 166 50 praecedit

382 1094 171 51 hominem
507 1094 156 51 sanum:
616 1094 109 51 cum
678 1094 171 51 sanitas
803 1094 93 51 in
850 1094 125 51 sano
927 1094 109 51 est
990 1094 140 51 quasi
1083 1094 156 51 forma:
1176 1094 125 51 sanans

385 1138 113 48 autem
461 1138 138 48 necesse
561 1138 88 48 est
611 1138 75 48 vt
648 1138 163 48 praecedat
773 1138 175 48 sanitatem.
911 1138 138 48 necesse
1011 1138 113 48 etiam
1086 1138 88 48 est
1136 1138 150 48 secundum
1236 1138 63 48 Com

385 1183 202 56 mentatorem
543 1183 130 56 agens
630 1183 187 56 pracedere
774 1183 130 56 actum
860 1183 86 56 ab
903 1183 101 56 eo:
961 1183 86 56 et
1004 1183 187 56 producens
1134 1183 173 56 productum.

390 1230 72 48 ⁋
418 1230 87 48 2o
462 1230 116 48 omne
534 1230 159 48 eternum
650 1230 130 48 prius
737 1230 116 48 fuit
809 1230 87 48 eo
853 1230 116 48 quod
925 1230 130 48 habet
1012 1230 116 48 esse
1084 1230 116 48 post
1156 1230 101 48 non
1200 1230 101 48 esse.

390 1270 96 54 ergo
450 1270 96 54 omne
510 1270 132 54 eternum
606 1270 108 54 prius
678 1270 96 54 fuit
738 1270 144 54 quolibet
846 1270 156 54 generato.
966 1270 192 54 consequentia
1122 1270 120 54 patet:
1194 1270 108 54 quoniam

393 1311 181 60 quodlibet
532 1311 181 60 generatum
672 1311 125 60 habet
755 1311 112 60 esse
825 1311 112 60 post
895 1311 98 60 non
951 1311 125 60 esse:
1034 1311 125 60 sicut
1118 1311 181 60 generatio
1243 1311 70 60 est

384 1358 179 52 transitus
522 1358 83 52 de
563 1358 96 52 non
618 1358 110 52 esse
687 1358 83 52 ad
728 1358 124 52 esse:
811 1358 124 52 pater
893 1358 124 52 autem
976 1358 96 52 est
1031 1358 165 52 eternus:
1154 1358 83 52 et
1182 1358 110 52 filius

395 1400 102 56 est
454 1400 175 56 genitus.
585 1400 116 56 ergo
657 1400 116 56 etc.
730 1400 73 56 ⁋
759 1400 87 56 3o
803 1400 116 56 omne
876 1400 189 56 producens
1021 1400 131 56 prius
1094 1400 204 56 intelligitir

388 1444 90 52 sue
440 1444 194 52 productioni
595 1444 116 52 agere
672 1444 103 52 enim
737 1444 77 52 et
775 1444 168 52 producere
905 1444 220 52 praesupponunt
1085 1444 129 52 esse).
1176 1444 103 52 ergo
1227 1444 65 52 pae

388 1496 95 42 ter
443 1496 231 42 pintelligitur
633 1496 217 42 generationi:
809 1496 81 42 et
850 1496 95 42 per
904 1496 190 42 consequens
1053 1496 122 42 filio
1135 1496 81 42 ea
1175 1496 109 42 ambo
1230 1496 81 42 pre-

395 1531 230 47 intelliguntur
584 1531 203 47 spirationi:
746 1531 81 47 et
786 1531 95 47 per
840 1531 189 47 consequens
989 1531 162 47 spiritui
1110 1531 122 47 scnd.
1191 1531 68 47 ⁋
1218 1531 81 47 Ex
1245 1531 54 47 oo

386 1578 144 53 sequitur
494 1578 96 53 quod
554 1578 108 53 pater
626 1578 96 53 erit
685 1578 108 53 prior
757 1578 120 53 filio:
841 1578 72 53 et
877 1578 120 53 filius
961 1578 96 53 spum
1021 1578 144 53 sccntio.
1128 1578 60 53 ⁋
1140 1578 168 53 Confirmatur.

385 1619 140 50 quoniam
487 1619 152 50 habitudo
601 1619 140 50 naturae
703 1619 76 50 ad
741 1619 178 50 suppositum
881 1619 76 50 et
919 1619 127 50 primum
1008 1619 127 50 actum:
1097 1619 114 50 prior
1173 1619 89 50 est
1211 1619 89 50 habi-

391 1661 136 55 tudine
487 1661 109 55 eius
555 1661 82 55 ad
595 1661 122 55 actum
677 1661 95 55 2m.
731 1661 122 55 patet
813 1661 136 55 illud:
908 1661 109 55 quia
976 1661 122 55 agere
1058 1661 218 55 praesupponit
1221 1661 95 55 esse:

389 1708 87 47 et
432 1708 174 47 habitudo
562 1708 159 47 naturae
678 1708 87 47 ad
722 1708 203 47 suppositum
881 1708 174 47 pertinet
1012 1708 87 47 ad
1055 1708 130 47 esse.
1142 1708 116 47 ergo
1200 1708 116 47 natura

390 1748 106 58 divina
465 1748 96 58 prius
529 1748 96 58 habet
592 1748 85 58 esse
646 1748 64 58 in
678 1748 138 58 supposito
784 1748 128 58 paterno:
880 1748 85 58 quam
933 1748 74 58 sit
975 1748 149 58 principium
1092 1748 170 58 productionis
1220 1748 85 58 filii.

397 1793 58 64 et
426 1793 67 64 per
465 1793 134 64 consequens
570 1793 86 64 pater
628 1793 86 64 prius
685 1793 67 64 est
724 1793 77 64 quam
772 1793 134 64 griesenet:
877 1793 58 64 et
906 1793 67 64 per
945 1793 134 64 consequens
1050 1793 86 64 prior
1098 1793 77 64 filio-

358 1829 96 103 Ad
406 1829 208 103 oppositum
566 1829 112 103 est
629 1829 176 103 veritas
757 1829 144 103 fidei
853 1829 144 103 quae.
949 1829 160 103 dicens
1061 1829 128 103 quod
1124 1829 192 103 intrinita-

802 1877 97 69 te
850 1877 146 69 nihil
948 1877 146 69 prius
1045 1877 113 69 aut
1109 1877 211 69 posterius
1255 1877 65 69 ni

374 1917 120 67 hil
442 1917 154 67 maius
545 1917 120 67 aut
613 1917 154 67 minus
699 1917 103 67 etc.

354 1954 112 111 Ad
410 1954 261 111 questionem
615 1954 224 111 praemito
783 1954 168 111 primo
895 1954 149 111 vnam
988 1954 317 111 distinctionem
1230 1954 75 111 de

828 2007 194 54 quibusdam
977 2007 149 54 modis:
1081 2007 149 54 quibus
1186 2007 104 54 vna
1230 2007 75 54 res

391 2055 123 56 dicitur
480 2055 101 56 prior
548 2055 101 56 alia.
615 2055 112 56 Deinde
693 2055 101 56 ponam
760 2055 179 56 conclusiones
906 2055 123 56 aliquas
995 2055 67 56 ad
1018 2055 134 56 propositum

360 2093 200 91 Quantum
505 2093 109 91 ad
560 2093 182 91 primum
687 2093 164 91 dico:
797 2093 146 91 quod
887 2093 164 91 multi
997 2093 146 91 sunt
1088 2093 146 91 modi
1160 2093 146 91 quibus

676 2144 115 48 vel
741 2144 164 48 aliquo
856 2144 148 48 eorum
955 2144 115 48 vna
1021 2144 115 48 res
1087 2144 181 48 dicitur
1202 2144 115 48 prior

397 2186 94 48 alia:
459 2186 115 48 quantum
543 2186 94 48 tamen
606 2186 63 48 ad
637 2186 146 48 propositum
752 2186 136 48 sufficit:
857 2186 188 48 quintupliciter
1013 2186 115 48 dicitur
1097 2186 94 48 prius
1160 2186 125 48 scilicet
1243 2186 63 48 eter

386 2236 149 45 nitate
491 2236 179 45 tempore.
625 2236 239 45 perfectione.
819 2236 104 45 nam
878 2236 90 45 et
923 2236 239 45 causalitate.
1117 2236 75 45 ⁋
1132 2236 179 45 Eternitate

397 2272 141 50 prior
491 2272 109 50 est
554 2272 109 50 res
616 2272 156 50 eterna
726 2272 94 50 re
773 2272 109 50 non
835 2272 172 50 eterna:
960 2272 172 50 Sumendo
1085 2272 141 50 autem
1163 2272 141 50 eternum

400 2318 138 59 proprie
501 2318 151 59 scilicet
614 2318 88 59 pro
664 2318 213 59 incommutabili
839 2318 75 59 et
877 2318 88 59 non
927 2318 163 59 possibili
1053 2318 88 59 non
1103 2318 113 59 esse:
1178 2318 88 59 aut
1216 2318 100 59 aliter

395 2364 90 49 se
440 2364 166 49 habere:
561 2364 105 49 quo
621 2364 135 49 sumit
711 2364 120 49 Aug.
786 2364 105 49 83.
846 2364 90 49 q.
892 2364 105 49 vbi
952 2364 120 49 ait.
1027 2364 120 49 quod
1087 2364 226 49 incommutabile

400 2405 110 49 est:
469 2405 151 49 eternum
579 2405 110 49 est:
647 2405 137 49 semper
743 2405 110 49 enim
812 2405 165 49 eiusmodi
936 2405 110 49 est.
1004 2405 110 49 quod
1073 2405 124 49 autem
1142 2405 178 49 commutabile

389 2455 105 42 est:
455 2455 144 42 tempori
560 2455 158 42 obnoxium
678 2455 105 42 est:
743 2455 92 42 non
796 2455 105 42 enim
862 2455 131 42 semper
953 2455 158 42 eiusmodi
1072 2455 105 42 est:
1137 2455 79 42 et
1177 2455 105 42 ideo
1229 2455 79 42 eter

402 2496 97 48 num
458 2496 97 48 non
513 2496 125 48 recte
597 2496 167 48 dicitur.
722 2496 69 48 ⁋
749 2496 97 48 Et.
805 2496 83 48 4.
847 2496 83 48 de
888 2496 111 48 tri.
958 2496 111 48 ait.
1027 2496 97 48 non
1083 2496 111 48 enim
1152 2496 153 48 proprie
1249 2496 56 48 vo

385 2534 118 50 catur
463 2534 144 50 eternum
568 2534 105 50 quod
634 2534 131 50 aliqua
725 2534 79 50 ex
764 2534 118 50 parte
843 2534 144 50 mutatur
948 2534 79 50 id
987 2534 92 50 est
1039 2534 105 50 quod
1105 2534 92 50 est
1157 2534 131 50 aliquo
1235 2534 79 50 modo

397 2578 186 50 mutabile.
539 2578 86 50 Et
582 2578 143 50 infert
682 2578 186 50 inquantum
825 2578 114 50 ergo
896 2578 186 50 mutabiles
1039 2578 128 50 sumus
1124 2578 86 50 in
1167 2578 143 50 tantum
1253 2578 57 50 ab

391 2619 209 55 eternitate
555 2619 194 55 distamus.
704 2619 104 55 Sic
764 2619 134 55 autem
854 2619 164 55 sumendo
973 2619 164 55 eternum
1092 2619 90 55 et
1137 2619 104 55 non
1182 2619 134 55 eternum

400 2664 105 50 deus
466 2664 79 50 et
505 2664 118 50 solus
584 2664 105 50 ipse
649 2664 184 50 eternitate
794 2664 118 50 prior
873 2664 92 50 est
925 2664 105 50 quam
991 2664 171 50 creatura:
1122 2664 105 50 quod
1188 2664 92 50 est
1227 2664 92 50 verum

403 2707 117 55 esset
481 2707 78 55 si
520 2707 157 55 creatura
638 2707 143 55 numquam
742 2707 196 55 incepisset.
899 2707 104 55 vnde
964 2707 104 55 Aug.
1029 2707 91 55 12.
1081 2707 157 55 confess.
1199 2707 117 55 iuxta
1264 2707 52 55 fi

391 2751 97 47 nem
446 2751 138 47 ponens
543 2751 152 47 quatuor
654 2751 124 47 modos
737 2751 193 47 poritatis.
889 2751 138 47 dicens
985 2751 111 47 quod
1054 2751 152 47 aliquid
1151 2751 166 47 eternitate

397 2794 147 57 praecedit
510 2794 113 57 aliud:
589 2794 102 57 sicut
657 2794 91 57 deus
713 2794 113 57 omnia:
793 2794 68 57 et
827 2794 68 57 in
861 2794 79 57 quo
906 2794 147 57 consistat
1019 2794 102 57 ratio
1087 2794 147 57 huiusmodi
1189 2794 124 57 priorita-

389 2838 109 47 tis
452 2838 156 47 statim
561 2838 109 47 deo
624 2838 172 47 loquens
749 2838 187 47 declarat
889 2838 172 47 dicens.
1014 2838 109 47 Nam
1077 2838 125 47 rara
1155 2838 141 47 visio
1233 2838 78 47 est

388 2893 94 42 et
435 2893 141 42 minus
530 2893 141 42 ardua
624 2893 204 42 cospicere
781 2893 173 42 domine:
906 2893 235 42 eternitatem
1094 2893 126 42 tuam
1157 2893 157 42 incommu-

391 2927 246 51 tabilitatis
587 2927 213 51 mutabilia
751 2927 229 51 facientem:
931 2927 98 51 ac
980 2927 115 51 per
1046 2927 115 51 hoc
1111 2927 197 51 priorem.
1242 2927 66 51 vb

399 2969 107 54 patet
471 2969 95 54 quod
530 2969 95 54 ideo
590 2969 95 54 deus
649 2969 167 54 eternitate
780 2969 155 54 praecedit
899 2969 107 54 alia:
971 2969 131 54 quoniam
1066 2969 226 54 incommutabilis:
1245 2969 71 54 alia

402 3015 114 52 vero
473 3015 199 52 mutabilia.
630 3015 85 52 Et
672 3015 171 52 consonat
800 3015 85 52 ei
843 3015 114 52 quod
914 3015 100 52 iam
971 3015 100 52 est
1028 3015 185 52 allegatum
1171 3015 100 52 ex.
1228 3015 85 52 4.
1256 3015 57 52 de

392 3055 123 68 tri.
468 3055 200 68 inquantum
622 3055 200 68 mutabiles
776 3055 138 68 sumus
868 3055 184 68 intantum
1007 3055 92 68 ab
1053 3055 215 68 eternitate
1206 3055 108 68 dista

1329 243 120 68 mus.
1404 243 135 68 Solus
1494 243 135 68 autem
1584 243 120 68 deus
1659 243 270 68 incommutabilis
1884 243 105 68 est
1944 243 180 68 secundum
2064 243 195 68 intellectum

1346 304 191 51 praemissum.
1499 304 76 51 et
1537 304 114 51 omnis
1613 304 153 51 creatura
1728 304 216 51 commutabilis.
1906 304 76 51 Et
1944 304 76 51 si
1982 304 127 51 aliqua
2071 304 153 51 creatura
2173 304 89 51 infi-

1336 341 110 57 nito
1405 341 151 57 tempore
1515 341 151 57 fuisset
1625 341 124 57 adhuc
1707 341 110 57 illa
1776 341 178 57 mutabilis
1913 341 137 57 esset:
2009 341 82 57 et
2050 341 110 57 deus
2105 341 151 57 immutabi-

1342 384 108 57 lis:
1410 384 81 57 et
1451 384 95 57 per
1505 384 203 57 consequens:
1667 384 108 57 deus
1735 384 190 57 eternitate
1884 384 122 57 prior
1965 384 122 57 esset
2046 384 108 57 quam
2114 384 122 57 illa.
2182 384 81 57 huic

1337 430 174 56 concordat
1470 430 174 56 sententia
1604 430 147 56 Boecii.
1711 430 80 56 5.
1751 430 80 56 de
1791 430 227 56 consolatione.
1978 430 94 56 vbi
2032 430 134 56 dicens
2125 430 107 56 quod
2179 430 80 56 illi

1345 475 153 55 errant
1452 475 107 55 qui
1513 475 107 55 cum
1575 475 169 55 audiunt
1697 475 138 55 visum
1789 475 153 55 fuisse
1897 475 169 55 platoni
2020 475 153 55 mundum
2127 475 138 55 neque
2204 475 61 55 ha

1349 517 117 54 vere
1422 517 161 54 initium
1539 517 190 54 temporis:
1686 517 132 54 neque
1773 517 132 54 finem
1861 517 205 54 habiturum:
2022 517 146 54 putant
2124 517 102 54 hoc
2168 517 88 54 modo

1341 562 144 54 sequi:
1441 562 115 54 quod
1514 562 101 54 deo
1571 562 101 54 sit
1629 562 144 54 mundus
1730 562 202 54 coeternus.
1888 562 130 54 aliud
1975 562 101 54 est
2032 562 115 54 enim
2104 562 144 54 inquit
2191 562 72 54 per

1341 604 288 59 interminabilem
1581 604 128 59 duci
1661 604 144 59 vitam
1757 604 128 59 quod
1836 604 144 59 mundo
1932 604 144 59 Plato
2028 604 224 59 attribuit:
2188 604 80 59 ali

1338 649 80 58 ud
1378 649 239 58 interminabilis
1577 649 106 58 vite
1643 649 119 58 totam
1722 649 146 58 periter
1829 649 159 58 connexam
1948 649 106 58 esse
2014 649 212 58 praesentiam:
2173 649 80 58 quod

1339 691 134 56 diuine
1432 691 134 56 mentis
1526 691 160 56 proprium
1646 691 107 56 esse
1713 691 134 56 manium
1807 691 107 56 est:
1873 691 120 56 neque
1954 691 107 56 enim
2020 691 107 56 deus
2087 691 160 56 conditis
2194 691 67 56 re-

1344 736 98 54 bus
1400 736 182 54 antiquior
1540 736 140 54 videri
1638 736 126 54 debet
1722 736 168 54 temporis
1847 736 210 54 quantitate:
2015 736 98 54 sed
2071 736 182 54 simplicis
2197 736 56 54 po

1337 781 119 53 tius
1412 781 224 53 proprietate
1591 781 179 53 naturae.
1725 781 104 53 hec
1785 781 179 53 Boetius.
1919 781 90 53 Ex
1964 781 104 53 hoc
2023 781 134 53 patet
2098 781 164 53 vlterius:

1341 822 96 61 quod
1401 822 167 61 auctoritas
1532 822 155 61 scintorum
1652 822 84 61 qua
1700 822 120 61 domint
1784 822 155 61 creaturam
1903 822 84 61 non
1951 822 144 61 potuisse
2059 822 84 61 deo
2107 822 96 61 esse
2154 822 108 61 coeter-

1349 872 95 49 nam:
1409 872 167 49 intellecte
1540 872 72 49 ad
1576 872 119 49 mentem
1659 872 119 49 eorum:
1742 872 83 49 non
1790 872 95 49 sunt
1850 872 119 49 contra
1933 872 167 49 opinionem:
2064 872 95 49 quae
2124 872 107 49 ponit
2183 872 72 49 quod

1343 914 197 58 possibile
1495 914 106 58 sit
1555 914 197 58 creaturam
1707 914 152 58 fuisse
1813 914 91 58 ab
1859 914 152 58 eterno
1965 914 106 58 seu
2025 914 106 58 non
2086 914 182 58 habuisse
2207 914 61 58 du

1350 956 192 52 rationis
1494 956 192 52 initium.
1639 956 160 52 Rursus
1751 956 176 52 proprie
1879 956 192 52 loquendo
2023 956 144 52 talis
2104 956 160 52 creatura

1352 998 90 66 que
1404 998 141 66 numquam
1506 998 180 66 incepisset
1648 998 77 66 et
1686 998 141 66 fuisset
1789 998 154 66 infinito
1904 998 154 66 tempore.
2020 998 90 66 non
2071 998 116 66 esset
2149 998 116 66 neque
2213 998 64 66 fu-

1341 1039 135 60 isset
1431 1039 211 60 eternitate
1597 1039 135 60 prior
1687 1039 105 60 vna
1747 1039 135 60 alia:
1838 1039 105 60 que
1898 1039 150 60 tantum
2003 1039 105 60 per
2063 1039 135 60 annum
2139 1039 135 60 fuisset

1346 1087 84 54 aut
1394 1087 96 54 nunc
1454 1087 108 54 primo
1526 1087 120 54 esset:
1610 1087 96 54 quia
1670 1087 96 54 illa
1730 1087 84 54 non
1778 1087 108 54 esset
1851 1087 228 54 incommutabilis:
2043 1087 72 54 et
2079 1087 96 54 hinc
2139 1087 108 54 patet
2199 1087 72 54 hanc

1347 1132 207 59 prioritatem
1513 1132 110 59 esse
1582 1132 124 59 aliam
1664 1132 69 59 a
1692 1132 193 59 prioritate
1844 1132 179 59 temporis.
1981 1132 97 59 Nam
2037 1132 110 59 casu
2106 1132 138 59 posito
2188 1132 83 59 deus

1340 1172 104 54 non
1400 1172 134 54 esset
1489 1172 163 54 tempore
1607 1172 149 54 prior:
1711 1172 119 54 quam
1786 1172 119 54 illa
1860 1172 193 54 creatura.
2009 1172 208 54 eternitate
2157 1172 104 54 autem

1344 1226 139 46 esset
1436 1226 139 46 prior
1529 1226 108 46 ea:
1590 1226 92 46 et
1636 1226 123 46 ipsa
1714 1226 154 46 quidem
1821 1226 108 46 non
1883 1226 216 46 eternitate
2053 1226 108 46 sed
2099 1226 154 46 tempora-

1352 1260 156 57 litate
1461 1260 140 57 prior
1555 1260 140 57 esset
1648 1260 93 57 ea
1695 1260 109 57 que
1757 1260 202 57 aliquando
1912 1260 233 57 incepisset.
2099 1260 124 57 Quia
2161 1260 109 57 autem

1341 1303 152 57 dicatur
1451 1303 124 57 prius
1534 1303 152 57 tempore
1644 1303 124 57 notum
1727 1303 110 57 est.
1796 1303 69 57 ⁋
1823 1303 124 57 Prius
1906 1303 124 57 autem
1989 1303 207 57 perfectione
2140 1303 124 57 dicitur

1351 1354 114 50 omne
1422 1354 200 50 perfectius
1579 1354 171 50 respectu
1707 1354 257 50 imperfectorum:
1922 1354 100 50 nec
1979 1354 128 50 aliud
2064 1354 100 50 est
2121 1354 114 50 esse
2178 1354 86 50 per-

1348 1396 162 53 fectione
1469 1396 135 53 prius:
1563 1396 108 53 quam
1631 1396 108 53 esse
1698 1396 202 53 perfectius.
1860 1396 67 53 ⁋
1887 1396 94 53 Nam
1941 1396 121 53 prius
2021 1396 148 53 dicitur
2129 1396 108 53 vnum
2183 1396 81 53 quod

1359 1435 113 58 potest
1438 1435 90 58 esse
1494 1435 90 58 sine
1551 1435 90 58 alio
1607 1435 68 58 ea
1641 1435 79 58 non
1687 1435 147 58 econverso
1800 1435 68 58 et
1834 1435 113 58 hocodo
1913 1435 136 58 accipit.
2015 1435 68 58 P.
2048 1435 102 58 prius
2116 1435 124 58 natura.
2195 1435 57 58 erg

1346 1488 110 46 meta.
1419 1488 73 46 c.
1456 1488 73 46 de
1492 1488 134 46 priori.
1590 1488 86 46 vbi
1639 1488 98 46 ait.
1700 1488 98 46 Alia
1761 1488 98 46 vero
1822 1488 147 46 dicuntur
1932 1488 171 46 prioritate
2067 1488 122 46 priora
2140 1488 122 46 secundum

1358 1524 133 50 naturam
1455 1524 72 50 et
1491 1524 169 50 subiectam:
1624 1524 72 50 vt
1660 1524 157 50 quecumque
1781 1524 169 50 contingunt
1914 1524 97 50 esse
1974 1524 97 50 sine
2034 1524 121 50 aliis:
2119 1524 72 50 et
2155 1524 97 50 illa
2204 1524 60 50 non

1358 1566 100 54 sine
1420 1566 125 54 illis.
1507 1566 87 54 Sed
1557 1566 87 54 hoc
1607 1566 125 54 potest
1694 1566 174 54 dupliciter
1831 1566 137 54 accipi.
1931 1566 87 54 vno
1980 1566 112 54 modo:
2055 1566 137 54 sumendo
2142 1566 125 54 continge

1358 1610 72 52 re
1394 1610 84 52 vel
1442 1610 107 52 posse
1513 1610 179 52 simpliciter
1656 1610 72 52 vt
1692 1610 107 52 illud
1764 1610 107 52 dicat
1835 1610 107 52 prius
1907 1610 119 52 natura
1991 1610 107 52 alio:
2062 1610 95 52 quod
2122 1610 84 52 per
2158 1610 107 52 aliquam

1362 1661 179 47 potentiam
1500 1661 110 47 siue
1569 1661 151 47 diuinam
1679 1661 110 47 siue
1747 1661 151 47 creatam
1857 1661 124 47 potst
1940 1661 165 47 existere
2064 1661 110 47 sine
2132 1661 124 47 illo.
2201 1661 69 47 il-

1347 1698 97 53 lud
1402 1698 124 53 autem
1485 1698 97 53 per
1540 1698 138 53 nullam
1637 1698 179 53 potentiam
1775 1698 138 53 potest
1872 1698 166 53 existere
1996 1698 110 53 sine
2065 1698 97 53 eo:
2120 1698 83 53 et
2162 1698 97 53 sic
2203 1698 69 53 so-

1357 1747 90 48 lus
1409 1747 103 48 deus
1473 1747 90 48 est
1524 1747 116 48 prior
1601 1747 103 48 quam
1666 1747 167 48 creatura.
1794 1747 77 48 et
1833 1747 103 48 pars
1897 1747 90 48 est
1949 1747 129 48 natura
2039 1747 116 48 prior
2116 1747 116 48 toto:
2180 1747 90 48 cuius

1347 1784 97 57 est
1403 1784 125 57 pars.
1486 1784 97 57 Nam
1542 1784 167 57 quelibet
1667 1784 97 57 res
1723 1784 139 57 creata
1820 1784 139 57 potest
1917 1784 97 57 per
1973 1784 153 57 diuinam
2084 1784 181 57 potentiam
2209 1784 70 57 exi

1347 1828 128 48 stere
1432 1828 128 48 nulla
1518 1828 114 48 alia
1589 1828 85 48 re
1631 1828 142 48 creata
1731 1828 114 48 quae
1802 1828 100 48 non
1859 1828 100 48 sit
1916 1828 114 48 pars
1987 1828 114 48 eius
2058 1828 199 48 existente.
2201 1828 71 48 to-

1353 1877 96 48 tum
1408 1877 124 48 autem
1491 1877 96 48 non
1546 1877 138 48 potest
1642 1877 165 48 existere
1766 1877 110 48 sine
1835 1877 96 48 sua
1890 1877 124 48 parte
1973 1877 207 48 intrinseca.
2138 1877 83 48 vt
2166 1877 110 48 sortes

1365 1917 92 51 sine
1422 1917 80 51 sua
1468 1917 115 51 anima:
1548 1917 149 51 econverso
1663 1917 103 51 autem
1731 1917 103 51 anima
1800 1917 80 51 que
1846 1917 80 51 est
1892 1917 92 51 pars
1949 1917 92 51 eius
2006 1917 115 51 potest
2087 1917 149 51 existere:
2201 1917 69 51 et
2224 1917 46 51 si

1358 1962 125 55 sortes
1445 1962 87 55 non
1495 1962 137 55 fuerit.
1594 1962 100 55 alio
1657 1962 100 55 modo
1719 1962 125 55 potest
1806 1962 125 55 accipi
1893 1962 112 55 posse
1968 1962 75 55 et
2005 1962 174 55 contingere
2142 1962 87 55 per
2180 1962 87 55 respe

1347 2004 100 48 ctum
1409 2004 75 48 ad
1446 2004 137 48 vitutem
1546 2004 75 48 et
1583 2004 162 48 potentiam
1707 2004 149 48 naturale
1820 2004 87 48 seu
1869 2004 149 48 creatam:
1981 2004 75 48 et
2019 2004 124 48 hocodo
2106 2004 112 48 estam
2180 2004 87 48 vna
2218 2004 62 48 res

1361 2051 122 53 creata
1446 2051 85 53 est
1495 2051 122 53 altera
1580 2051 85 53 que
1629 2051 85 53 non
1678 2051 85 53 est
1727 2051 98 53 pars
1788 2051 98 53 eius
1849 2051 110 53 prior
1922 2051 146 53 secundum
2032 2051 146 53 naturam:
2142 2051 110 53 sicut
2203 2051 61 53 hec

1348 2093 150 47 materia
1457 2093 123 47 prior
1539 2093 95 47 est
1593 2093 95 47 hac
1648 2093 109 47 eius
1716 2093 123 47 forma
1798 2093 204 47 subsiectali
1961 2093 204 47 demonstrata
2124 2093 123 47 forma
2192 2093 82 47 cor-

1362 2139 109 48 porea:
1439 2139 120 48 quoniam
1526 2139 87 48 ipsa
1581 2139 164 48 naturaliter
1712 2139 109 48 potest
1788 2139 131 48 existere
1887 2139 87 48 sine
1941 2139 66 48 ea
1974 2139 66 48 et
2007 2139 76 48 non
2051 2139 153 48 econverso.
2160 2139 120 48 Similiter

1355 2179 107 55 hoc
1416 2179 199 55 subiectum
1569 2179 153 55 natura
1676 2179 138 55 prius
1768 2179 107 55 est
1829 2179 107 55 hoc
1890 2179 107 55 suo
1952 2179 199 55 accidente
2089 2179 184 55 separabili

1358 2218 131 63 propter
1453 2218 119 63 eandem
1537 2218 155 63 rationem.
1656 2218 131 63 Quamuis
1751 2218 107 63 autem
1823 2218 131 63 materia
1918 2218 83 63 sit
1966 2218 179 63 naturaliter
2109 2218 107 63 prior
2181 2218 83 63 hac
2216 2218 60 63 for

1366 2271 92 45 ma:
1418 2271 92 45 non
1471 2271 118 45 tamen
1549 2271 197 45 concedendum
1707 2271 92 45 est
1759 2271 105 45 quod
1825 2271 92 45 sit
1877 2271 197 45 naturaliter
2034 2271 118 45 prior
2113 2271 131 45 forma.
2191 2271 79 45 siue

1360 2311 99 47 in
1409 2311 148 47 primo
1507 2311 148 47 sensu
1606 2311 279 47 intelligatur:
1836 2311 131 47 siue
1918 2311 99 47 in
1968 2311 99 47 2o
2017 2311 99 47 In
2066 2311 148 47 primo
2149 2311 131 47 quidem

1359 2351 123 55 non.
1435 2351 123 55 quia
1512 2351 138 55 etiam
1605 2351 138 55 forma
1697 2351 184 55 quelibet
1835 2351 108 55 dei
1897 2351 169 55 virtute
2020 2351 154 55 potest
2112 2351 169 55 praexiste

1354 2398 97 53 re
1402 2398 129 53 sine
1483 2398 194 53 materia.
1628 2398 113 53 Nec
1693 2398 145 53 etiam
1789 2398 97 53 in
1838 2398 97 53 2o
1886 2398 129 53 quia
1967 2398 177 53 materia
2096 2398 113 53 non
2144 2398 129 53 potest

1363 2438 204 55 naturaliter
1527 2438 163 55 existere
1649 2438 109 55 sine
1718 2438 136 55 forma:
1813 2438 123 55 sicut
1895 2438 95 55 nec
1949 2438 204 55 naturaliter
2113 2438 136 55 potest
2194 2438 82 55 esse

1368 2488 139 49 nullam
1465 2488 139 49 habens
1563 2488 153 49 formam.
1674 2488 97 49 non
1729 2488 111 49 enim
1799 2488 181 49 sequitur.
1938 2488 139 49 potest
2035 2488 111 49 esse
2104 2488 111 49 sine
2174 2488 97 49 hac
2216 2488 69 49 for

1362 2535 106 45 ma:
1422 2535 121 45 ergo
1498 2535 121 45 sine
1574 2535 151 45 forma.
1680 2535 182 45 Arguitur
1816 2535 121 45 enim
1892 2535 91 45 ab
1937 2535 197 45 inferiori
2088 2535 91 45 ad
2119 2535 151 45 superius

1367 2571 158 48 negatiue
1485 2571 66 48 a
1511 2571 118 48 parte
1590 2571 197 48 praedicati.
1748 2571 79 48 Si
1788 2571 118 48 tamen
1866 2571 131 48 aliqua
1958 2571 118 48 talis
2037 2571 131 48 posita
2129 2571 92 48 vel
2169 2571 105 48 concet

1355 2618 95 46 sa
1403 2618 95 46 ab
1450 2618 158 46 aliquo
1560 2618 173 46 auctore
1686 2618 221 46 inueniatur
1859 2618 221 46 accipienda
2033 2618 110 46 est
2096 2618 126 46 loco
2159 2618 110 46 huius

1371 2660 130 50 forma
1457 2660 101 50 est
1515 2660 159 50 materia
1630 2660 144 50 prior.
1731 2660 101 50 ita
1789 2660 115 50 quod
1861 2660 87 50 ly
1904 2660 130 50 forma
1991 2660 101 50 sit
2048 2660 130 50 casus
2120 2660 159 50 ablatiuis

1364 2703 86 58 et
1407 2703 101 58 hec
1464 2703 144 58 vtique
1565 2703 115 58 vera
1637 2703 115 58 est.
1709 2703 86 58 Et
1752 2703 187 58 similiter
1896 2703 173 58 dicendum
2026 2703 101 58 est
2083 2703 86 58 de
2127 2703 130 58 ista.
2199 2703 86 58 acci

1356 2748 144 49 dente
1452 2748 224 49 separabili
1627 2748 208 49 subiectum
1787 2748 112 49 est
1851 2748 144 49 prius
1947 2748 176 49 natura.
2074 2748 176 49 vtraque
2186 2748 96 49 enim

1365 2794 124 47 harum
1448 2794 110 47 vera
1517 2794 110 47 est:
1586 2794 110 47 sine
1654 2794 124 47 forma
1737 2794 138 47 potest
1834 2794 152 47 materia
1944 2794 179 47 existere.
2081 2794 110 47 sine
2137 2794 152 47 accidente

1355 2837 111 48 suo
1418 2837 221 48 separabili
1592 2837 158 48 potest
1703 2837 206 48 subiectum
1861 2837 142 48 esse.
1956 2837 126 48 iste
2035 2837 142 48 modus
2114 2837 174 48 priorita-

1355 2882 120 50 tis
1424 2882 120 50 est
1492 2882 206 50 secundus
1647 2882 155 50 modus
1750 2882 189 50 positus
1887 2882 103 50 a.
1939 2882 103 50 P.
1990 2882 103 50 in
2024 2882 258 50 predicamentis

1363 2923 95 61 qui
1418 2923 95 61 est
1472 2923 135 61 quando
1566 2923 95 61 non
1620 2923 203 61 conuertitur
1782 2923 203 61 subsistendi
1944 2923 230 61 consequentia.
2133 2923 68 61 ⁋
2160 2923 122 61 Prius
2228 2923 81 61 prgo

1357 2963 123 60 autem
1439 2963 204 60 causalitate
1603 2963 95 60 vel
1657 2963 163 60 secundum
1780 2963 136 60 causam
1875 2963 150 60 dicitur
1984 2963 123 60 illud
2066 2963 109 60 quod
2134 2963 95 60 est
2188 2963 123 60 causa
2257 2963 54 60 st

1359 3007 168 52 alterius
1485 3007 84 52 et
1527 3007 98 52 non
1583 3007 196 52 econuerso.
1737 3007 112 52 quod
1807 3007 196 52 dupliciter
1960 3007 140 52 potest
2058 3007 126 52 esse.
2142 3007 98 52 vel
2184 3007 84 52 quod

1356 3052 136 65 illud
1447 3052 136 65 cuius
1537 3052 106 65 est
1598 3052 136 65 causa
1689 3052 136 65 nullo
1780 3052 121 65 modo
1855 3052 106 65 sit
1916 3052 166 65 econtra
2037 3052 136 65 causa
2128 3052 136 65 eius.
2203 3052 76 65 vel
