2489 3583
276 256 195 81 strationis
429 256 97 81 est
485 256 167 81 questio:
610 256 111 81 dico
680 256 111 81 quod
749 256 97 81 hoc
805 256 139 81 potest
903 256 139 81 habere
1000 256 167 81 duplicem
1111 256 70 81 sen

270 309 115 74 sum.
341 309 115 74 vnum
413 309 200 74 accipiendo
570 309 229 74 conclusionem
756 309 100 74 pro
814 309 229 74 propositione
1000 309 115 74 illa
1071 309 100 74 que
1114 309 72 74 est

270 355 115 68 pars
342 355 144 68 tertia
443 355 289 68 demonstrationis:
688 355 87 68 et
732 355 115 68 tunc
804 355 115 68 dico
876 355 115 68 quod
948 355 130 68 illud
1035 355 101 68 est
1078 355 101 68 verum

265 404 88 67 de
309 404 220 67 conclusione
485 404 278 67 demonstrationis
719 404 161 67 vocalis
837 404 88 67 et
880 404 176 67 mentalis
1012 404 132 67 etiam
1085 404 103 67 primo

261 440 126 72 modo
340 440 174 72 sumpte:
467 440 111 72 non
530 440 142 72 autem
625 440 95 72 de
672 440 237 72 conclusione
862 440 300 72 demonstrationis
1099 440 79 72 men

267 484 138 63 talis
359 484 169 63 accepte
482 484 169 63 secundo
605 484 138 63 modo.
697 484 138 63 Alium
789 484 154 63 sensum
896 484 154 63 potest
1004 484 154 63 habere
1096 484 77 63 ac-

270 534 183 56 cipiendo
407 534 107 56 per
468 534 244 56 conclusionem
666 534 244 56 significatum
864 534 259 56 conclusionis:
1077 534 91 56 vt
1108 534 76 56 sit

264 567 168 73 sensus.
386 567 122 73 omne
462 567 244 73 concludibile
660 567 244 73 demostratiue
858 567 107 73 seu
919 567 107 73 per
965 567 213 73 conclusionem

259 615 275 66 demonstrationis
490 615 246 66 significabile
693 615 101 66 est
751 615 174 66 questio.
882 615 145 66 igitur
983 615 203 66 queribile.
1128 615 58 66 et

254 662 107 65 hoc
315 662 261 65 vniuersaliter
530 662 107 65 est
591 662 154 65 verum:
699 662 92 65 et
745 662 92 65 in
791 662 107 65 hoc
853 662 138 65 sensu
945 662 138 65 magis
1037 662 138 65 forte
1114 662 61 65 lo

262 698 103 71 cuti
326 698 103 71 sunt
390 698 154 71 auctores
506 698 77 71 et
544 698 244 71 rationabiliter:
750 698 141 71 quoniam
852 698 90 71 sic
904 698 141 71 proprie
1006 698 103 71 ipsa
1058 698 115 71 conclu-

263 742 89 74 sio
314 742 89 74 non
365 742 140 74 dicitur
467 742 153 74 scibilis
581 742 89 74 vel
632 742 127 74 scita:
721 742 89 74 sed
772 742 102 74 quod
836 742 203 74 significatur
1001 742 89 74 per
1052 742 127 74 illam:
1128 742 51 74 vt

261 788 132 70 patet
349 788 88 70 ex
393 788 132 70 primo
481 788 190 70 articulo.
627 788 132 70 Sicut
714 788 102 70 nec
773 788 117 70 ipsa
846 788 161 70 proprie
963 788 161 70 dicitur
1065 788 117 70 queri:

258 835 104 59 seu
318 835 119 59 esse
392 835 208 59 queribilis
555 835 104 59 seu
615 835 238 59 dubitabilis:
808 835 104 59 sed
868 835 149 59 potius
972 835 119 59 quod
1031 835 134 59 signifi

258 878 127 66 catur
342 878 99 66 per
399 878 141 66 ipsam:
498 878 85 66 et
540 878 85 66 in
582 878 99 66 hoc
638 878 127 66 sensu
723 878 155 66 concedo
836 878 169 66 vlterius
963 878 113 66 quod
1019 878 155 66 conclusio

252 917 316 67 demonstrationis
518 917 150 67 etiam
618 917 199 67 mentalis
768 917 183 67 secundo
900 917 133 67 modo
984 917 183 67 accepte
1100 917 83 67 est

258 962 207 70 dubitabilis:
426 962 104 70 quia
491 962 155 70 scilicet
608 962 104 70 eius
673 962 207 70 significatum
841 962 91 70 est
893 962 194 70 dubitabile:
1048 962 117 70 licem
1113 962 65 70 non

256 1000 109 72 sit
318 1000 217 72 dubitabile
488 1000 93 72 ab
535 1000 171 72 habente
659 1000 248 72 conclusionem
860 1000 140 72 ipsam
938 1000 233 72 significantem

254 1046 120 68 isto
329 1046 120 68 modo
404 1046 196 68 acceptam.
555 1046 75 68 â‹
585 1046 90 68 Ad
630 1046 90 68 2m
675 1046 120 68 dico
751 1046 120 68 quod
826 1046 135 68 talis
916 1046 196 68 conclusio
1052 1046 105 68 poti-

248 1090 100 67 dici
310 1090 113 67 debet
385 1090 138 67 noticia
485 1090 75 67 et
523 1090 150 67 assensus
635 1090 100 67 quam
698 1090 88 67 per
748 1090 75 67 se
785 1090 113 67 nota.
860 1090 88 67 Tum
910 1090 100 67 quia
973 1090 100 67 quod
1035 1090 88 67 per
1073 1090 88 67 ipsam

239 1130 249 71 significatur
442 1130 109 71 non
504 1130 109 71 est
567 1130 109 71 per
629 1130 94 71 se
676 1130 156 71 notum:
785 1130 109 71 sed
848 1130 109 71 per
910 1130 187 71 noticias
1035 1130 140 71 aliorum

248 1183 166 63 priorum
369 1183 257 63 enunciabilium
581 1183 166 63 taliter
702 1183 106 63 est
762 1183 151 63 notum:
868 1183 166 63 quoniam
990 1183 166 63 noticie
1095 1183 61 63 il

239 1221 143 67 lorum
334 1221 127 67 sunt
414 1221 143 67 cause
509 1221 175 67 noticie
636 1221 111 67 qua
700 1221 222 67 formaliter
874 1221 143 67 ipsum
954 1221 206 67 cognoscitur

241 1261 91 77 et
286 1261 91 77 ad
332 1261 121 77 hunc
408 1261 228 77 intellectum
590 1261 121 77 sunt
666 1261 212 77 accipienda
832 1261 137 77 dicta
923 1261 182 77 auctorum
1045 1261 106 77 dicen

239 1308 121 66 tium
315 1308 243 66 conclusionem
512 1308 106 66 non
573 1308 121 66 esse
649 1308 106 66 per
709 1308 91 66 se
755 1308 152 66 notam.
861 1308 106 66 vel
922 1308 121 66 etia
998 1308 152 66 potest
1089 1308 76 66 im-

248 1353 176 64 telligi
376 1353 96 64 de
424 1353 241 64 conclusione
617 1353 305 64 demonstrationis
873 1353 176 64 vocalis
1002 1353 96 64 et
1034 1353 128 64 menta-

248 1392 116 70 lis
315 1392 149 70 primo
414 1392 132 70 modo
496 1392 198 70 accepte.
645 1392 83 70 â‹
678 1392 99 70 Ad
728 1392 99 70 3m
777 1392 132 70 dico
860 1392 132 70 quod
942 1392 149 70 verum
1025 1392 132 70 conclu

242 1440 112 66 dit
306 1440 96 66 de
354 1440 240 66 conclusione
546 1440 176 66 vocalis
674 1440 320 66 demonstrationis:
946 1440 96 66 et
994 1440 96 66 de
1026 1440 128 66 conclu

239 1481 144 61 sione
335 1481 192 61 mentalis
479 1481 144 61 primo
574 1481 128 61 modo
654 1481 160 61 dicte:
766 1481 112 61 non
830 1481 144 61 autem
926 1481 96 61 de
957 1481 208 61 conclusione

237 1522 335 64 demonstrationis
519 1522 212 64 mentalis
678 1522 194 64 accepte
819 1522 194 64 secundo
960 1522 159 64 modo:
1048 1522 106 64 vnde

241 1564 81 72 si
281 1564 107 72 illa
348 1564 148 72 maneret
455 1564 148 72 deletis
563 1564 188 72 praemissis
711 1564 134 72 vtique
805 1564 121 72 illud
885 1564 121 72 esset
966 1564 134 72 scitum
1060 1564 81 72 et
1087 1564 67 72 eui

240 1616 114 64 dens
311 1616 128 64 sicut
396 1616 142 64 prius:
496 1616 213 64 quemadmodum
666 1616 85 64 et
709 1616 114 64 iste
780 1616 142 64 doctor
880 1616 128 64 habet
965 1616 156 64 dicere:
1065 1616 85 64 quod

241 1654 79 66 si
280 1654 105 66 nota
346 1654 211 66 conclusionis
517 1654 145 66 maneret
623 1654 145 66 deletis
728 1654 158 66 noticiis
846 1654 211 66 premissarum:
1017 1654 118 66 illud
1096 1654 79 66 ad

242 1696 93 68 huc
295 1696 119 68 esset
374 1696 133 68 scitum
467 1696 80 68 et
507 1696 146 68 euidens
613 1696 119 68 sicut
692 1696 133 68 prius.
785 1696 66 68 â‹
812 1696 80 68 Ad
851 1696 80 68 4m
891 1696 106 68 nego
944 1696 212 68 consequentiam.

236 1742 87 68 ad
280 1742 219 68 probationem
455 1742 117 68 dico
528 1742 117 68 quod
601 1742 131 68 sicut
688 1742 131 68 aliud
776 1742 102 68 est
834 1742 146 68 medium
922 1742 233 68 demonstratiuum

241 1788 83 64 et
283 1788 124 64 aliud
366 1788 180 64 probabile
504 1788 83 64 et
545 1788 124 64 aliud
628 1788 207 64 creditiuum:
794 1788 152 64 quoniam
904 1788 138 64 primum
987 1788 166 64 componitur

225 1828 85 69 ex
267 1828 269 69 propositionibus
494 1828 99 69 que
551 1828 113 69 sunt
622 1828 156 69 noticie
735 1828 85 69 et
778 1828 184 69 assensus:
919 1828 99 69 duo
976 1828 113 69 vero
1033 1828 113 69 sequen

223 1868 90 74 tia
275 1868 77 74 ex
313 1868 244 74 propositionibus
519 1868 90 74 que
570 1868 103 74 sunt
635 1868 154 74 assensus
750 1868 129 74 tantum
840 1868 116 74 licem
918 1868 154 74 alterius
1033 1868 77 74 et
1059 1868 90 74 alte-

224 1920 100 61 rius
286 1920 162 61 rationis:
410 1920 87 61 sic
460 1920 100 61 alia
522 1920 87 61 est
572 1920 162 61 conclusio
697 1920 149 61 mentalis
809 1920 87 61 que
858 1920 87 61 est
908 1920 124 61 scire:
995 1920 100 61 alia
1057 1920 87 61 que
1095 1920 62 61 est

227 1960 142 61 opinari:
334 1960 71 61 et
369 1960 95 61 alia
428 1960 95 61 quae
487 1960 83 61 est
534 1960 142 61 credere.
641 1960 59 61 â‹
664 1960 154 61 Praeterea
783 1960 118 61 falsum
865 1960 83 61 est
913 1960 95 61 quod
972 1960 106 61 simul
1043 1960 71 61 in
1066 1960 83 61 mente

220 1998 208 70 habeantur
380 1998 160 70 medium
493 1998 289 70 demonstratiuum
733 1998 96 70 et
781 1998 160 70 medium
893 1998 225 70 probabile:
1054 1998 80 70 acc

223 2046 131 65 piendo
315 2046 105 65 illa
381 2046 118 65 media
460 2046 92 65 pro
512 2046 92 65 his
565 2046 92 65 que
617 2046 197 65 componuntur
775 2046 79 65 ex
814 2046 250 65 propositionibus
1012 2046 118 65 mentali

225 2092 94 51 bus
278 2092 147 51 secundo
385 2092 107 51 modo
452 2092 94 51 vel
505 2092 134 51 tertio
599 2092 107 51 modo
666 2092 174 51 acceptis:
800 2092 120 51 vtrum
880 2092 120 51 autem
960 2092 80 51 si
987 2092 147 51 accipiani

231 2132 99 69 illa
292 2132 111 69 media
366 2132 86 69 pro
415 2132 160 69 compositi
539 2132 74 69 ex
576 2132 234 69 propositionibus
773 2132 172 69 mentalibus
908 2132 111 69 primi
982 2132 99 69 modi
1031 2132 111 69 possunt

224 2175 111 60 simul
297 2175 98 60 esse
359 2175 74 60 in
396 2175 184 60 intellectu:
543 2175 86 60 non
592 2175 111 60 curo:
666 2175 98 60 quia
728 2175 111 60 nihil
801 2175 74 60 ad
838 2175 184 60 propositum:
986 2175 74 60 eo
1022 2175 98 60 quod
1072 2175 61 60 nul

229 2219 94 71 lius
288 2219 106 71 eorum
359 2219 153 71 conclusio
476 2219 82 71 est
523 2219 106 71 scire
594 2219 82 71 vel
641 2219 141 71 opinari.
747 2219 71 71 et
782 2219 153 71 praeterea
900 2219 94 71 esto
959 2219 94 71 quod
1018 2219 106 71 eadem
1076 2219 71 71 eset

217 2271 164 58 vtriusque
343 2271 164 58 conclusio
469 2271 88 58 non
520 2271 151 58 sequitur
633 2271 202 58 inconueniens
797 2271 151 58 illatum.
910 2271 63 58 â‹
935 2271 76 58 Ad
973 2271 76 58 5m
1011 2271 101 58 nego
1061 2271 76 58 con-

214 2314 162 59 sequentiam:
344 2314 65 59 et
376 2314 141 59 similiter
484 2314 184 59 propositionem
636 2314 141 59 assumptam
744 2314 65 59 ad
776 2314 86 59 eius
830 2314 173 59 probationem.
971 2314 65 59 Et
1003 2314 76 59 cum
1036 2314 97 59 dicitur

218 2351 101 64 quod
282 2351 114 64 nulle
358 2351 215 64 propositiones
535 2351 114 64 magis
611 2351 165 64 repugnant
738 2351 101 64 etc.
801 2351 101 64 dico
865 2351 114 64 primo
941 2351 101 64 quod
1004 2351 76 64 si
1042 2351 89 64 hoc
1080 2351 51 64 in

222 2398 187 60 telligatur
368 2398 80 60 de
408 2398 200 60 repugnantia
568 2398 147 60 quantum
675 2398 80 60 ad
715 2398 120 60 simul
795 2398 107 60 esse
861 2398 80 60 in
901 2398 120 60 eodem
981 2398 160 60 subiecto
1088 2398 40 60 a

215 2438 89 65 non
266 2438 139 65 quantum
367 2438 76 65 ad
405 2438 101 65 esse
469 2438 127 65 verum:
557 2438 114 65 sicut
633 2438 139 65 oportet
734 2438 177 65 intelligi:
874 2438 139 65 quamuis
962 2438 165 65 concedendum

216 2480 84 64 sit
264 2480 96 64 quod
324 2480 108 64 nulle
397 2480 205 64 propositiones
565 2480 96 64 plus
625 2480 157 64 repugnant
746 2480 96 64 quam
806 2480 217 64 contradictorie
987 2480 108 64 peper
1047 2480 84 64 illam

213 2523 153 65 dictionem
331 2523 106 65 quam:
401 2523 82 65 que
449 2523 153 65 confundit
566 2523 141 65 terminum
672 2523 165 65 sequentem:
801 2523 106 65 tamen
872 2523 106 65 verum
943 2523 82 65 est
990 2523 94 65 quod
1037 2523 82 65 contr

211 2568 190 66 dictoriis
357 2568 146 66 aliqua
460 2568 102 66 non
518 2568 263 66 contradictorie
737 2568 117 66 plus
810 2568 204 66 repugnant.
970 2568 102 66 Nam
1014 2568 117 66 alique

211 2617 193 49 contradictorie
372 2617 128 49 mentales
468 2617 128 49 scilicet
564 2617 96 49 primi
629 2617 86 49 modi
682 2617 107 49 vtique
757 2617 118 49 possunt
843 2617 96 49 simul
907 2617 96 49 esse:
971 2617 64 49 et
1003 2617 96 49 tamen
1057 2617 64 49 pro-

208 2660 196 52 positiones
362 2660 168 52 mentales
488 2660 154 52 secundi
600 2660 112 52 modi
671 2660 140 52 quarum
769 2660 98 52 vna
825 2660 98 52 sit
881 2660 168 52 scientia
1007 2660 84 52 et
1035 2660 84 52 alia

211 2705 136 53 opinio
306 2705 149 53 eiusdem
415 2705 217 53 enunciabilis
591 2705 95 53 seu
645 2705 203 53 significati
808 2705 95 53 non
862 2705 149 53 possunt
971 2705 122 53 simul
1039 2705 81 53 esse

213 2741 61 69 â‹
237 2741 74 69 2o
274 2741 98 69 dico
336 2741 98 69 quod
397 2741 123 69 dictum
483 2741 209 69 Commentatoris
655 2741 209 69 intelligendum
827 2741 86 69 est
876 2741 74 69 de
900 2741 209 69 propositionibus

205 2783 246 69 contradictoriis
413 2783 78 69 et
451 2783 182 69 mentalibus
594 2783 117 69 primi
672 2783 117 69 modi:
750 2783 91 69 non
802 2783 117 69 autem
880 2783 156 69 secundi:
996 2783 104 69 siue
1048 2783 65 69 sin

214 2836 148 59 opiniones:
331 2836 85 59 siue
384 2836 138 59 scientie:
490 2836 117 59 quamuis
575 2836 127 59 loquendo
670 2836 64 59 de
702 2836 127 59 scientia
797 2836 127 59 secundum
893 2836 85 59 quod
945 2836 74 59 est
988 2836 117 59 noticia
1062 2836 53 59 ve-

199 2879 82 56 ri
240 2879 190 56 necessarii
390 2879 136 56 qualis
485 2879 95 56 est
539 2879 177 56 conclusio
675 2879 258 56 demonstrationis
893 2879 82 56 de
934 2879 95 56 qua
974 2879 150 56 loquimur:

211 2914 111 66 ipsa
281 2914 139 66 nullam
378 2914 139 66 possit
475 2914 139 66 habere
572 2914 264 66 contradictoriam
794 2914 167 66 mentalem
919 2914 153 66 secundi
1016 2914 97 66 modoi

198 2963 86 63 quod
252 2963 108 63 patet:
328 2963 86 63 quia
382 2963 205 63 contradictorium
554 2963 76 63 sui
597 2963 173 63 enunciabilis
738 2963 76 63 est
781 2963 173 63 impossibile:
921 2963 65 63 et
953 2963 76 63 per
986 2963 129 63 consequens

209 3007 104 58 nec
269 3007 179 58 complexe
403 3007 179 58 scibile.
537 3007 75 58 â‹
567 3007 89 58 Ad
611 3007 104 58 6um
671 3007 149 58 potest
775 3007 179 58 concedi:
909 3007 134 58 maior
984 3007 134 58 accipi-

192 3049 117 73 endo
265 3049 131 73 illas
353 3049 248 73 propositiones
557 3049 160 73 eiusdem
673 3049 117 73 modi
746 3049 204 73 vtrobique:
906 3049 117 73 puta
979 3049 117 73 quod
1038 3049 87 73 ambe

1225 282 112 81 sint
1295 282 84 81 de
1337 282 126 81 primo
1421 282 112 81 modo
1492 282 182 81 mentalium
1632 282 98 81 vel
1688 282 112 81 ambe
1758 282 84 81 de
1800 282 196 81 mentalibus
1955 282 154 81 secundi
2053 282 84 81 modi

1232 336 110 74 minor
1305 336 110 74 autem
1379 336 135 74 neganda
1477 336 98 74 est.
1538 336 74 74 Ad
1575 336 184 74 probationem
1722 336 147 74 dicendum
1832 336 98 74 quod
1894 336 208 74 propositiones
2053 336 86 74 medii

1222 382 145 64 topici
1323 382 174 64 mentales
1453 382 159 64 secundi
1569 382 116 64 modi
1642 382 101 64 non
1699 382 159 64 causant
1815 382 174 64 assensum
1946 382 72 64 a
1975 382 87 64 se
2004 382 130 64 distin-

1216 423 117 72 ctum:
1294 423 91 72 sed
1346 423 169 72 quaelibet
1475 423 91 72 est
1527 423 156 72 assensus
1644 423 143 72 quidam.
1748 423 156 72 probatio
1865 423 104 72 vero
1929 423 104 72 quae
1981 423 143 72 adducitur

1223 465 134 73 assumit
1320 465 122 73 falsum
1405 465 146 73 scilicet
1515 465 97 73 quod
1576 465 207 73 demonstratiua
1746 465 146 73 probatio
1855 465 122 73 possit
1941 465 134 73 causare
2026 465 97 73 dissen

1217 513 82 58 sum
1264 513 153 58 oppositum
1382 513 153 58 stantibus
1500 513 118 58 illis:
1582 513 141 58 quamquam
1688 513 106 58 forte
1759 513 118 58 posset
1841 513 130 58 causare
1936 513 153 58 stantibus
2042 513 82 58 aliis

1232 555 215 67 ppositionibus
1409 555 139 67 topicis
1510 555 76 67 de
1548 555 114 67 primo
1624 555 126 67 genere
1713 555 164 67 mentalium
1839 555 227 67 propositionum:
2029 555 88 67 sed
2066 555 51 67 il

1227 603 87 68 as
1271 603 102 68 non
1329 603 116 68 dico
1402 603 116 68 esse
1474 603 189 68 assensus.
1620 603 73 68 â‹
1649 603 87 68 Ad
1692 603 87 68 7o
1736 603 116 68 dico
1808 603 116 68 quod
1881 603 87 68 si
1925 603 116 68 fiat
1997 603 174 68 comparaÂ¬
2113 603 44 68 e

1217 637 84 73 tio
1265 637 108 73 inter
1337 637 203 73 propositiones
1504 637 155 73 mentales:
1624 637 120 73 quarum
1707 637 132 73 qualiet
1803 637 84 73 est
1851 637 72 73 de
1887 637 108 73 primo
1959 637 120 73 genere
2030 637 96 73 menta.

1225 683 119 72 lium:
1304 683 93 72 aut
1357 683 119 72 inter
1437 683 93 72 eas
1490 683 132 72 quarum
1582 683 159 72 qualibet
1701 683 93 72 est
1754 683 79 72 de
1794 683 119 72 primo
1873 683 132 72 genere
1966 683 93 72 sub
2006 683 119 72 secundo

1208 726 130 64 genere
1299 726 168 64 mentalium
1428 726 155 64 contento
1545 726 155 64 scilicet
1662 726 117 64 earum
1739 726 91 64 que
1791 726 104 64 sunt
1856 726 143 64 noticie
1960 726 78 64 et
1985 726 143 64 assensus:

1216 776 97 64 aut
1272 776 111 64 vero
1341 776 125 64 inter
1425 776 97 64 eas
1481 776 111 64 quae
1550 776 181 64 pertinent
1689 776 84 64 ad
1731 776 84 64 2m
1773 776 125 64 genus
1856 776 97 64 sub
1912 776 84 64 2o
1954 776 139 64 genere
2037 776 84 64 com-

1218 812 124 71 tentum
1304 812 148 71 scilicet
1416 812 87 71 que
1465 812 99 71 sunt
1527 812 148 71 assensus
1638 812 136 71 tantum:
1737 812 111 71 maior
1811 812 87 71 est
1861 812 111 71 vera:
1935 812 87 71 sed
1985 812 74 71 si
2009 812 124 71 absolute

1207 862 77 63 de
1246 862 242 63 propositionibus
1450 862 179 63 mentalibus
1590 862 89 63 sit
1641 862 179 63 comparatio
1781 862 115 63 falsa
1858 862 102 63 est:
1921 862 140 63 quoniam
2023 862 115 63 nulla
2087 862 51 63 de

1220 901 119 68 primo
1299 901 132 68 genere
1392 901 93 68 est
1445 901 159 68 assensus
1564 901 93 68 vel
1616 901 185 68 dissensus:
1762 901 172 68 quaelibet
1894 901 119 68 autem
1973 901 79 68 de
2000 901 132 68 reliquis

1209 945 140 67 duobus
1307 945 182 67 generibus
1447 945 98 67 est
1502 945 168 67 assensus
1628 945 98 67 vel
1684 945 196 67 dissensus:
1838 945 98 67 nec
1894 945 98 67 hoc
1935 945 196 67 inconueniens

1221 990 108 57 debet
1293 990 156 57 reputari:
1413 990 84 57 cum
1461 990 84 57 sit
1509 990 132 57 prorsus
1605 990 144 57 alterius
1712 990 72 57 et
1748 990 144 57 alterius
1856 990 156 57 rationis:
1976 990 108 57 sicut
2036 990 84 57 etiam

1215 1025 112 74 nulla
1289 1025 75 74 de
1326 1025 112 74 primo
1401 1025 124 74 genere
1488 1025 87 74 est
1538 1025 149 74 noticia:
1650 1025 162 74 quaelibet
1774 1025 87 74 aut
1824 1025 75 74 de
1861 1025 75 74 2o
1899 1025 137 74 secundi
1998 1025 99 74 siue
2048 1025 62 74 erg

1211 1068 116 76 primo
1288 1068 141 76 secundi
1391 1068 90 76 est
1443 1068 154 76 noticia:
1558 1068 90 76 nec
1610 1068 129 76 mirum:
1700 1068 90 76 cum
1751 1068 116 76 nulla
1828 1068 77 76 de
1867 1068 116 76 primo
1944 1068 129 76 genere
2021 1068 90 76 signi

1205 1118 112 69 ficet
1279 1118 100 69 suum
1342 1118 187 69 enunciabile
1491 1118 199 69 naturaliter:
1653 1118 87 69 sed
1703 1118 100 69 mere
1765 1118 75 69 ad
1803 1118 162 69 placitum:
1927 1118 112 69 sicut
2002 1118 75 69 et
2027 1118 87 69 voca-

1216 1157 77 66 lis
1260 1157 165 66 propositio:
1392 1157 99 66 cuius
1458 1157 88 66 ipsa
1513 1157 77 66 est
1557 1157 165 66 similitudo:
1689 1157 143 66 quaelibet
1799 1157 99 66 autem
1865 1157 154 66 reliquarum
1986 1157 77 66 sit
2019 1157 99 66 natura-

1193 1201 97 72 lis
1249 1201 195 72 similitudo
1402 1201 83 72 et
1443 1201 139 72 signum
1540 1201 97 72 sui
1596 1201 236 72 enunciabilis.
1791 1201 153 72 idipsum
1902 1201 181 72 reperitur
2027 1201 97 72 etiam

1206 1246 97 69 lin
1262 1246 167 69 terminis
1387 1246 194 69 incomplexe
1540 1246 278 69 significantibus:
1776 1246 139 69 nullus
1873 1246 111 69 enim
1942 1246 139 69 talium
2026 1246 97 69 voca-

1206 1288 96 71 lis
1261 1288 96 71 vel
1316 1288 164 71 mentalis
1439 1288 109 71 prmi
1507 1288 109 71 modi
1576 1288 96 71 est
1630 1288 191 71 formaliter
1781 1288 164 71 noticia:
1904 1288 123 71 sicut
1986 1288 96 71 nec
2027 1288 82 71 ali-

1206 1336 92 62 quis
1264 1336 81 62 est
1310 1336 138 62 naturale
1414 1336 115 62 signum
1495 1336 184 62 significati:
1644 1336 81 62 sed
1691 1336 69 62 ad
1725 1336 138 62 placitum
1829 1336 127 62 tantum:
1921 1336 69 62 et
1956 1336 104 62 tamen
2013 1336 104 62 termini

1205 1376 153 68 mentales
1320 1376 140 68 secundi
1422 1376 102 68 modi
1486 1376 102 68 sunt
1549 1376 178 68 formaliter
1689 1376 153 68 noticie:
1804 1376 115 68 sicut
1881 1376 76 68 et
1919 1376 166 68 naturalia
2034 1376 76 68 sunt

1200 1417 111 71 signa
1274 1417 123 71 suorum
1360 1417 235 71 significatorum:
1558 1417 99 71 tunc
1619 1417 86 71 cum
1669 1417 160 71 assumitur
1792 1417 74 71 de
1829 1417 197 71 propositione
1990 1417 99 71 quam
2039 1417 74 71 for-

1202 1461 81 74 mat
1249 1461 116 74 videns
1330 1461 139 74 baculum:
1435 1461 105 74 cuius
1505 1461 93 74 pars
1563 1461 81 74 est
1609 1461 70 74 in
1644 1461 105 74 aqua:
1714 1461 93 74 dico
1772 1461 93 74 quod
1830 1461 93 74 illa
1888 1461 163 74 propositio
2016 1461 81 74 qua
2051 1461 58 74 iu-

1195 1508 124 67 dicat
1278 1508 124 67 primo
1361 1508 152 67 baculum
1472 1508 111 67 esse
1541 1508 152 67 fractum
1652 1508 97 67 non
1707 1508 124 67 manet
1790 1508 83 67 in
1831 1508 124 67 mente
1914 1508 166 67 postquam
2025 1508 83 67 cer-

1205 1551 171 69 tificatus
1336 1551 92 69 est
1389 1551 79 69 de
1428 1551 171 69 opposito:
1559 1551 92 69 sed
1612 1551 79 69 si
1651 1551 131 69 postea
1743 1551 144 69 aliquam
1848 1551 171 69 formaret:
1980 1551 92 69 vel
2019 1551 92 69 etiam

1194 1592 95 61 si
1242 1592 111 61 qua
1305 1592 189 61 remaneat
1447 1592 126 61 quam
1526 1592 111 61 pus
1589 1592 205 61 formasset
1747 1592 205 61 enuncians
1905 1592 174 61 baculum
2015 1592 95 61 esse

1196 1635 152 69 fractum:
1310 1635 89 69 non
1361 1635 89 69 est
1411 1635 101 69 illa
1475 1635 89 69 qua
1525 1635 177 69 formaliter
1665 1635 164 69 iudicauit
1791 1635 114 69 prius
1867 1635 114 69 ipsum
1943 1635 101 69 esse
1993 1635 127 69 fractum:

1198 1677 76 70 sed
1242 1677 87 70 alia
1296 1677 65 70 et
1329 1677 131 70 secundum
1427 1677 131 70 iudicium
1525 1677 65 70 et
1558 1677 131 70 secundum
1656 1677 131 70 speciem:
1754 1677 76 70 est
1797 1677 87 70 enim
1852 1677 65 70 de
1884 1677 98 70 prima
1950 1677 120 70 manerie
2026 1677 87 70 menta-

1192 1720 123 73 lium:
1274 1720 137 73 quarum
1370 1720 123 73 nulla
1452 1720 82 73 vt
1493 1720 109 73 sepe
1562 1720 137 73 dictum
1658 1720 109 73 est:
1726 1720 96 73 est
1781 1720 164 73 assensus
1904 1720 96 73 vel
1945 1720 164 73 dissensus.

1200 1766 74 72 â‹
1230 1766 89 72 Ad
1274 1766 89 72 8m
1319 1766 163 72 concedo
1438 1766 119 72 quod
1512 1766 163 72 fidelis
1630 1766 89 72 et
1675 1766 193 72 infidelis
1823 1766 163 72 possunt
1942 1766 163 72 formare
2046 1766 89 72 pro-

1202 1811 182 62 positiones
1345 1811 143 62 eiusdem
1449 1811 169 62 rationis:
1579 1811 221 62 propositiones
1761 1811 130 62 inquam
1852 1811 156 62 mentales
1969 1811 117 62 primi
2034 1811 65 62 ge-

1192 1855 139 59 neris:
1290 1855 97 59 sed
1345 1855 84 59 si
1387 1855 153 59 fidelis
1498 1855 181 59 assentiat
1638 1855 84 59 et
1679 1855 97 59 non
1735 1855 195 59 infidelis:
1888 1855 153 59 fidelis
1986 1855 125 59 habebit

1196 1896 97 68 vnam
1256 1896 72 68 de
1292 1896 72 68 2o
1329 1896 121 68 genere
1413 1896 157 68 mentalium
1534 1896 84 68 qua
1582 1896 145 68 scilicet
1691 1896 145 68 assensus
1799 1896 97 68 erit
1860 1896 72 68 et
1896 1896 157 68 infidelis
2004 1896 97 68 nullam

1194 1935 127 74 habebit
1287 1935 127 74 eiusdem
1380 1935 151 74 rationis.
1496 1935 58 74 â‹
1519 1935 70 74 Ad
1554 1935 93 74 qoum
1612 1935 116 74 patet:
1693 1935 93 74 quid
1751 1935 151 74 dicendum:
1866 1935 127 74 quoniam
1959 1935 81 74 non
2006 1935 93 74 nisi
2063 1935 70 74 de
2087 1935 46 74 ar

1194 1982 223 76 propositionibus
1382 1982 105 76 primi
1452 1982 129 76 generis
1546 1982 164 76 concludit.
1675 1982 59 76 â‹
1698 1982 70 76 Ad
1733 1982 117 76 primum
1816 1982 105 76 eorum
1886 1982 117 76 quibus
1968 1982 141 76 arguitur
2062 1982 70 76 erta

1193 2032 106 65 quod
1259 2032 119 65 actus
1338 2032 198 65 cognoscendi
1496 2032 198 65 distiguitur
1655 2032 79 65 ab
1694 2032 106 65 actu
1760 2032 211 65 assentiendi.
1932 2032 119 65 Duend
2011 2032 106 65 quod
2064 2032 66 65 tam

1190 2068 83 69 sic
1237 2068 142 69 dubitans
1344 2068 142 69 noticiam
1450 2068 118 69 nullam
1533 2068 154 69 complexam
1651 2068 83 69 qua
1698 2068 142 69 scilicet
1804 2068 154 69 cognoscat
1923 2068 83 69 sic
1970 2068 106 69 esse:
2029 2068 59 69 dei

1194 2113 180 62 cuiusmodi
1332 2113 152 62 noticia
1443 2113 111 62 nunc
1512 2113 180 62 loquimur:
1651 2113 124 62 habet
1733 2113 180 62 perfectam
1872 2113 97 62 vel
1913 2113 180 62 imperfectam

1193 2159 167 62 accipiendo
1325 2159 132 62 proprie
1420 2159 179 62 cognoscere.
1564 2159 72 62 et
1600 2159 108 62 istud
1671 2159 120 62 patet:
1755 2159 132 62 quoniam
1851 2159 84 62 nec
1899 2159 179 62 simpliciter
2030 2159 72 62 cre-

1189 2197 105 70 dens
1254 2197 92 70 per
1307 2197 209 70 auctoritatem
1477 2197 92 70 vel
1529 2197 196 70 testimonium
1686 2197 157 70 aliorum:
1803 2197 92 70 vel
1856 2197 118 70 etiam
1921 2197 170 70 determinate

1197 2245 124 69 alteram
1287 2245 113 69 partem
1366 2245 124 69 opinans
1456 2245 124 69 propter
1546 2245 135 69 rationes
1648 2245 90 69 quae
1704 2245 90 69 sibi
1761 2245 68 69 de
1794 2245 113 69 altera
1873 2245 102 69 parte
1941 2245 135 69 videntur
2031 2245 68 69 pro-

1190 2292 190 63 babiliores:
1343 2292 76 63 de
1381 2292 127 63 quibus
1469 2292 114 63 tamen
1546 2292 114 63 magis
1622 2292 165 63 videretur
1748 2292 101 63 quam
1812 2292 76 63 de
1850 2292 89 63 sic
1901 2292 152 63 dubitate
2002 2292 89 63 habet

1177 2334 151 61 aliquam
1287 2334 165 61 noticiam
1410 2334 151 61 proprie
1520 2334 137 61 dictam
1616 2334 82 61 de
1657 2334 69 61 a
1685 2334 82 61 se
1726 2334 151 61 credito
1835 2334 96 61 vel
1890 2334 178 61 opiniato:
2014 2334 82 61 vnde

1184 2368 103 82 Aug.
1249 2368 77 82 in
1287 2368 77 82 de
1326 2368 168 82 vtilitate
1455 2368 155 82 credendi
1571 2368 103 82 ait.
1635 2368 193 82 intelligens
1790 2368 116 82 omnis
1867 2368 142 82 credit:
1970 2368 90 82 qui
2022 2368 116 82 assen
2086 2368 39 82 c

1182 2413 81 73 tit
1229 2413 127 73 credit:
1321 2413 69 73 et
1356 2413 104 73 omnis
1425 2413 81 73 qui
1472 2413 150 73 opinatur:
1587 2413 81 73 non
1634 2413 104 73 omnis
1703 2413 81 73 qui
1749 2413 116 73 credit
1830 2413 174 73 intelligit:
1969 2413 116 73 nullus
2039 2413 46 73 qo

1182 2460 147 78 opinatur
1292 2460 183 78 intelligit.
1438 2460 61 78 â‹
1463 2460 73 78 Ad
1500 2460 73 78 2m
1536 2460 98 78 nego
1597 2460 171 78 antecedens
1732 2460 73 78 si
1769 2460 196 78 intelligatur
1927 2460 73 78 de
1964 2460 134 78 assensu
2050 2460 73 78 ergo

1191 2498 188 73 scientifico.
1344 2498 70 73 Ad
1379 2498 176 73 probationem
1520 2498 106 73 dico:
1591 2498 94 73 quod
1649 2498 70 73 ex
1685 2498 94 73 illo
1743 2498 94 73 casu
1802 2498 82 73 non
1849 2498 141 73 probatur
1943 2498 141 73 antecedens

1186 2547 125 68 quoniam
1277 2547 125 68 habitus
1368 2547 182 68 demonstrandi
1516 2547 137 68 alicuius
1618 2547 80 68 est
1664 2547 80 68 vel
1709 2547 148 68 totaliter
1823 2547 80 68 vel
1869 2547 171 68 partialiter
2005 2547 68 68 ab
2028 2547 57 68 ha-

1176 2585 86 68 bitu
1230 2585 161 68 cognoscendi
1358 2585 75 68 sic
1401 2585 96 68 esse:
1465 2585 96 68 sicut
1530 2585 139 68 conclusio
1637 2585 150 68 ignificat:
1754 2585 64 68 et
1787 2585 64 68 si
1819 2585 86 68 ipse
1872 2585 75 68 sit
1915 2585 139 68 totaliter
2011 2585 86 68 alius:

1168 2634 102 69 tunc
1232 2634 140 69 habitus
1333 2634 203 69 demonstrandi
1498 2634 89 69 non
1549 2634 89 69 est
1600 2634 140 69 habitus
1701 2634 203 69 cognoscendi:
1866 2634 89 69 sed
1917 2634 140 69 habitus
2006 2634 76 69 qui-

1177 2672 91 73 dam
1229 2672 104 73 quae
1294 2672 143 73 prompte
1398 2672 104 73 quis
1463 2672 156 73 ordinate
1580 2672 130 73 vtitur
1672 2672 169 73 habitibus
1802 2672 208 73 praemissarum
1971 2672 78 73 ad
1997 2672 91 73 aliam

1172 2713 185 75 conclusionem
1323 2713 127 75 sumendo
1415 2713 139 75 scilicet
1520 2713 127 75 debitam
1612 2713 127 75 maiorem
1705 2713 69 75 et
1739 2713 81 75 sub
1786 2713 93 75 illa
1844 2713 127 75 debitam
1936 2713 116 75 miorem
2006 2713 69 75 quem

1171 2762 121 70 habitum
1259 2762 110 70 quidem
1336 2762 110 70 dicunt
1413 2762 88 70 esse
1468 2762 121 70 logicum
1556 2762 154 70 specialem:
1676 2762 88 70 quam
1731 2762 154 70 Comementis
1852 2762 99 70 dicit
1918 2762 143 70 quamlibet
2017 2762 55 70 sci

1165 2809 111 70 entiam
1242 2809 122 70 habere.
1331 2809 66 70 Si
1364 2809 89 70 vero
1420 2809 111 70 nullus
1497 2809 100 70 talis
1564 2809 122 70 habitus
1652 2809 100 70 detur
1719 2809 122 70 oportet
1807 2809 111 70 dicere
1885 2809 89 70 quod
1940 2809 78 70 non
1984 2809 78 70 per
2018 2809 55 70 ha-

1173 2847 84 66 bitum
1229 2847 149 66 conclusionis
1349 2847 102 66 tantum:
1424 2847 65 66 sed
1461 2847 56 66 et
1489 2847 65 66 per
1526 2847 102 66 habitus
1601 2847 149 66 praemissarum
1722 2847 112 66 elicitur
1805 2847 158 66 demonstratio:
1936 2847 65 66 ita
1973 2847 74 66 quod
2010 2847 56 66 omne

1161 2892 106 60 simul
1232 2892 141 60 dicantur
1338 2892 129 60 habitus
1432 2892 82 60 dem
1479 2892 153 60 srationis
1596 2892 82 60 qui
1643 2892 118 60 vtique
1725 2892 153 60 quocumque
1843 2892 129 60 illorum
1937 2892 118 60 deleto
2007 2892 59 60 non

1162 2940 154 62 remanent
1278 2940 142 62 quamuis
1381 2940 142 62 reliqui
1484 2940 180 62 remaneant.
1626 2940 64 62 â‹
1651 2940 167 62 Praeterea
1780 2940 142 62 artimum
1883 2940 142 62 sumpsit
1973 2940 103 62 dubium

1170 2979 142 70 scilicet
1277 2979 95 70 quod
1336 2979 95 70 ille
1396 2979 131 70 penitus
1490 2979 214 70 obliuisceretur
1668 2979 178 70 demonstrare
1811 2979 71 70 et
1846 2979 95 70 ipse
1906 2979 154 70 assentiat
2013 2979 47 70 me

1163 3018 127 71 diante
1252 3018 127 71 habitu
1341 3018 165 71 scientie.
1468 3018 89 71 Nam
1518 3018 139 71 videtur
1620 3018 228 71 rationabiliter
1810 3018 101 71 dici
1873 3018 114 71 posse
1949 3018 101 71 quod
2000 3018 76 71 non:

1155 3070 95 73 sed
1210 3070 108 73 quod
1277 3070 108 73 quia
1345 3070 149 73 meminit
1454 3070 81 73 se
1494 3070 122 73 alias
1576 3070 163 73 sciuisse
1698 3070 81 73 et
1738 3070 217 73 demonstrasse
1901 3070 190 73 conclusionem
