2470 3554
395 268 124 60 agit.
478 268 96 60 Sed
533 268 83 60 de
574 268 96 60 hac
629 268 193 60 prioritate
780 268 124 60 nihil
863 268 83 60 ad
904 268 206 60 propositum:
1069 268 96 60 est
1124 268 110 60 enim
1179 268 138 60 quaestio

389 322 109 53 non
452 322 94 53 de
499 322 203 53 terminis:
655 322 109 53 sed
717 322 94 53 de
764 322 187 53 personis
904 322 172 53 diuinis
1029 322 109 53 que
1092 322 109 53 non
1154 322 125 53 sunt
1216 322 94 53 ter-

403 363 106 55 mini
469 363 119 55 neque
548 363 132 55 signa.
641 363 66 55 ⁋
667 363 79 55 Ex
707 363 93 55 his
760 363 119 55 patet
840 363 106 55 quod
906 363 93 55 non
959 363 132 55 potest
1051 363 79 55 in
1091 363 172 55 proposito
1210 363 106 55 aliqua

400 418 168 48 prioritas
529 418 155 48 concludi
646 418 116 48 inter
724 418 129 48 patrem
814 418 78 48 et
853 418 142 48 filium:
957 418 104 48 nisi
1021 418 220 48 causalitatis:
1203 418 78 48 et
1228 418 91 48 illam

396 452 162 58 concedo:
518 452 95 58 cum
572 452 108 58 ipse
640 452 95 58 sit
694 452 176 58 pricipium
830 452 108 58 eius
897 452 81 58 et
938 452 95 58 non
992 452 190 58 econuerso.
1141 452 68 58 ⁋
1168 452 81 58 Ad
1195 452 122 58 confir-

399 492 170 54 mationem
526 492 170 54 negandum
654 492 99 54 est
711 492 213 54 antecedens:
881 492 156 54 propter
994 492 142 54 falsas
1079 492 227 54 implicationes:

391 538 152 58 implicat
505 538 101 58 enim
568 538 101 58 quod
631 538 126 58 nature
720 538 76 58 ad
758 538 177 58 suppositum
897 538 88 58 sit
947 538 164 58 habitudo:
1074 538 76 58 et
1111 538 164 58 similiter
1225 538 76 58 quod

390 587 147 52 nature
493 587 147 52 diuine
596 587 88 52 ad
640 587 235 52 productionem
831 587 132 52 filii
919 587 103 52 sit
978 587 191 52 habitudo:
1125 587 88 52 et
1169 587 118 52 quod
1228 587 73 52 non

386 627 136 48 diuina
482 627 95 48 sit
536 627 191 48 principium
686 627 218 48 productionis
863 627 136 48 filii:
959 627 95 48 que
1013 627 123 48 omnia
1095 627 123 48 falsa
1177 627 123 48 sunt.
1245 627 68 48 Nam

394 673 138 54 natura
491 673 138 54 diuina
587 673 96 54 est
642 673 124 54 ipsum
725 673 193 54 suppositum
877 673 83 54 et
918 673 110 54 ipsa
987 673 179 54 productio
1125 673 138 54 filii.
1221 673 69 54 ⁋
1249 673 83 54 Ad

397 712 188 57 probationem
548 712 88 57 cum
598 712 138 57 dicitur
698 712 113 57 agere
774 712 201 57 praesupponit
937 712 113 57 esse:
1012 712 163 57 responsum
1137 712 100 57 est.
1200 712 75 57 Si
1225 712 88 57 autem

397 761 116 49 illud
474 761 193 49 antecedens:
629 761 154 49 habitudo
744 761 141 49 naturae
847 761 77 49 ad
886 761 180 49 suppositum
1027 761 90 49 est
1079 761 116 49 prior
1143 761 167 49 habitudinie

389 799 95 54 eius
448 799 71 54 ad
484 799 107 54 actum
555 799 154 54 secundum:
673 799 83 54 non
721 799 154 54 sumeretur
839 799 142 54 secundum
946 799 190 54 proprietatem
1100 799 154 54 sermonis:
1218 799 83 54 sed
1254 799 59 54 lo-

399 846 72 55 co
435 846 119 55 huius:
519 846 167 55 suppositum
650 846 108 55 prius
722 846 84 55 est
769 846 96 55 quam
829 846 108 55 agat:
901 846 84 55 vel
949 846 96 55 quam
1008 846 84 55 sua
1056 846 119 55 actio.
1140 846 108 55 patet
1211 846 96 55 quid
1259 846 60 55 sit

387 890 183 54 dicendum
524 890 92 54 ex
570 890 198 54 solutione
722 890 229 54 precedentis
905 890 183 54 rationis
1027 890 92 54 etc.

451 936 140 56 ⁋
507 936 502 56 Distinctionis.
925 936 167 56 X.
1009 936 335 56 Questio.
1232 936 84 56 I

630 977 146 92 Irca
721 977 328 92 distinctionem.
994 977 109 92 10
1048 977 182 92 Quero:
1176 977 109 92 an
1212 977 91 92 vo-

795 1020 152 55 luntas
901 1020 152 55 diuina
1007 1020 106 55 sit
1068 1020 213 55 principium
1220 1020 91 55 pro-

631 1058 160 52 ductiuum
751 1058 160 52 spiritus
870 1058 147 52 sancti.
977 1058 67 52 ⁋
1004 1058 160 52 Arguitur
1124 1058 107 52 quod
1190 1058 107 52 sic.
1243 1058 67 52 Nam

639 1106 234 55 principium
823 1106 251 55 productiuum
1024 1106 167 55 amoris
1141 1106 150 55 mutui
1224 1106 84 55 pa-

641 1147 98 55 tris
702 1147 73 55 et
739 1147 110 55 filii
812 1147 86 55 est
861 1147 171 55 principium
995 1147 183 55 productiuum
1142 1147 147 55 spiritus
1240 1147 73 55 san-

630 1190 116 56 cti:
702 1190 101 56 sed
760 1190 174 56 voluntas
890 1190 145 56 diuina
991 1190 101 56 est
1049 1190 203 56 principium
1194 1190 116 56 amoris

636 1237 105 51 mutui
706 1237 117 51 patris
788 1237 70 51 et
823 1237 117 51 filii.
905 1237 93 51 ergo
963 1237 93 51 etc.
1021 1237 105 51 maior
1091 1237 117 51 patet:
1173 1237 128 51 quoniam
1255 1237 58 51 per

388 1278 145 51 multas
489 1278 189 51 sanctorum
634 1278 232 51 auctoritates
823 1278 174 51 magister
953 1278 145 51 probat
1055 1278 87 51 in
1098 1278 189 51 praesenti
1229 1278 73 51 di-

385 1317 165 57 stictione
512 1317 101 57 quod
576 1317 152 57 spiritus
690 1317 139 57 sanctus
791 1317 89 57 est
842 1317 101 57 amor
905 1317 139 57 commnis
1007 1317 76 57 et
1045 1317 127 57 mutuus
1133 1317 127 57 patris
1222 1317 76 57 et
1248 1317 63 57 fi-

395 1365 95 46 lii:
454 1365 107 46 minor
526 1365 83 46 est
573 1365 119 46 patet:
656 1365 130 46 quoniam
751 1365 154 46 huiusmodi
869 1365 95 46 amor
929 1365 83 46 est
976 1365 95 46 vere
1035 1365 154 46 productus
1154 1365 71 46 et
1178 1365 130 46 spiratus:

390 1400 69 60 et
424 1400 80 60 per
470 1400 161 60 consequens
596 1400 126 60 aliquid
688 1400 80 60 est
734 1400 92 60 eius
791 1400 161 60 principium
917 1400 183 60 productiuum:
1066 1400 69 60 et
1101 1400 80 60 non
1146 1400 126 60 apparet
1227 1400 80 60 aliud

387 1453 109 47 quam
455 1453 163 47 voluntas
577 1453 136 47 patris
672 1453 81 47 et
713 1453 136 47 filii:
808 1453 109 47 quia
876 1453 122 47 omnis
957 1453 109 47 amor
1025 1453 176 47 productus
1161 1453 68 47 a
1174 1453 136 47 volunta-

385 1501 75 47 te
423 1501 163 47 elicitur.
549 1501 63 47 ⁋
574 1501 75 47 2o
611 1501 151 47 spiritus
724 1501 138 47 sanctus
825 1501 126 47 libere
913 1501 75 47 et
950 1501 88 47 non
1001 1501 188 47 naturaliter
1139 1501 163 47 producitur:

394 1539 91 52 ergo
450 1539 136 52 voluntas
553 1539 79 52 est
598 1539 159 52 principium
723 1539 170 52 productiuum
859 1539 102 52 eius.
927 1539 182 52 consequentia
1075 1539 114 52 patet:
1154 1539 125 52 quoniam
1234 1539 79 52 prima

380 1589 104 44 radix
450 1589 161 44 libertatis
576 1589 81 44 est
622 1589 69 44 in
657 1589 161 44 voluntate.
784 1589 69 44 Et
818 1589 161 44 antecedens
945 1589 115 44 patet:
1026 1589 127 44 quoniam
1118 1589 138 44 spiritus
1210 1589 92 44 secuns

390 1635 170 47 procedit
518 1635 99 47 non
574 1635 99 47 quo
631 1635 142 47 natus:
730 1635 99 47 sed
787 1635 99 47 quo
844 1635 142 47 datus:
943 1635 85 47 et
986 1635 128 47 donum
1071 1635 142 47 patris
1170 1635 85 47 et
1199 1635 114 47 filii:

394 1668 77 57 vt
433 1668 115 57 patet
510 1668 90 57 per
561 1668 103 57 Aug.
625 1668 77 57 5.
664 1668 77 57 de
702 1668 103 57 tri.
766 1668 77 57 et
805 1668 167 57 sequenti.
933 1668 77 57 de
971 1668 141 57 ratione
1074 1668 90 57 aut
1125 1668 103 57 doni
1190 1668 90 57 est
1228 1668 77 57 quod

393 1718 153 56 libere
500 1718 184 56 donetur.
638 1718 138 56 quare
714 1718 92 56 etc.

365 1757 84 92 ⁋
399 1757 152 92 ontra
500 1757 203 92 essentia
652 1757 169 92 diuina
770 1757 118 92 non
838 1757 118 92 est
906 1757 236 92 principium
1074 1757 220 92 productiuum

604 1802 121 53 filii.
689 1802 73 53 vt
725 1802 109 53 supra
798 1802 121 53 patet.
883 1802 97 53 dis.
944 1802 73 53 5.
980 1802 73 53 et
1017 1802 109 53 eadem
1090 1802 134 53 ratione
1187 1802 85 53 nec
1223 1802 73 53 spei

381 1844 125 48 ritus
464 1844 152 48 sancti:
575 1844 111 48 ergo
644 1844 166 48 voluntas
769 1844 138 48 diuina
866 1844 97 48 non
921 1844 97 48 est
977 1844 194 48 principium
1115 1844 180 48 productiuum

400 1887 133 54 spiritus
499 1887 122 54 sancti.
588 1887 177 54 consequentia
731 1887 111 54 patet:
809 1887 122 54 quoniam
897 1887 133 54 voluntas
997 1887 111 54 divina
1074 1887 77 54 est
1118 1887 122 54 penitus
1196 1887 99 54 indisti

397 1930 78 50 cta
442 1930 67 50 ex
475 1930 112 50 natura
554 1930 78 50 rei
598 1930 67 50 ab
632 1930 90 50 ipsa
688 1930 146 50 essentiat
800 1930 112 50 omnino
879 1930 90 50 sibi
935 1930 112 50 eadem:
1013 1930 67 50 vt
1047 1930 101 50 supra
1103 1930 190 50 patet.dicenseod

358 1969 72 93 ⁋
386 1969 101 93 hic
444 1969 101 93 duo
502 1969 188 93 tanguntur
647 1969 159 93 videnda
762 1969 101 93 pro
820 1969 188 93 praesenti
965 1969 173 93 quesito.
1095 1969 116 93 vnum
1167 1969 101 93 est
1210 1969 87 93 quod

611 2011 179 60 queritur:
749 2011 124 60 aliud
832 2011 124 60 vtrum
914 2011 165 60 spiritus
1038 2011 152 60 sanctus
1135 2011 179 60 producatur.

376 2064 127 58 libere
465 2064 89 58 vel
516 2064 202 58 naturaliter:
680 2064 101 58 quod
743 2064 177 58 implicatur
883 2064 76 58 in
921 2064 139 58 secundo
1009 2064 152 58 argumento.

355 2108 215 89 Quantum
512 2108 117 89 ad
570 2108 195 89 primum
707 2108 234 89 loquendo
882 2108 293 89 conformiter
1116 2108 117 89 ad
1155 2108 137 89 illu-

676 2151 103 52 quod
741 2151 129 52 supra.
831 2151 103 52 dis.
896 2151 77 52 2e
934 2151 129 52 dictum
1025 2151 90 52 est
1076 2151 77 52 de
1115 2151 155 52 pricipio
1219 2151 77 52 pro-

392 2192 145 48 ductiuo
497 2192 132 48 filii.
589 2192 105 48 Dico
655 2192 105 48 quod
721 2192 158 48 voluntas
839 2192 92 48 non
892 2192 92 48 est
945 2192 184 48 principium
1089 2192 158 48 spiritus
1195 2192 105 48 sancti

395 2234 187 58 productiuum:
547 2234 94 58 quod
606 2234 105 58 probo
676 2234 82 58 per
723 2234 129 58 similes
816 2234 140 58 rationes
922 2234 117 58 quibus
1004 2234 140 58 probatum
1109 2234 82 58 est
1156 2234 94 58 quod
1202 2234 94 58 essen-

391 2278 89 58 tia
442 2278 127 58 divina
531 2278 89 58 non
582 2278 89 58 est
632 2278 178 58 principium
772 2278 190 58 productiuum
924 2278 127 58 filii.
1013 2278 63 58 ⁋
1039 2278 114 58 Primo
1115 2278 102 58 sic.
1178 2278 102 58 omne
1229 2278 76 58 quod

387 2323 79 47 est
432 2323 159 47 principium
557 2323 170 47 productiuum
693 2323 136 47 spiritus
795 2323 125 47 sancti:
886 2323 136 47 producit
988 2323 136 47 spiectum
1091 2323 136 47 scendum.
1181 2323 114 47 voluntas

397 2372 107 46 diuina
472 2372 75 46 non
515 2372 129 46 producit
612 2372 129 46 spiectum
709 2372 129 46 scendum:
805 2372 86 46 ergo
859 2372 86 46 etc.
913 2372 97 46 minor
977 2372 107 46 patet:
1052 2372 118 46 quoniam
1138 2372 97 46 sicut
1192 2372 107 46 essentia

399 2411 134 51 ommunis
496 2411 85 51 non
545 2411 134 51 generat
642 2411 85 51 aut
691 2411 170 51 generatur:
825 2411 85 51 nec
873 2411 122 51 spirat
958 2411 85 51 aut
1007 2411 158 51 spiratur:
1129 2411 73 51 vt
1165 2411 109 51 dicit
1226 2411 73 51 con-

385 2457 154 49 cilium:
497 2457 98 49 sic
553 2457 98 49 nec
609 2457 182 49 voluntas:
748 2457 98 49 cum
804 2457 168 49 voluntas
930 2457 98 49 sit
986 2457 112 49 idem
1056 2457 154 49 esentie
1153 2457 140 49 adequate

379 2498 76 50 et
417 2498 139 50 omnibus
518 2498 114 50 modis
594 2498 76 50 ex
632 2498 126 50 natura
720 2498 101 50 rei.
783 2498 126 50 Marior
872 2498 101 50 vero
935 2498 164 50 probatur:
1061 2498 139 50 quoniam
1162 2498 76 50 in
1200 2498 88 50 deo
1238 2498 63 50 non

389 2544 181 56 distiguitur
533 2544 169 56 principium
666 2544 181 56 productiuum
810 2544 60 56 a
834 2544 157 56 principio
955 2544 96 56 quod
1015 2544 157 56 producit:
1135 2544 72 56 vt
1172 2544 84 56 ibi
1208 2544 84 56 proba

383 2589 71 46 tum
423 2589 81 46 est.
474 2589 81 46 ergo
524 2589 81 46 omne
575 2589 81 46 quod
625 2589 61 46 in
655 2589 71 46 deo
696 2589 141 46 principium
807 2589 151 46 productiuum
928 2589 71 46 est
968 2589 131 46 producit.
1069 2589 61 46 et
1099 2589 71 46 per
1140 2589 141 46 consequens
1240 2589 61 46 omne

381 2631 161 51 principium
507 2631 149 51 producens
621 2631 138 51 spiectum
725 2631 138 51 sanctum:
828 2631 138 51 producit
931 2631 126 51 spectum
1023 2631 149 51 scuntdum.
1137 2631 57 51 ⁋
1160 2631 69 51 2o
1183 2631 115 51 voluntas

395 2670 117 50 divina
477 2670 82 50 est
524 2670 140 50 spiritus
629 2670 140 50 sanctus:
734 2670 93 50 ergo
792 2670 140 50 voluntas
897 2670 117 50 divina
978 2670 82 50 non
1025 2670 82 50 est
1072 2670 163 50 productiua
1188 2670 117 50 spiritus

385 2716 112 49 sancti.
466 2716 92 49 patet
528 2716 153 49 antecedens:
650 2716 61 49 et
681 2716 163 49 consequentia
814 2716 133 49 probatur.
916 2716 61 49 vt
947 2716 82 49 ibi.
998 2716 51 49 ⁋
1018 2716 61 49 3o
1049 2716 61 49 si
1079 2716 123 49 voluntas
1171 2716 102 49 divina
1233 2716 71 49 esset

386 2760 175 55 principium
523 2760 188 55 productiuum
673 2760 150 55 spiritus
786 2760 138 55 sancti:
886 2760 100 55 ipsa
948 2760 163 55 diceretur
1073 2760 150 55 relatiue
1186 2760 75 55 ad
1211 2760 88 55 ipsum

383 2809 133 50 consequens
487 2809 66 50 est
525 2809 104 50 falsum.
600 2809 152 50 consequentia
723 2809 95 50 patet.
790 2809 57 50 et
818 2809 114 50 falsitas
903 2809 152 50 consequentis
1026 2809 142 50 declaratur:
1140 2809 85 50 sicut
1197 2809 66 50 ibi
1225 2809 76 50 decla-

380 2844 118 53 ratum
458 2844 105 53 est.
524 2844 65 53 ⁋
550 2844 78 53 Et
589 2844 209 53 responsiones
759 2844 105 53 quae
824 2844 105 53 dari
890 2844 144 53 possent
994 2844 209 53 reprobantur:
1164 2844 78 53 vt
1203 2844 92 53 ibi
1243 2844 52 53 su

390 2895 79 50 pra
435 2895 136 50 probatum
537 2895 79 50 est
582 2895 68 50 de
616 2895 159 50 voluntate:
741 2895 79 50 sic
787 2895 113 50 potest
866 2895 125 50 probari
957 2895 68 50 de
991 2895 136 50 essentia
1093 2895 68 50 et
1127 2895 113 50 natura
1195 2895 102 50 divina:

392 2937 62 56 vt
423 2937 73 56 est
464 2937 125 56 communis
558 2937 114 56 tribus.
641 2937 114 56 Quamuis
724 2937 83 56 enim
776 2937 114 56 volutas
859 2937 104 56 divina
932 2937 73 56 sit
974 2937 104 56 pliter
1047 2937 73 56 qui
1088 2937 73 56 est
1130 2937 146 56 principium
1234 2937 62 56 pro-

391 2979 137 49 ductiuum
493 2979 137 49 spiritus
595 2979 125 49 sancti:
686 2979 91 49 ipsa
743 2979 102 49 tamen
812 2979 80 49 non
857 2979 80 49 est
903 2979 159 49 principium
1028 2979 171 49 productiuum
1164 2979 91 49 spus
1210 2979 91 49 sancti

394 3024 89 51 quod
449 3024 89 51 idem
505 3024 78 51 est
549 3024 111 51 dictu:
627 3024 100 51 sicut
694 3024 122 51 quamuis
782 3024 133 51 essentia
882 3024 111 51 divina
960 3024 78 51 sit
1004 3024 100 51 piter
1071 3024 78 51 qui
1115 3024 100 51 gnat:
1182 3024 89 51 ipsa
1226 3024 67 51 tame

393 3068 81 71 non
440 3068 127 71 generat
532 3068 69 71 vt
567 3068 104 71 dicit
636 3068 162 71 concilium.
763 3068 58 71 ⁋
787 3068 116 71 Contra
868 3068 104 71 istam
937 3068 185 71 conclusionem
1087 3068 139 71 arguitur
1191 3068 58 71 a
1203 3068 104 71 quibus

1364 252 93 71 dam
1417 252 106 71 sic.
1483 252 173 71 Quecumque
1616 252 160 71 voluntas
1736 252 160 71 perfecta
1856 252 133 71 habens
1949 252 160 71 obiectum
2069 252 186 71 diligibile
2202 252 66 71 si-

1368 305 66 61 bi
1401 305 175 61 praesentatum
1543 305 77 61 est
1587 305 153 61 principium
1708 305 153 61 producendi
1828 305 110 61 amorem
1905 305 77 61 ade
1948 305 110 61 quatum
2025 305 88 61 sibi
2080 305 66 61 et
2113 305 120 61 obiecto
2200 305 66 61 id
2222 305 55 61 est

1361 350 122 60 amorem
1446 350 122 60 tantum
1532 350 134 60 quantum
1630 350 122 60 potest
1715 350 122 60 habere
1801 350 159 60 respectum
1923 350 110 60 talis
1996 350 147 60 obiecti.
2106 350 98 60 ergo
2155 350 122 60 voluntas

1358 392 123 59 divina
1444 392 123 59 habens
1530 392 160 59 essentiam
1653 392 135 59 divinam
1751 392 111 59 summe
1825 392 98 59 sibi
1886 392 197 59 praesentatam
2046 392 74 59 et
2082 392 184 59 diligibilem
2218 392 61 59 est

1365 438 160 57 principium
1490 438 160 57 producendi
1616 438 114 57 amorem
1695 438 148 57 adequatum
1809 438 91 57 sibi
1866 438 68 57 et
1901 438 91 57 illi
1958 438 137 57 obiecto:
2060 438 80 57 cum
2106 438 103 57 autem
2174 438 80 57 tam
2209 438 68 57 ipsa

1358 479 93 67 quam
1416 479 139 67 essentia
1521 479 81 67 sit
1567 479 151 67 infinita:
1683 479 93 67 amor
1740 479 151 67 adequatus
1856 479 69 67 ei
1891 479 162 67 necessario
2018 479 81 67 est
2065 479 162 67 infinitus:
2192 479 69 67 et
2215 479 58 67 per

1353 527 162 60 consequens
1481 527 139 60 voluntas
1585 527 116 60 divina
1667 527 81 60 est
1713 527 162 60 principium
1841 527 151 60 producedi
1957 527 116 60 amorem
2038 527 162 60 infinitum.
2166 527 70 60 Et
2189 527 81 60 vltra

1360 573 81 56 vt
1401 573 108 56 idem
1469 573 108 56 doc.
1536 573 122 56 alibi
1617 573 149 56 dducit:
1725 573 162 56 vlterius
1847 573 95 56 cum
1901 573 108 56 amor
1969 573 176 56 infinitus
2104 573 95 56 sit
2158 573 108 56 deus
2212 573 54 56 et

1360 615 89 64 per
1411 615 77 64 se
1450 615 191 64 subsistens:
1603 615 77 64 et
1641 615 166 64 productum
1769 615 179 64 necessario
1909 615 89 64 sit
1960 615 179 64 distinctum
2100 615 64 64 a
2113 615 166 64 producente:

1345 657 93 60 qui
1398 657 119 60 nihil
1477 657 159 60 producit
1596 657 93 60 se:
1649 657 159 60 sequitur
1768 657 106 60 quod
1834 657 106 60 ille
1900 657 106 60 amor
1966 657 93 60 sit
2019 657 145 60 persona
2111 657 159 60 subsistens

1350 700 157 58 distincta
1470 700 60 58 a
1494 700 181 58 producente.
1639 700 108 58 talis
1711 700 108 58 autem
1783 700 132 58 persona
1880 700 84 58 est
1928 700 120 58 spitus
2012 700 120 58 scuns:
2096 700 96 58 ergo
2145 700 120 58 voluntas

1352 744 106 58 divina
1427 744 74 58 est
1469 744 149 58 principium
1586 744 149 58 producendi
1703 744 117 58 spectum
1788 744 127 58 scentum.
1883 744 53 58 ⁋
1905 744 85 58 Alii
1958 744 117 58 probant
2043 744 85 58 idem
2096 744 85 58 sic.
2149 744 127 58 secundum
2234 744 53 58 fi-

1353 799 76 52 dem
1397 799 109 52 spitus
1473 799 119 52 secunus
1559 799 152 52 producitur
1679 799 54 52 a
1701 799 98 52 patre
1766 799 65 52 et
1798 799 109 52 filio:
1874 799 87 52 ergo
1929 799 65 52 si
1961 799 76 52 sit
2005 799 119 52 aliquod
2092 799 152 52 principium
2200 799 87 52 produ-

1354 831 125 61 ctiuum
1441 831 125 61 illius
1528 831 87 61 cum
1578 831 112 61 illud
1653 831 87 61 non
1703 831 125 61 posset
1790 831 100 61 esse
1852 831 150 61 relatio:
1965 831 137 61 quoniam
2064 831 87 61 vna
2114 831 137 61 relatio
2202 831 62 61 non

1341 880 132 58 potest
1433 880 106 58 esse
1500 880 185 58 principium
1645 880 185 58 elicitiuum
1791 880 159 58 alterius
1910 880 185 58 relationis
2055 880 198 58 correlatiue
2201 880 66 58 nec

1349 923 83 52 sui
1397 923 131 52 ipsius:
1492 923 131 52 oportet
1587 923 95 52 quod
1647 923 167 52 principium
1777 923 167 52 elicitiuum
1908 923 83 52 sit
1956 923 131 52 aliquod
2051 923 167 52 absolutum:
2182 923 83 52 sed
2218 923 59 52 ni-

1352 965 87 57 hil
1401 965 87 57 est
1451 965 162 57 absolutum
1576 965 75 57 in
1614 965 150 57 divinis:
1726 965 100 57 nisi
1789 965 150 57 essentia
1901 965 137 57 divina:
2001 965 100 57 quae
2064 965 137 57 omnibus
2164 965 112 57 modis
2226 965 50 57 ex

1346 1007 130 57 natura
1437 1007 91 57 rei
1489 1007 91 57 est
1541 1007 169 57 voluntas.
1671 1007 104 57 ergo
1736 1007 104 57 nisi
1801 1007 143 57 aliquis
1904 1007 117 57 modus
1982 1007 169 57 logycalis
2112 1007 91 57 vel
2151 1007 117 57 granma-

1352 1050 137 61 ticalis
1451 1050 162 61 impediat:
1576 1050 87 61 sic
1626 1050 187 61 concedendum
1775 1050 87 61 est
1825 1050 75 61 de
1862 1050 150 61 essentia
1975 1050 100 61 quod
2037 1050 87 61 est
2087 1050 174 61 principium
2211 1050 75 61 eli-

1362 1095 153 57 citiuum
1473 1095 222 57 spirationis:
1654 1095 97 57 ita
1709 1095 125 57 eodem
1793 1095 111 57 modo
1862 1095 208 57 concedendum
2029 1095 97 57 est
2085 1095 83 57 de
2112 1095 167 57 voluntate.

1358 1147 62 55 ⁋
1382 1147 74 55 2o
1420 1147 149 55 secundum
1531 1147 112 55 istos
1605 1147 149 55 spiritus
1717 1147 112 55 secus
1791 1147 87 55 est
1841 1147 99 55 amor
1903 1147 74 55 et
1940 1147 149 55 caritas:
2052 1147 87 55 sed
2101 1147 112 55 talis
2175 1147 136 55 persona

1350 1188 190 58 producitur
1500 1188 68 58 a
1527 1188 176 58 voluntate
1663 1188 149 58 tamquam
1771 1188 68 58 a
1798 1188 163 58 pricipio
1921 1188 190 58 elicitiuo.
2070 1188 109 58 ergo
2138 1188 109 58 etc.
2206 1188 68 58 ⁋
2233 1188 81 58 Ad

1353 1225 114 64 primum
1433 1225 91 64 dico
1490 1225 91 64 quod
1547 1225 160 64 antecedens
1673 1225 80 64 non
1719 1225 80 64 est
1764 1225 103 64 verum
1833 1225 69 64 de
1867 1225 149 64 voluntate
1982 1225 91 64 illa
2039 1225 91 64 quae
2096 1225 80 64 est
2142 1225 91 64 amor
2187 1225 69 64 illi

1351 1267 159 58 obiecti:
1470 1267 119 58 talis
1549 1267 106 58 enim
1615 1267 159 58 voluntas
1734 1267 93 58 non
1787 1267 106 58 plus
1854 1267 93 58 est
1907 1267 185 58 principium
2052 1267 185 58 producendi
2184 1267 93 58 illum

1350 1313 146 54 amorem:
1456 1313 106 54 quam
1522 1313 93 54 sit
1575 1313 172 54 pricipium
1708 1313 186 54 producendi
1854 1313 80 54 se
1893 1313 133 54 ipsam:
1986 1313 80 54 et
2026 1313 106 54 quam
2092 1313 106 54 amor
2159 1313 106 54 ille
2212 1313 66 54 sit

1358 1357 170 63 principium
1492 1357 170 63 producendi
1626 1357 170 63 voluntatem
1760 1357 85 63 aut
1808 1357 134 63 seipum:
1906 1357 122 63 divina
1991 1357 97 63 vero
2052 1357 146 63 voluntas
2161 1357 85 63 est
2198 1357 73 63 suus

1359 1399 107 54 amor:
1431 1399 71 54 et
1466 1399 95 54 amor
1526 1399 143 54 essentie
1633 1399 119 54 divine
1716 1399 83 54 est
1764 1399 95 54 spis
1824 1399 119 54 scuns:
1907 1399 107 54 sicut
1978 1399 143 54 essentia
2085 1399 119 54 divina
2169 1399 95 54 quae
2216 1399 60 54 est

1348 1442 76 59 sua
1391 1442 130 59 voluntas
1489 1442 76 59 est
1532 1442 130 59 spiritus
1630 1442 97 59 scus:
1695 1442 65 59 et
1727 1442 87 59 ideo
1781 1442 76 59 non
1824 1442 76 59 est
1868 1442 152 59 principium
1987 1442 152 59 producendi
2106 1442 119 59 spectum
2182 1442 97 59 scundum

1353 1482 80 58 vel
1398 1482 114 58 amorem
1478 1482 102 58 suum:
1546 1482 68 58 ex
1580 1482 80 58 quo
1625 1482 102 58 etiam
1693 1482 102 58 patet
1762 1482 91 58 quod
1818 1482 80 58 non
1864 1482 80 58 est
1909 1482 68 58 de
1943 1482 125 58 ratione
2034 1482 159 58 voluntatis
2159 1482 68 58 in
2182 1482 102 58 communi

1355 1533 92 53 nec
1407 1533 105 53 sibi
1473 1533 92 53 per
1525 1533 79 53 se
1564 1533 170 53 conuenit:
1695 1533 105 53 quod
1761 1533 92 53 sit
1813 1533 183 53 principium
1957 1533 183 53 producendi
2101 1533 131 53 amorem
2179 1533 92 53 suum.

1360 1581 102 48 Nec
1419 1581 189 48 sequitur.
1564 1581 174 48 voluntas
1695 1581 145 48 creata
1796 1581 102 48 est
1855 1581 203 48 principium
2014 1581 203 48 producendi
2160 1581 116 48 amorem

1347 1620 112 53 suum.
1421 1620 99 53 ergo
1483 1620 74 53 et
1520 1620 161 53 quaelibet
1644 1620 149 53 voluntas
1756 1620 87 53 aut
1806 1620 149 53 voluntas
1917 1620 136 53 divina:
2016 1620 87 53 sic
2066 1620 99 53 isti
2128 1620 99 53 idem
2178 1620 99 53 alibi-

1349 1673 69 45 ad
1384 1673 104 45 istud
1454 1673 162 45 propositum
1581 1673 174 45 virtualiter
1720 1673 127 45 sumunt.
1812 1673 58 45 ⁋
1836 1673 69 45 Ad
1870 1673 139 45 secundam
1974 1673 127 45 concedo
2067 1673 174 45 antecedens.
2206 1673 69 45 et
2229 1673 58 45 cum

1351 1708 149 54 infertur.
1465 1708 92 54 ergo
1523 1708 69 54 si
1557 1708 80 54 sit
1603 1708 126 54 aliquod
1695 1708 161 54 principium
1822 1708 184 54 productiuum:
1971 1708 103 54 illud
2040 1708 80 54 est
2086 1708 161 54 absolutum.
2201 1708 69 54 nego

1361 1752 156 51 consequentia
1488 1752 78 51 dico
1537 1752 78 51 quod
1585 1752 88 51 pater
1644 1752 58 51 et
1673 1752 127 51 similiter
1770 1752 107 51 filius:
1848 1752 68 51 est
1887 1752 136 51 principium
1994 1752 146 51 productiuum
2111 1752 117 51 spiritus
2189 1752 88 51 sancti:

1355 1792 85 55 Cum
1403 1792 146 55 probatur
1513 1792 97 55 quod
1574 1792 97 55 non:
1635 1792 134 55 quoniam
1732 1792 134 55 relatio
1829 1792 85 55 non
1878 1792 85 55 est
1926 1792 170 55 principium
2060 1792 182 55 productiuum
2194 1792 85 55 rela-

1353 1840 109 56 tionis
1429 1840 141 56 relatiue.
1538 1840 76 56 hoc
1581 1840 109 56 quidem
1657 1840 109 56 falsum
1733 1840 87 56 est:
1787 1840 65 56 et
1820 1840 130 56 secundum
1918 1840 87 56 istu
1972 1840 76 56 sic
2015 1840 152 56 arguentem:
2135 1840 65 56 et
2167 1840 98 56 patet
2222 1840 54 56 fal

1351 1883 107 53 sitas.
1426 1883 64 53 in
1458 1883 117 53 divinis
1543 1883 96 53 quod.
1608 1883 75 53 nam
1650 1883 107 53 paiter
1725 1883 149 53 principium
1842 1883 160 53 productiuum
1970 1883 75 53 est
2013 1883 107 53 filii:
2088 1883 64 53 et
2120 1883 117 53 relatio
2195 1883 85 53 patris

1347 1925 68 60 ad
1381 1925 124 60 filium:
1471 1925 90 60 quae
1527 1925 79 60 non
1572 1925 79 60 est
1617 1925 113 60 aliqua
1696 1925 124 60 entitas
1786 1925 146 60 distincta
1898 1925 56 60 a
1921 1925 113 60 patre:
2000 1925 79 60 sed
2045 1925 79 60 est
2090 1925 90 60 ipse
2146 1925 113 60 pater:
2214 1925 56 60 est

1346 1981 108 46 etiam
1418 1981 168 46 principium
1550 1981 180 46 productiuum
1694 1981 192 46 filiationis:
1851 1981 108 46 sicut
1923 1981 72 46 et
1959 1981 108 46 filii
2031 1981 84 46 qui
2079 1981 84 46 est
2127 1981 96 46 ipsa
2175 1981 96 46 filia-

1347 2022 97 47 tio
1403 2022 209 47 subsistens:
1570 2022 84 47 vt
1612 2022 167 47 filiatio
1737 2022 153 47 sumitur
1848 2022 97 47 pro
1904 2022 181 47 relatione
2043 2022 209 47 correlatiua
2196 2022 70 47 pa-

1346 2065 183 44 ternitatis:
1492 2065 147 44 quicquid
1602 2065 98 44 ergo
1663 2065 85 44 est
1712 2065 171 44 principium
1847 2065 183 44 productiuum
1993 2065 122 44 filii:
2079 2065 85 44 est
2115 2065 159 44 productiuum

1352 2109 187 47 filiationis
1501 2109 75 47 et
1539 2109 187 47 cuiuscumque
1688 2109 112 47 patur
1763 2109 87 47 est
1813 2109 199 47 productiuus:
1975 2109 100 47 eius
2037 2109 87 47 est
2087 2109 175 47 productiua
2212 2109 62 47 pa-

1353 2143 178 53 ternitas:
1490 2143 82 53 in
1531 2143 178 53 creaturis
1668 2143 109 53 est:
1736 2143 178 53 supposito
1873 2143 109 53 quod
1942 2143 151 53 relatio
2051 2143 96 53 non
2106 2143 96 53 sit
2147 2143 123 53 entitas

1355 2190 152 52 secundum
1470 2190 76 52 se
1508 2190 165 52 distincta
1635 2190 76 52 ab
1673 2190 191 52 entitatibus
1825 2190 178 52 absolutis:
1965 2190 76 52 et
2003 2190 114 52 infra
2079 2190 191 52 ostendetur:
2219 2190 51 52 et

1343 2236 115 48 iste
1415 2236 144 48 doctor
1515 2236 187 48 concedit:
1659 2236 101 48 sed
1717 2236 101 48 sit
1774 2236 129 48 eadem
1860 2236 158 48 entitas
1975 2236 101 48 cum
2033 2236 173 48 entitate
2148 2236 115 48 absolu

1357 2283 76 50 ta
1395 2283 139 50 necesse
1497 2283 89 50 est
1547 2283 177 50 concedere:
1687 2283 101 50 quod
1750 2283 114 50 sicut
1826 2283 114 50 calor
1902 2283 89 50 est
1953 2283 190 50 productiuus
2105 2283 152 50 caloris:
2207 2283 63 50 sic

1347 2317 153 54 relatio
1458 2317 194 54 productiui
1611 2317 83 54 ad
1653 2317 208 54 producentem
1819 2317 97 54 vel
1875 2317 181 54 productum
2014 2317 111 54 quae
2083 2317 97 54 est
2139 2317 125 54 eadem
2208 2317 56 54 ca

1355 2362 97 50 lori
1416 2362 158 50 producto.
1537 2362 61 50 ⁋
1562 2362 73 50 Et
1598 2362 73 50 si
1635 2362 134 50 dicatur
1732 2362 97 50 quod
1793 2362 134 50 quamuis
1890 2362 109 50 pater
1963 2362 73 50 et
2000 2362 122 50 filius
2085 2362 97 50 sint
2133 2362 122 50 principi

1360 2407 151 49 productiuum
1481 2407 121 49 spiritus
1572 2407 111 49 sancti:
1653 2407 141 49 principium
1764 2407 101 49 quidem
1834 2407 91 49 quod:
1895 2407 71 49 non
1935 2407 91 49 tamen
1996 2407 141 49 principium
2107 2407 81 49 qua.
2157 2407 61 49 et
2187 2407 61 49 de
2207 2407 61 49 isto

1353 2452 81 55 est
1400 2452 140 55 quaestio
1505 2452 58 55 ⁋
1528 2452 140 55 Dicendum
1633 2452 93 55 quod
1691 2452 105 55 talis
1761 2452 163 55 distinctio
1889 2452 186 55 principiorum
2040 2452 93 55 quod
2098 2452 70 55 et
2133 2452 93 55 quo.
2180 2452 81 55 locum

1356 2502 77 52 non
1400 2502 99 52 habet
1466 2502 66 52 in
1499 2502 88 52 deo:
1553 2502 77 52 vbi
1597 2502 153 52 principium
1718 2502 99 52 quod.
1784 2502 77 52 est
1827 2502 121 52 simplex
1915 2502 110 52 omnino
1992 2502 99 52 sicut
2058 2502 110 52 supra.
2134 2502 88 52 dis.
2189 2502 66 52 7.
2211 2502 55 52 de-

1343 2534 151 57 claratum
1457 2534 101 57 est.
1520 2534 63 57 ⁋
1545 2534 75 57 Ad
1582 2534 138 57 tertiam
1683 2534 151 57 rationem
1796 2534 138 57 concedo
1897 2534 101 57 quod
1960 2534 151 57 spiritus
2073 2534 113 57 secus
2149 2534 88 57 est
2186 2534 101 57 chari-

1356 2580 81 48 tas
1403 2580 116 48 patris
1484 2580 70 48 et
1519 2580 116 48 filii:
1600 2580 70 48 et
1635 2580 81 48 cum
1681 2580 128 48 dicitur
1774 2580 93 48 quod
1832 2580 104 48 talis
1901 2580 128 48 persona
1994 2580 162 48 producitur
2122 2580 58 48 a
2133 2580 128 48 voluntate

1354 2624 127 59 tamquam
1447 2624 58 59 a
1470 2624 151 59 principio
1586 2624 162 59 elicitiuo.
1714 2624 104 59 nego:
1783 2624 81 59 sed
1830 2624 93 59 dico
1888 2624 93 59 quod
1945 2624 162 59 producitur
2073 2624 58 59 a
2096 2624 104 59 patre
2166 2624 70 59 et
2189 2624 81 59 filio

1359 2667 85 58 quae
1413 2667 85 58 sunt
1466 2667 138 58 voluntas:
1572 2667 64 58 et
1604 2667 96 58 pater
1668 2667 64 58 et
1700 2667 106 58 filius
1774 2667 75 58 qui
1817 2667 85 58 sunt
1870 2667 128 58 voluntas
1966 2667 85 58 sunt
2019 2667 149 58 principium
2126 2667 138 58 productiuum

1343 2709 142 59 spiritus
1449 2709 130 59 sancti:
1544 2709 83 59 nec
1591 2709 71 59 ex
1627 2709 83 59 hoc
1674 2709 154 59 sequitur:
1792 2709 94 59 quod
1851 2709 142 59 voluntas
1957 2709 83 59 sit
2004 2709 165 59 principium
2123 2709 154 59 productiuum

1346 2756 114 59 spiritus
1431 2756 104 59 sancti:
1507 2756 85 59 sicut
1563 2756 66 59 non
1601 2756 114 59 sequitur
1687 2756 95 59 paiter
1753 2756 66 59 qui
1791 2756 66 59 est
1829 2756 114 59 essentia
1914 2756 114 59 generat.
1999 2756 76 59 ergo
2047 2756 114 59 essentia
2132 2756 104 59 generat
2198 2756 57 59 etc.

1322 2798 177 96 Quantum
1451 2798 97 96 ad
1499 2798 193 96 secundum
1644 2798 145 96 arti.
1740 2798 145 96 vtrum
1837 2798 193 96 spiritus
1982 2798 177 96 sanctus
2094 2798 161 96 producam

1595 2841 113 59 tur
1659 2841 161 59 libere
1772 2841 113 59 vel
1836 2841 258 59 naturaliter:
2046 2841 209 59 respondet
2190 2841 97 59 idem

1346 2885 108 51 dotc.
1418 2885 96 51 quod
1478 2885 167 51 producitur
1609 2885 132 51 libere.
1705 2885 84 51 non
1753 2885 108 51 autem
1824 2885 191 51 naturaliter:
1980 2885 108 51 sicut
2052 2885 155 51 econuerso
2159 2885 96 51 filius

1352 2930 211 55 producitur
1518 2930 226 55 naturaliter
1699 2930 90 55 et
1744 2930 106 55 non
1804 2930 166 55 libere.
1925 2930 121 55 vnde
2000 2930 90 55 ex
2046 2930 151 55 dictis
2151 2930 121 55 eius
2212 2930 75 55 est

1352 2971 163 58 possunt
1471 2971 148 58 accipi
1575 2971 163 58 quatuor
1693 2971 237 58 conclusiones
1886 2971 89 58 ad
1931 2971 223 58 propositum.
2109 2971 134 58 prima
2198 2971 104 58 est
2242 2971 45 58 e

1353 3021 110 52 quod
1422 3021 138 52 spitus
1519 3021 110 52 scus
1588 3021 193 52 producitur
1740 3021 207 52 necessario.
1905 3021 83 52 2a
1947 3021 110 52 quod
2016 3021 193 52 producitur
2154 3021 110 52 libere

1350 3060 129 68 Tertia
1440 3060 103 68 quod
1505 3060 90 68 non
1557 3060 181 68 producitur
1699 3060 207 68 naturaliter.
1867 3060 77 68 4a
1905 3060 103 68 quod
1970 3060 181 68 necessitas
2112 3060 77 68 et
2138 3060 129 68 libertas
