2549 3518
242 227 138 90 diceret
343 227 113 90 quis:
418 227 100 90 quod
480 227 138 90 materia
581 227 200 90 constituitur
743 227 88 90 per
793 227 138 90 formam:
894 227 75 90 ex
931 227 75 90 eo
969 227 125 90 quoque
1056 227 100 90 quod
1106 227 63 90 est

235 283 93 68 per
288 283 80 68 se
328 283 172 68 subsistes
460 283 93 68 non
513 283 212 68 constituitur
685 283 80 68 in
725 283 106 68 esse
791 283 93 68 per
844 283 146 68 aliquid
950 283 146 68 tanquam
1056 283 93 68 per
1096 283 53 68 ma

228 327 151 69 teriam.
338 327 123 69 sicut
420 327 137 69 aliquo
516 327 110 69 modo
585 327 137 69 posset
680 327 110 69 quis
749 327 137 69 dicere
845 327 110 69 quod
913 327 123 69 forma
982 327 178 69 costituitur

242 365 86 80 per
291 365 160 80 materiam:
414 365 99 80 quia
476 365 160 80 subsistit
599 365 123 80 aliquo
685 365 99 80 modo
747 365 86 80 per
796 365 123 80 illam.
882 365 62 80 ⁋
907 365 99 80 Unde
968 365 111 80 talia
1042 365 111 80 verba
1104 365 49 80 in

240 413 96 77 sua
295 413 205 77 proprietate
459 413 150 77 penitus
569 413 123 77 falsa
651 413 123 77 sunt:
733 413 82 77 et
774 413 82 77 ex
815 413 123 77 falsa
897 413 219 77 imaginatione
1061 413 82 77 pro-

243 459 129 78 cedunt.
337 459 94 78 qua.
396 459 117 78 valet.
478 459 82 78 sic
525 459 153 78 loquentes
642 459 176 78 imaginantur
783 459 94 78 quod
842 459 141 78 essentia
947 459 117 78 divina
1030 459 82 78 sit
1065 459 82 78 quas-

230 496 142 83 materia
333 496 155 83 respectu
449 496 206 83 filiationis:
617 496 77 83 et
655 496 155 83 filiatio
771 496 90 83 sit
823 496 116 83 forma
900 496 103 83 eius
965 496 77 83 et
1003 496 77 83 ex
1029 496 116 83 vtraque

234 539 149 78 resultet
345 539 137 78 persona
445 539 162 78 completa:
569 539 75 78 et
606 539 137 78 propter
706 539 87 78 hoc
755 539 137 78 persona
855 539 199 78 constituitur
1004 539 149 78 formaliter

227 581 76 80 in
265 581 88 80 suo
316 581 101 80 esse
378 581 88 80 per
429 581 201 80 filiationem:
592 581 113 80 sicut
668 581 176 80 compositum
806 581 176 80 subiectale
945 581 138 80 dicitur
1033 581 113 80 consti-

225 631 85 77 tui
273 631 169 77 formaliter
406 631 73 77 in
443 631 97 77 esse
503 631 85 77 per
551 631 97 77 suam
612 631 121 77 formam
697 631 218 77 substantialem.
878 631 97 77 quod
938 631 121 77 vtique
1011 631 133 77 figmentum

220 674 129 69 omnino
310 674 142 69 remotum
414 674 90 69 est
465 674 65 69 a
491 674 142 69 persona
595 674 142 69 divina.
698 674 181 69 Quapropter
840 674 77 69 in
879 674 90 69 deo
930 674 90 69 non
982 674 90 69 est
1021 674 116 69 estimam

217 718 97 79 dum
272 718 152 79 aliquod
383 718 166 79 realiter
507 718 207 79 constitutum
673 718 97 79 per
728 718 124 79 aliud
811 718 207 79 formaliter:
977 718 97 79 nec
1019 718 124 79 aliquid

227 755 169 83 formaliter
360 755 72 83 et
396 755 145 83 realiter
504 755 181 83 constituens
649 755 121 83 aliud:
734 755 84 83 sed
782 755 145 83 quicquid
891 755 84 83 ibi
939 755 84 83 est
987 755 84 83 per
1035 755 72 83 se
1060 755 84 83 ipsum

228 801 71 79 et
264 801 107 79 nullo
335 801 95 79 alio
395 801 167 79 formaliter
525 801 83 79 est
573 801 143 79 quicquid
680 801 95 79 est.
740 801 131 79 quamuis
835 801 167 79 causaliter
965 801 83 79 seu
1001 801 131 79 principia

219 835 110 89 tiue
288 835 96 89 vel
343 835 192 89 productiue
494 835 137 89 habeat
590 835 137 89 aliqua
686 835 151 89 persona
795 835 110 89 esse
864 835 178 89 personam.
1001 835 69 89 ⁋
1028 835 82 89 Et
1056 835 82 89 ideo

220 886 151 72 quantum
330 886 82 72 ad
371 886 178 72 articulum
508 886 123 72 istum
590 886 109 72 dico
658 886 109 72 quod
727 886 82 72 de
768 886 123 72 reali
850 886 205 72 distinctiuo
1000 886 137 72 alicuius

221 929 72 84 ab
257 929 121 84 aliquo
341 929 145 84 possumus
450 929 169 84 dupliciter
583 929 121 84 loqui.
667 929 84 84 Uno
715 929 96 84 modo
775 929 72 84 vt
812 929 84 84 per
860 929 157 84 huiusmodi
968 929 169 84 distinctiuum

210 970 226 90 intelligamus
393 970 127 90 aliud
478 970 169 90 existens
605 970 127 90 extra
690 970 141 90 animam
789 970 240 90 significabile
973 970 169 90 incomplexe

217 1017 151 78 secundum
330 1017 75 78 se
368 1017 75 78 ab
406 1017 100 78 alio
469 1017 188 78 distinctum:
619 1017 188 78 quemadmodum
770 1017 138 78 diximus
870 1017 100 78 quod
933 1017 100 78 homo
996 1017 88 78 per
1034 1017 100 78 animam

200 1063 101 78 suam
264 1063 203 78 distinguitur
428 1063 76 78 ab
466 1063 127 78 asino:
555 1063 76 78 et
593 1063 101 78 quod
656 1063 89 78 vna
707 1063 114 78 anima
783 1063 152 78 secundum
897 1063 76 78 se
934 1063 203 78 distinguitur
1086 1063 51 78 ab

209 1106 117 81 alia.
287 1106 104 81 Alio
352 1106 104 81 modo
418 1106 78 81 vt
457 1106 91 81 per
509 1106 209 81 distinctiuum
679 1106 209 81 intelligamus
848 1106 117 81 aliud
926 1106 157 81 complexe
1031 1106 91 81 tamen

205 1149 253 78 significabile:
416 1149 99 78 per
472 1149 113 78 quod
543 1149 127 78 aliud
627 1149 141 78 potest
726 1149 113 78 vere
796 1149 169 78 concludi
923 1149 84 78 ab
965 1149 141 78 aliquo
1050 1149 84 78 esse

210 1195 170 75 distinctum:
345 1195 124 75 quamuis
436 1195 102 75 ipsum
504 1195 147 75 huiusmodi
617 1195 181 75 distinctiuum
764 1195 79 75 non
809 1195 79 75 sit
855 1195 136 75 secundum
956 1195 68 75 se
990 1195 113 75 aliqua
1058 1195 68 75 enti

204 1234 98 77 tas
260 1234 84 77 ab
302 1234 140 77 aliquo
400 1234 140 77 quoquo
498 1234 112 77 modo
568 1234 196 77 distincta:
722 1234 126 77 sicut
806 1234 84 77 si
848 1234 182 77 diceremus
988 1234 112 77 quod
1044 1234 84 77 acci

199 1283 103 74 dens
263 1283 77 74 in
302 1283 129 74 sacato
392 1283 206 74 distinguitur
559 1283 77 74 ab
598 1283 116 74 aliis
675 1283 90 74 per
726 1283 90 74 hoc
778 1283 103 74 quod
842 1283 116 74 ipsum
919 1283 90 74 non
971 1283 90 74 est
1022 1283 77 74 in
1048 1283 77 74 sub-

212 1316 126 85 iecto:
301 1316 101 85 alia
364 1316 101 85 vero
427 1316 177 85 accidentia
566 1316 101 85 sunt
629 1316 76 85 in
667 1316 164 85 subiecto:
794 1316 88 85 sic
844 1316 88 85 aut
895 1316 139 85 dicendo
996 1316 88 85 non
1034 1316 88 85 intel

202 1363 156 80 ligitur
315 1363 114 80 quod
386 1363 142 80 aliqua
486 1363 156 80 entitas
599 1363 99 80 aut
656 1363 156 80 aliquid
770 1363 199 80 incomplexe
912 1363 213 80 significabile

193 1402 94 89 sit
246 1402 215 89 distinctiuum
421 1402 121 89 talis
502 1402 188 89 accidentis
650 1402 81 89 ab
690 1402 134 89 aliis:
784 1402 148 89 quamuis
892 1402 121 89 ipsum
972 1402 81 89 se
1012 1402 108 89 ipso
1066 1402 54 89 in

193 1448 120 80 primo
273 1448 120 80 sensu
353 1448 107 80 dato
420 1448 214 80 distinguatur
594 1448 80 80 ab
634 1448 134 80 aliis:
728 1448 94 80 sed
781 1448 107 80 quod
848 1448 80 80 ex
888 1448 80 80 eo
928 1448 107 80 quod
995 1448 120 80 istud
1062 1448 67 80 ac-

194 1501 134 72 cidens
287 1501 94 72 non
341 1501 94 72 est
395 1501 80 72 in
435 1501 174 72 subiecto:
569 1501 121 72 illud
649 1501 121 72 autem
730 1501 94 72 est
783 1501 80 72 in
824 1501 174 72 subiecto.
958 1501 94 72 hoc
1011 1501 107 72 vere
1065 1501 67 72 est

187 1541 130 79 aliud
273 1541 87 79 ab
317 1541 116 79 illo
389 1541 101 79 seu
447 1541 202 79 distinctum
606 1541 87 79 ab
649 1541 130 79 illo.
736 1541 72 79 ⁋
765 1541 101 79 hoc
822 1541 116 79 modo
895 1541 101 79 est
953 1541 159 79 dicimus
1068 1541 87 79 in

188 1580 132 82 divinis
284 1580 96 82 quod
344 1580 108 82 pater
416 1580 192 82 distinguitur
571 1580 60 82 a
595 1580 108 82 filio
667 1580 84 82 per
715 1580 84 82 hoc
763 1580 96 82 quod
823 1580 96 82 ipse
883 1580 84 82 est
930 1580 60 82 a
954 1580 120 82 nullo:
1026 1580 96 82 filius

192 1624 106 77 autem
263 1624 83 77 non
310 1624 83 77 est
357 1624 59 77 a
381 1624 118 77 nullo:
463 1624 83 77 sed
511 1624 59 77 a
534 1624 118 77 patre:
617 1624 71 77 et
652 1624 83 77 hic
699 1624 118 77 vtique
782 1624 83 77 sic
829 1624 94 77 est:
888 1624 83 77 est
935 1624 71 77 si
970 1624 106 77 nulla
1029 1624 83 77 anima

184 1676 136 73 vmquam
279 1676 95 73 hoc
334 1676 204 73 consideret:
496 1676 95 73 nec
551 1676 122 73 tamen
632 1676 95 73 per
686 1676 95 73 hoc
741 1676 149 73 aliquod
849 1676 217 73 distinctiuum
1012 1676 95 73 primo

182 1711 215 79 significabile
359 1711 114 79 datur
435 1711 177 79 intelligi:
574 1711 114 79 sicut
649 1711 126 79 infra.
738 1711 177 79 distinctio
877 1711 88 79 26.
927 1711 139 79 amplius
1015 1711 114 79 declara

181 1754 129 80 bitur.
271 1754 77 80 Si
310 1754 103 80 ergo
375 1754 77 80 in
413 1754 116 80 primo
491 1754 116 80 sensu
568 1754 155 80 queratur
684 1754 90 80 per
736 1754 103 80 quid
800 1754 129 80 filius
891 1754 206 80 distinguitur
1045 1754 65 80 est

183 1797 107 72 sptum
254 1797 142 72 secundo:
361 1797 95 72 Dico
420 1797 95 72 quod
479 1797 71 72 se
515 1797 95 72 ipso
574 1797 71 72 et
610 1797 83 72 non
657 1797 118 72 aliquo
740 1797 83 72 sui
787 1797 142 72 secundum
894 1797 201 72 intransitiuam
1048 1797 59 72 con

182 1844 192 76 structionem
336 1844 167 76 loquendo.
464 1844 90 76 hoc
516 1844 115 76 autem
593 1844 167 76 probatur.
721 1844 77 76 ex
760 1844 90 76 hoc
811 1844 103 76 quia
875 1844 128 76 filius
965 1844 90 76 est
1003 1844 103 76 perso-

184 1887 83 66 na
226 1887 234 66 simplicissima
418 1887 124 66 nulla
501 1887 124 66 plura
584 1887 83 66 et
625 1887 138 66 aliquo
721 1887 110 66 modo
790 1887 124 66 inter
873 1887 83 66 se
914 1887 179 66 distincta
1038 1887 69 66 in-

188 1937 162 63 cludens.
309 1937 81 63 et
349 1937 108 63 ideo
417 1937 67 63 a
443 1937 175 63 quocumque
578 1937 216 63 distinguitur
753 1937 135 63 seipso
848 1937 121 63 primo
915 1937 202 63 distinguitur:

186 1972 136 75 sicut
277 1972 166 75 plenius
398 1972 136 75 infra
488 1972 257 75 declarabitur.
700 1972 76 75 ⁋
730 1972 91 75 Et
775 1972 181 75 vlterius
911 1972 91 75 ad
942 1972 166 75 articulum

175 2063 79 74 co
214 2063 105 74 quod
280 2063 145 74 praeter
386 2063 198 74 spirationem
544 2063 92 74 non
596 2063 92 74 est
649 2063 79 74 in
689 2063 119 74 filio
768 2063 145 74 aliquid
873 2063 92 74 quo
912 2063 198 74 distinguatur.

171 2015 128 70 istum
256 2015 170 70 secundum
383 2015 113 70 hunc
454 2015 142 70 sensum
553 2015 85 70 in
596 2015 99 70 quo
653 2015 128 70 ipsum
738 2015 213 70 pertractant
908 2015 184 70 doctores.
1035 2015 71 70 di-

177 2104 95 68 ipse
237 2104 60 68 a
261 2104 95 68 spum
320 2104 143 68 scecndo.
428 2104 95 68 quod
487 2104 119 68 patet.
571 2104 131 68 quoniam
666 2104 95 68 ipsa
726 2104 131 68 persona
822 2104 107 68 filii
893 2104 203 68 simplicissima
1048 2104 60 68 est

169 2148 139 68 spiratio
274 2148 70 68 et
308 2148 151 68 econverso
424 2148 104 68 nihil
494 2148 81 68 aut
540 2148 81 68 est
587 2148 70 68 in
621 2148 104 68 filio
691 2148 93 68 quod
749 2148 81 68 non
795 2148 81 68 sit
841 2148 116 68 filius
923 2148 81 68 est
969 2148 127 68 persona
1050 2148 58 68 fi-

173 2190 94 82 lii:
232 2190 71 82 et
267 2190 82 82 per
315 2190 165 82 consequens
444 2190 94 82 quod
503 2190 82 82 non
550 2190 82 82 sit
597 2190 94 82 ipsa
656 2190 153 82 spiratio.
774 2190 71 82 Si
809 2190 106 82 autem
880 2190 71 82 in
915 2190 71 82 2o
951 2190 106 82 sensu
1010 2190 82 82 loqua

169 2237 93 70 mur
222 2237 80 70 de
262 2237 212 70 distinctiuo:
434 2237 159 70 secundum
553 2237 106 70 quem
620 2237 133 70 sensum
712 2237 146 70 formaui
819 2237 186 70 articulum.
964 2237 93 70 cum
1004 2237 93 70 quae-

174 2281 104 74 ritur
244 2281 104 74 vtrum
313 2281 81 74 per
359 2281 81 74 hoc
405 2281 150 74 praecise:
520 2281 92 74 quia
578 2281 138 74 spiritus
682 2281 104 74 secus
751 2281 138 74 procedit
854 2281 58 74 a
878 2281 115 74 filio:
958 2281 81 74 aut
1004 2281 92 74 quia
1050 2281 58 74 fi-

166 2321 102 75 lius
230 2321 127 75 spirat
319 2321 152 75 spiectum
433 2321 152 75 scentdum
547 2321 127 75 filius
636 2321 203 75 distinguatur
801 2321 76 75 ab
839 2321 114 75 illo.
915 2321 102 75 dico
979 2321 102 75 quod
1030 2321 63 75 non

164 2372 103 67 Quod
229 2372 116 67 probo
306 2372 103 67 sic.
371 2372 129 67 filius
461 2372 207 67 distinguitur
629 2372 65 67 a
655 2372 103 67 spum
720 2372 129 67 scondo
810 2372 90 67 per
862 2372 103 67 hoc:
926 2372 103 67 quia
991 2372 103 67 ipse
1042 2372 65 67 est

164 2414 63 63 a
190 2414 113 63 patre
265 2414 163 63 nascendo:
390 2414 150 63 spiritus
503 2414 113 63 autem
578 2414 100 63 scus
641 2414 88 63 est
691 2414 63 63 a
716 2414 113 63 patre
791 2414 88 63 non
841 2414 163 63 nascendo:
967 2414 88 63 sed
1004 2414 88 63 proce

167 2449 119 80 dendo.
250 2449 95 80 ergo
310 2449 83 80 non
358 2449 143 80 praecise
465 2449 83 80 per
512 2449 83 80 hoc
560 2449 119 80 filius
643 2449 191 80 distinguitur
798 2449 60 80 a
822 2449 95 80 spum
882 2449 131 80 second:
977 2449 95 80 quia
1025 2449 71 80 ipse

178 2496 99 68 spirat
248 2496 119 68 spiectum
337 2496 119 68 scuntdum
426 2496 60 68 et
456 2496 79 68 ille
506 2496 119 68 procedit
595 2496 60 68 ab
625 2496 70 68 eo.
665 2496 159 68 consequentia
794 2496 99 68 patet.
864 2496 109 68 quoniam
943 2496 70 68 non
983 2496 70 68 est
1022 2496 70 68 hoc
1052 2496 40 68 fi

179 2539 84 70 lio
227 2539 96 70 esse
287 2539 60 70 a
312 2539 108 70 patre
384 2539 157 70 nascendo:
504 2539 96 70 quod
565 2539 84 70 est
613 2539 145 70 specntum
721 2539 133 70 scentum
818 2539 96 70 esse
878 2539 72 70 ab
914 2539 72 70 eo
938 2539 157 70 procedendo:

175 2580 104 78 siue
240 2580 78 78 ab
279 2580 104 78 ipso
345 2580 183 78 procedere:
488 2580 91 78 nec
541 2580 131 78 filius
632 2580 104 78 ideo
697 2580 157 78 nascitur
815 2580 65 78 a
841 2580 131 78 patre:
932 2580 104 78 quia
985 2580 104 78 spira-

184 2623 115 78 spoctum
267 2623 125 78 scentum.
361 2623 146 78 Antecedens
476 2623 125 78 probatur
570 2623 73 78 per
612 2623 84 78 Aug.
664 2623 63 78 5.
695 2623 63 78 de
727 2623 84 78 tri.
779 2623 73 78 vbi
821 2623 94 78 dicit
884 2623 84 78 quod
936 2623 84 78 ideo
978 2623 104 78 spiritum

176 2676 86 66 non
225 2676 86 66 est
274 2676 135 66 filius:
373 2676 86 66 cum
422 2676 135 66 vterque
520 2676 111 66 tamen
594 2676 62 66 a
619 2676 111 66 patre
693 2676 123 66 exeat:
779 2676 98 66 quia
840 2676 98 66 ipse
902 2676 98 66 exit
964 2676 86 66 non
1013 2676 86 66 quo
1050 2676 49 66 na

177 2714 99 74 tus:
238 2714 87 74 sed
288 2714 87 74 quo
337 2714 111 74 datus
412 2714 74 74 id
449 2714 87 74 est
498 2714 124 74 donum.
585 2714 62 74 ⁋
610 2714 99 74 Item
671 2714 74 74 de
709 2714 87 74 fi.
758 2714 74 74 ad
795 2714 124 74 petrus
882 2714 124 74 dicit:
968 2714 99 74 quod
1018 2714 74 74 quia

177 2752 111 74 aliud
251 2752 86 74 est
300 2752 111 74 natum
374 2752 99 74 esse
435 2752 148 74 aliudque
546 2752 172 74 procedere.
682 2752 99 74 ideo
743 2752 111 74 alius
817 2752 123 74 filius
903 2752 111 74 alius
965 2752 123 74 spiritus

187 2794 127 84 scuns.
276 2794 64 84 ⁋
302 2794 102 84 Item
365 2794 127 84 Ansel.
454 2794 76 84 de
492 2794 152 84 processu
606 2794 152 84 spiritus
721 2794 127 84 sctint
810 2794 76 84 in
848 2794 114 84 fine.
924 2794 127 84 Spitus
1000 2794 89 84 sicus

177 2841 116 74 inquit
259 2841 81 74 non
305 2841 81 74 est
352 2841 128 74 filius:
445 2841 93 74 quia
503 2841 116 74 filius
584 2841 128 74 nascedo
678 2841 105 74 habet
747 2841 93 74 esse
805 2841 70 74 de
840 2841 116 74 patre.
922 2841 140 74 spiritus
1015 2841 58 74 ver

177 2883 110 73 scus
246 2883 96 73 non
301 2883 179 73 nascendo:
439 2883 96 73 sed
494 2883 207 73 procedendo.
660 2883 69 73 ⁋
687 2883 110 73 Item
756 2883 110 73 idem
825 2883 138 73 infra.
922 2883 110 73 ait.
977 2883 110 73 habent

190 2925 113 79 vtique
269 2925 57 79 a
292 2925 102 79 patre
360 2925 91 79 esse
416 2925 113 79 filius
496 2925 68 79 et
530 2925 113 79 spitus
609 2925 113 79 secus:
689 2925 79 79 sed
734 2925 125 79 diuerso
825 2925 102 79 modo:
893 2925 91 79 quia
949 2925 102 79 alter
1006 2925 68 79 naon

178 2974 153 76 scendo:
289 2974 125 76 alter
373 2974 194 76 procedendo
525 2974 83 76 vt
567 2974 111 76 alii
637 2974 111 76 sint
706 2974 97 76 per
762 2974 97 76 hoc
817 2974 194 76 abinuicem.
970 2974 83 76 Et
998 2974 83 76 sub-

175 3017 101 90 dit.
238 3017 88 90 Nam
289 3017 76 90 si
327 3017 88 90 per
377 3017 113 90 aliud
453 3017 88 90 non
503 3017 126 90 essent
591 3017 126 90 plures
680 3017 126 90 filius
768 3017 76 90 et
806 3017 126 90 spitus
894 3017 126 90 scuns:
982 3017 88 90 per
1020 3017 63 90 hoc

1203 257 122 88 solum
1285 257 135 88 essent
1379 257 162 88 diuersi.
1501 257 68 88 ⁋
1528 257 81 88 Ex
1568 257 135 88 quibus
1663 257 135 88 verbis
1758 257 176 88 manifeste
1893 257 162 88 probatur
2014 257 108 88 quod
2068 257 68 88 non

1205 311 134 81 praecise
1305 311 78 81 per
1350 311 78 81 hoc
1395 311 89 81 quod
1451 311 112 81 filius
1529 311 112 81 spirat
1607 311 134 81 spiectum
1708 311 134 81 scentum:
1808 311 67 81 et
1842 311 89 81 ille
1898 311 134 81 spiratur
1998 311 67 81 ab
2032 311 67 81 eo
2054 311 67 81 ipsi

1191 361 116 69 sunt
1263 361 188 69 abinuicem
1408 361 203 69 distincti.
1567 361 72 69 ⁋
1596 361 87 69 Ad
1640 361 174 69 rationes
1770 361 116 69 vero
1843 361 188 69 opinionis
1973 361 145 69 alterius

1193 406 114 67 patet
1269 406 101 67 quid
1332 406 152 67 dicendum
1446 406 88 67 sit
1496 406 76 67 ex
1534 406 139 67 dictis.
1635 406 88 67 Nam
1686 406 126 67 filius
1774 406 88 67 non
1825 406 202 67 constituitur
1976 406 152 67 filiatione

1189 449 113 69 neque
1265 449 189 69 spiratione:
1416 449 88 69 sed
1467 449 88 69 est
1517 449 126 69 seipso
1605 449 126 69 tantum
1694 449 76 69 et
1731 449 113 69 nullo
1807 449 101 69 alio
1870 449 189 69 formaliter:
2021 449 88 69 nec
2059 449 63 69 est

1202 486 156 77 spiratio
1319 486 91 77 est
1371 486 182 77 aduenticia
1514 486 130 77 filio:
1605 486 91 77 sed
1657 486 91 77 est
1709 486 104 77 ipse
1774 486 143 77 filius.
1878 486 78 77 Et
1917 486 91 77 per
1969 486 91 77 hoc
2021 486 91 77 non
2060 486 65 77 va-

1190 528 94 81 lent
1249 528 141 81 rationes
1355 528 141 81 praedic.
1460 528 94 81 doc.
1519 528 59 81 ⁋
1543 528 70 81 Ad
1578 528 141 81 rationes
1683 528 106 81 omnes
1754 528 141 81 alterius
1860 528 129 81 docores
1954 528 141 81 dicendum
2048 528 70 81 quod

1198 579 118 70 verum
1277 579 92 70 est
1329 579 197 70 spirationem
1487 579 92 70 non
1540 579 105 70 esse
1605 579 197 70 extrinsecam
1763 579 92 70 vel
1816 579 197 70 aduenticiam
1973 579 131 70 filio:
2052 579 66 70 sed

1197 616 111 84 tamen
1270 616 86 84 nec
1320 616 160 84 intraneam
1442 616 98 84 sibi
1504 616 111 84 velut
1578 616 123 84 partem
1664 616 98 84 eius
1725 616 111 84 quasi
1799 616 98 84 ipsa
1860 616 86 84 non
1909 616 86 84 sit
1959 616 98 84 ipsa
2008 616 98 84 perso-

1181 665 79 63 na
1220 665 132 63 filii:
1313 665 92 63 sed
1366 665 145 63 aliquid
1471 665 92 63 per
1524 665 92 63 se:
1577 665 79 63 vt
1617 665 158 63 rationes
1735 665 106 63 ille
1788 665 172 63 pretendunt.

1174 710 165 84 Quantum
1294 710 90 84 ad
1339 710 90 84 2m
1384 710 195 84 articulum
1535 710 165 84 dicitur
1655 710 75 84 a
1685 710 195 84 quibusdam
1835 710 120 84 quod
1911 710 105 84 non
1971 710 195 84 sequitur.

1475 757 147 72 spiritus
1585 757 98 72 scus
1646 757 86 72 non
1695 757 147 72 procedit
1806 757 61 72 a
1830 757 123 72 filio.
1916 757 98 72 ergo
1978 757 86 72 non
2027 757 123 72 distin
2100 757 37 72 e

1183 788 138 82 guitur
1280 788 83 82 ab
1321 788 124 82 ipso.
1404 788 110 82 Alii
1473 788 138 82 dicunt
1569 788 179 82 oppositum
1707 788 165 82 diuersis
1831 788 124 82 tamen
1914 788 165 82 motiuis.
2038 788 96 82 Nam
2079 788 55 82 er

1181 841 134 70 quidam
1274 841 134 70 dicunt
1368 841 107 70 quod
1435 841 120 70 facta
1515 841 161 70 ypothesi
1636 841 134 70 spitus
1729 841 107 70 scus
1796 841 80 70 et
1837 841 134 70 filius
1930 841 134 70 essent
2024 841 94 70 vna
2064 841 67 70 erg

1191 881 133 75 persona
1287 881 121 75 genita
1372 881 72 75 et
1408 881 145 75 spirata:
1516 881 72 75 et
1553 881 84 75 per
1601 881 169 75 consequens
1733 881 84 75 non
1781 881 241 75 distinguerentur.
1986 881 96 75 Alii
2047 881 96 75 vero
2095 881 36 75 a

1180 926 135 78 dicunt
1275 926 108 78 quod
1343 926 95 78 non
1397 926 271 78 distinguerentur.
1627 926 95 78 non
1681 926 108 78 quia
1749 926 217 78 concurrerent
1925 926 81 78 in
1966 926 108 78 vnam
2020 926 108 78 perso-

1177 967 93 74 nam
1230 967 80 74 vt
1270 967 133 74 dicunt
1362 967 119 74 isti:
1442 967 93 74 sed
1495 967 106 74 quia
1561 967 106 74 tunc
1628 967 133 74 filius
1721 967 93 74 non
1774 967 119 74 esset
1853 967 159 74 persona.
1973 967 80 74 Et
1999 967 93 74 inter

1177 1004 129 84 istos
1263 1004 101 84 est
1320 1004 144 84 aliqua
1421 1004 201 84 diuersitas
1579 1004 115 84 est:
1651 1004 101 84 sed
1708 1004 101 84 non
1766 1004 115 84 curo
1838 1004 86 84 de
1881 1004 129 84 illa.
1967 1004 72 84 ⁋
1996 1004 101 84 Ego
2053 1004 101 84 pro

1175 1052 81 87 nunc
1225 1052 91 87 dico:
1286 1052 81 87 quod
1336 1052 162 87 consequentia
1468 1052 71 87 est
1508 1052 91 87 bona:
1569 1052 61 87 et
1599 1052 81 87 quod
1649 1052 101 87 posito
1720 1052 151 87 antecedente
1841 1052 81 87 illo
1892 1052 121 87 spiritus
1983 1052 81 87 scus
2033 1052 71 87 non
2063 1052 61 87 prgo

1179 1090 221 83 distingueretur
1363 1090 61 83 a
1387 1090 123 83 filio:
1473 1090 86 83 non
1522 1090 98 83 quia
1584 1090 110 83 esset
1657 1090 86 83 vna
1706 1090 147 83 persona:
1817 1090 86 83 sed
1866 1090 98 83 quia
1927 1090 98 83 tunc
1976 1090 123 83 spiritus

1174 1136 125 80 scuns
1258 1136 97 80 non
1313 1136 139 80 esset.
1411 1136 111 80 Unde
1480 1136 125 80 arguo
1564 1136 111 80 sic.
1634 1136 84 80 Si
1675 1136 167 80 spiritus
1801 1136 111 80 scus
1870 1136 97 80 non
1926 1136 195 80 procederet
2065 1136 42 80 a

1186 1177 115 78 filio:
1266 1177 138 78 spiritus
1370 1177 92 78 scus
1427 1177 81 78 non
1473 1177 115 78 esset.
1554 1177 92 78 ergo
1611 1177 69 78 si
1646 1177 138 78 spiritus
1749 1177 104 78 scuns
1818 1177 81 78 non
1864 1177 161 78 procederet
1991 1177 58 78 a
2002 1177 92 78 filio:

1180 1223 134 81 spiritus
1280 1223 122 81 sanctus
1369 1223 78 81 non
1414 1223 200 81 distingueretur
1581 1223 56 81 a
1603 1223 111 81 filio:
1681 1223 178 81 consequentia
1826 1223 111 81 patet:
1904 1223 89 81 quia
1959 1223 134 81 vtrumque
2048 1223 56 81 di-

1172 1267 177 76 stinctorum
1312 1267 139 76 oportet
1413 1267 101 76 esse
1476 1267 101 76 ens.
1540 1267 89 76 cum
1590 1267 101 76 idem
1654 1267 76 76 et
1692 1267 177 76 distinctum
1831 1267 101 76 sint
1894 1267 165 76 passiones
2008 1267 89 76 enti:

1174 1313 67 76 vt
1207 1313 112 76 patet.
1286 1313 90 76 10eo
1342 1313 101 76 meta.
1409 1313 157 76 Antecedens
1532 1313 101 76 autem
1599 1313 101 76 probo
1666 1313 179 76 tripliciter.
1812 1313 101 76 Primo
1879 1313 90 76 sic.
1935 1313 67 76 si
1968 1313 134 76 spiritus
2058 1313 56 76 san

1163 1359 104 63 ctus
1228 1359 91 63 non
1280 1359 182 63 procederet
1423 1359 65 63 a
1449 1359 130 63 filio:
1540 1359 156 63 spiritus
1656 1359 117 63 secus
1734 1359 91 63 non
1786 1359 117 63 esset
1864 1359 156 63 spiritus
1981 1359 91 63 seu
2020 1359 91 63 donum

1161 1399 120 71 patris
1245 1399 72 71 et
1281 1399 120 71 filii.
1365 1399 72 71 Et
1401 1399 120 71 vltra.
1485 1399 96 71 ergo
1545 1399 144 71 spiritus
1654 1399 108 71 scuns
1726 1399 84 71 non
1774 1399 108 71 esset
1846 1399 144 71 spiritus
1954 1399 108 71 scus.
2026 1399 72 71 et
2050 1399 60 71 per

1165 1448 146 70 consequens
1280 1448 73 70 non
1321 1448 94 70 esset
1384 1448 125 70 persona.
1478 1448 167 70 consequentia
1614 1448 105 70 patet.
1687 1448 63 70 ex
1719 1448 63 70 eo
1750 1448 84 70 quod
1802 1448 125 70 spiritus
1896 1448 84 70 scus
1949 1448 73 70 non
1990 1448 73 70 est
2022 1448 73 70 donum

1162 1489 115 73 filii
1239 1489 90 73 seu
1290 1489 153 73 spiritus
1405 1489 115 73 filii
1482 1489 77 73 vt
1520 1489 115 73 dicit
1597 1489 179 73 apostolus:
1738 1489 102 73 nisi
1802 1489 102 73 quia
1866 1489 153 73 procedit
1981 1489 64 73 a
1993 1489 90 73 filio

1158 1528 86 74 nec
1207 1528 110 74 aliud
1280 1528 86 74 est
1329 1528 135 74 spectum
1427 1528 135 74 scentum
1525 1528 98 74 esse
1586 1528 122 74 filii:
1672 1528 98 74 quam
1733 1528 110 74 ipsum
1806 1528 98 74 esse
1868 1528 61 74 a
1892 1528 122 74 filio:
1978 1528 73 74 vt
2002 1528 86 74 dicit

1149 1570 135 77 magitur
1247 1570 74 77 in
1284 1570 110 77 ista.
1357 1570 135 77 dicens.
1455 1570 74 77 Si
1492 1570 98 77 ergo
1554 1570 86 77 non
1603 1570 172 77 procederet
1738 1570 61 77 a
1762 1570 123 77 filio:
1848 1570 86 77 non
1897 1570 110 77 esset
1958 1570 123 77 spiritus

1161 1614 109 76 filii
1233 1614 84 76 aut
1282 1614 121 76 donum:
1366 1614 72 76 et
1402 1614 84 76 per
1451 1614 169 76 consequens
1583 1614 84 76 non
1632 1614 109 76 esset
1704 1614 109 76 donum
1776 1614 121 76 patris
1861 1614 72 76 et
1897 1614 121 76 filii.
1981 1614 72 76 2a
2006 1614 72 76 vero

1163 1661 167 74 consequentia
1298 1661 136 74 probatur.
1402 1661 83 74 quia
1454 1661 73 74 hoc
1496 1661 73 74 est
1538 1661 83 74 esse
1590 1661 125 74 spiritum
1684 1661 125 74 scuendum
1778 1661 63 74 vt
1809 1661 115 74 sumitur
1892 1661 167 74 notionaliter
2017 1661 63 74 pro-

1157 1705 76 64 3a
1195 1705 76 64 in
1234 1705 165 64 trinitate
1361 1705 140 64 persona
1462 1705 140 64 tantum:
1564 1705 102 64 quod
1628 1705 89 64 est
1678 1705 102 64 esse
1742 1705 114 64 donum
1818 1705 127 64 patris
1907 1705 76 64 et
1945 1705 127 64 filii:
2021 1705 64 64 seu

1164 1747 148 66 specnteum
1277 1747 114 66 patris
1357 1747 68 66 et
1391 1747 114 66 filii.
1470 1747 91 66 vnde
1527 1747 91 66 Aug.
1584 1747 68 66 5.
1618 1747 68 66 de
1652 1747 91 66 tri.
1708 1747 91 66 ait.
1765 1747 91 66 Ille
1822 1747 136 66 spiritus
1924 1747 102 66 scuns
1992 1747 79 66 qui
2026 1747 57 66 non

1160 1788 154 74 trinitas:
1279 1788 83 74 sed
1326 1788 71 74 in
1362 1788 154 74 trinitate
1481 1788 190 74 intelligitur
1635 1788 71 74 in
1671 1788 71 74 eo
1706 1788 95 74 quod
1766 1788 131 74 proprie
1860 1788 71 74 id
1896 1788 83 74 est
1944 1788 83 74 non
1979 1788 107 74 communi

1158 1827 87 77 ter
1207 1827 136 77 dicitur
1306 1827 148 77 spiritus
1417 1827 111 77 secus
1491 1827 148 77 relatiue
1603 1827 148 77 dicitur:
1714 1827 87 77 cum
1764 1827 74 77 et
1801 1827 74 77 ad
1838 1827 124 77 patrem
1924 1827 74 77 et
1961 1827 74 77 ad
1986 1827 99 77 filium

1143 1867 153 85 refertur:
1261 1867 94 85 quia
1319 1867 141 85 spiritus
1425 1867 94 85 scus
1483 1867 70 85 et
1519 1867 117 85 patris
1601 1867 70 85 et
1636 1867 106 85 filii
1706 1867 141 85 spiritus
1812 1867 94 85 est:
1871 1867 82 85 sed
1918 1867 94 85 ipsa
1964 1867 106 85 relatio

1144 1917 102 66 non
1203 1917 160 66 apparet
1319 1917 87 66 in
1362 1917 102 66 hoc
1420 1917 160 66 nomine.
1536 1917 160 66 apparet
1652 1917 131 66 autem
1739 1917 102 66 cum
1797 1917 160 66 dicitur
1913 1917 131 66 donum
1986 1917 87 66 dei:

1145 1963 121 77 donum
1225 1963 107 77 enim
1292 1963 94 77 est
1346 1963 134 77 patris
1440 1963 80 77 et
1480 1963 134 77 filii.
1574 1963 80 77 Et
1614 1963 121 77 infra
1694 1963 201 77 concludendo
1855 1963 94 77 sic
1909 1963 134 77 dicit.
1990 1963 80 77 ergo

1151 1999 157 85 spiritus
1269 1999 118 85 secus
1347 1999 196 85 ineffabilis
1504 1999 92 85 est
1556 1999 131 85 quedam
1648 1999 131 85 patris
1739 1999 157 85 filumque
1857 1999 170 85 communio.
1987 1999 65 85 ⁋
2001 1999 78 85 Item

1147 2045 127 79 libro.
1236 2045 89 79 15.
1287 2045 101 79 ait.
1350 2045 152 79 spiritus
1464 2045 114 79 secus
1540 2045 152 79 secundum
1654 2045 177 79 scripturas
1794 2045 139 79 sanctas
1895 2045 89 79 nec
1946 2045 127 79 patris
2022 2045 63 79 est

1150 2088 139 80 solius
1247 2088 97 80 nec
1303 2088 125 80 filii
1386 2088 153 80 solius:
1497 2088 97 80 sed
1553 2088 167 80 amborum.
1678 2088 83 80 et
1719 2088 111 80 ideo
1789 2088 167 80 communem
1913 2088 97 80 qua
1955 2088 125 80 inuicem

1142 2133 90 79 se
1187 2133 180 79 diligunt
1322 2133 135 79 pater
1413 2133 90 79 et
1458 2133 150 79 filius
1563 2133 135 79 nobis
1653 2133 180 79 insinuat
1788 2133 225 79 charitatem.
1969 2133 90 79 Et
1999 2133 75 79 in-

1155 2172 84 85 fra
1203 2172 108 85 dicit
1275 2172 96 85 quod
1335 2172 108 85 pater
1407 2172 84 85 sic
1455 2172 120 85 filium
1539 2172 132 85 genuit:
1636 2172 72 85 vt
1672 2172 120 85 etiatm
1756 2172 72 85 de
1792 2172 96 85 illo
1852 2172 108 85 donum
1924 2172 132 85 commune
2008 2172 72 85 pro-

1140 2228 154 71 cederet
1252 2228 84 71 vt
1294 2228 140 71 spitus
1393 2228 112 71 scus
1463 2228 168 71 spiritus
1589 2228 126 71 esset
1673 2228 168 71 amborum.
1799 2228 112 71 vnde
1870 2228 126 71 sicut
1954 2228 154 71 filius:

1136 2266 106 68 ideo
1202 2266 92 68 est
1255 2266 145 68 verbum:
1360 2266 106 68 quia
1426 2266 145 68 filius:
1532 2266 79 68 et
1571 2266 106 68 ideo
1637 2266 145 68 filius:
1743 2266 106 68 quia
1809 2266 66 68 a
1835 2266 119 68 patre
1915 2266 158 68 genitus:
2020 2266 53 68 et

1145 2312 86 67 per
1194 2312 171 67 consequens
1328 2312 73 67 si
1365 2312 86 67 non
1414 2312 110 67 esset
1487 2312 61 67 a
1512 2312 110 67 patre
1585 2312 135 67 genitus
1683 2312 86 67 non
1732 2312 110 67 esset
1805 2312 122 67 filius
1891 2312 110 67 neque
1952 2312 110 67 verbum:

1137 2356 84 65 sic
1185 2356 107 65 spius
1256 2356 107 65 secus
1328 2356 95 65 ideo
1388 2356 84 65 est
1435 2356 143 65 spiritus
1543 2356 119 65 scuns:
1626 2356 95 65 quia
1686 2356 107 65 donum
1758 2356 119 65 patris
1841 2356 72 65 et
1877 2356 119 65 filii.
1961 2356 72 65 Et
1984 2356 72 65 ideo

1135 2393 120 73 donum
1215 2393 161 73 amborum:
1335 2393 107 73 quia
1402 2393 80 73 ab
1442 2393 147 73 vtroque
1549 2393 161 73 procedit
1670 2393 80 73 et
1710 2393 94 73 est
1763 2393 174 73 vtriusque
1884 2393 187 73 ineffabilius

1145 2435 136 79 quaedam
1244 2435 161 79 communio:
1368 2435 74 79 vt
1405 2435 111 79 dicit
1479 2435 87 79 Aug
1529 2435 136 79 propter
1628 2435 99 79 quod
1689 2435 74 79 si
1727 2435 87 79 non
1776 2435 173 79 procederet
1912 2435 74 79 ab
1937 2435 124 79 vtroque:

1149 2484 99 71 esto
1210 2484 99 71 quod
1272 2484 123 71 tantum
1358 2484 111 71 alter
1433 2484 136 71 illorum
1531 2484 185 71 produceret:
1679 2484 136 71 persona
1778 2484 148 71 producta
1889 2484 86 71 non
1939 2484 111 71 esset
2000 2484 62 71 il-

1146 2523 72 75 le
1182 2523 96 75 spis
1242 2523 108 75 scuns
1315 2523 84 75 qui
1363 2523 96 75 nunc
1423 2523 96 75 est:
1483 2523 96 75 quia
1544 2523 84 75 non
1592 2523 108 75 esset
1664 2523 145 75 communio
1773 2523 121 75 patris
1857 2523 72 75 et
1893 2523 108 75 filii
1966 2523 72 75 et
1990 2523 72 75 cha-

1145 2571 130 75 ritas:
1236 2571 91 75 qua
1288 2571 104 75 ambo
1353 2571 78 75 se
1392 2571 182 75 communiter
1535 2571 156 75 diligunt
1653 2571 91 75 nec
1705 2571 143 75 commune
1809 2571 117 75 donum
1887 2571 78 75 vt
1926 2571 104 75 iste
1978 2571 78 75 est.

1143 2617 55 68 ⁋
1165 2617 67 68 2o
1198 2617 89 68 sic.
1254 2617 111 68 filius
1332 2617 78 68 est
1376 2617 78 68 per
1420 2617 67 68 se
1454 2617 155 68 principium
1576 2617 133 68 spiritus
1676 2617 111 68 scint.
1753 2617 89 68 ergo
1809 2617 67 68 si
1842 2617 111 68 filius
1920 2617 78 68 non
1953 2617 111 68 produce-

1137 2662 75 66 ret
1180 2662 129 66 spiectum
1277 2662 129 66 scantum:
1374 2662 129 66 spiritus
1470 2662 118 66 sanctus
1556 2662 64 66 no
1588 2662 183 66 produceretur:
1739 2662 64 66 et
1771 2662 75 66 per
1814 2662 150 66 consequens
1932 2662 75 66 non
1964 2662 86 66 esset:

1138 2701 92 77 cum
1190 2701 105 77 ipse
1256 2701 184 77 procedendo
1401 2701 131 77 habeat
1493 2701 92 77 non
1545 2701 118 77 solum
1624 2701 79 77 vt
1664 2701 92 77 sit
1716 2701 131 77 donum:
1808 2701 92 77 sed
1861 2701 131 77 omnino
1953 2701 79 77 vt
1979 2701 79 77 sit.

1133 2747 69 65 vt
1168 2747 104 65 dicit
1237 2747 92 65 Aug.
1295 2747 69 65 5.
1330 2747 69 65 de
1364 2747 92 65 tri.
1422 2747 162 65 antecedens
1549 2747 139 65 estnotum
1653 2747 81 65 per
1699 2747 104 65 fidem
1768 2747 139 65 scilicet
1872 2747 92 65 quod
1930 2747 115 65 filius
1999 2747 58 65 sit

1139 2786 137 78 principium
1247 2786 118 78 spiritus
1335 2786 108 78 sancti:
1414 2786 59 78 et
1443 2786 108 78 constat
1522 2786 79 78 quod
1571 2786 69 78 non
1610 2786 69 78 per
1650 2786 128 78 accidens.
1748 2786 157 78 consequentia
1875 2786 98 78 patet.
1944 2786 108 78 quoniam
2013 2786 39 78 si

1126 2834 137 70 aliquid
1225 2834 87 70 sit
1275 2834 112 70 causa
1350 2834 87 70 per
1399 2834 75 70 se
1437 2834 149 70 alicuius
1549 2834 149 70 effectus
1661 2834 125 70 posito
1748 2834 100 70 quod
1810 2834 100 70 illa
1873 2834 112 70 causa
1947 2834 87 70 non
1985 2834 62 70 sit

1130 2882 92 63 aut
1182 2882 92 63 non
1235 2882 92 63 sit
1287 2882 118 63 causa
1366 2882 144 63 illius:
1471 2882 105 63 ille
1536 2882 157 63 effectus
1655 2882 92 63 non
1707 2882 157 63 ponetur:
1825 2882 105 63 nisi
1877 2882 171 63 suppleretur

1129 2916 105 72 eius
1194 2916 184 72 causalitas
1339 2916 92 72 per
1391 2916 144 72 aliquid
1496 2916 105 72 quod
1562 2916 118 72 prius
1640 2916 92 72 non
1693 2916 171 72 causabat:
1824 2916 92 72 aut
1877 2916 105 72 quod
1929 2916 105 72 aliter

1125 2961 100 73 vel
1182 2961 157 73 amplius
1296 2961 171 73 causaret
1425 2961 114 73 quod
1496 2961 171 73 causabat
1625 2961 143 73 prius:
1725 2961 100 73 cum
1782 2961 129 73 aliud
1868 2961 114 73 quod
1939 2961 129 73 remo¬

1121 3007 107 79 tum
1182 3007 107 79 est
1243 3007 199 79 causabat.
1396 3007 76 79 ⁋
1426 3007 122 79 Idem
1503 3007 183 79 iudicium
1640 3007 107 79 est
1701 3007 92 79 de
1747 3007 183 79 quolibet
1869 3007 168 79 principio

1116 3056 189 75 productiuo
1265 3056 162 75 respectu
1387 3056 108 75 eius
1455 3056 122 75 cuius
1536 3056 95 75 est
1590 3056 95 75 per
1644 3056 81 75 se
1684 3056 203 75 principium:
1847 3056 95 75 sed
1901 3056 81 75 si
1928 3056 108 75 filius
