2469 3540
383 256 102 53 non
442 256 204 53 produceret
602 256 146 53 nullum
704 256 131 53 alium
791 256 218 53 productiuum
966 256 175 53 supplere
1097 256 146 53 posset
1184 256 117 53 produ-

384 303 203 54 ctiuitatem
543 303 130 54 eius:
629 303 101 54 nec
687 303 116 54 ipse
760 303 130 54 pater
847 303 116 54 nunc
919 303 188 54 producens
1064 303 116 54 plus
1136 303 101 54 aut
1179 303 116 54 aliter

385 340 155 62 producere
504 340 131 62 posset:
599 340 95 62 quam
659 340 107 62 nunc:
730 340 71 62 et
766 340 83 62 per
814 340 167 62 consequens
945 340 95 62 ipse
1004 340 143 62 supplere
1111 340 83 62 non
1159 340 119 62 posset
1231 340 71 62 pro-

380 381 208 57 ductiuitatem
549 381 117 57 filii
627 381 156 57 respectu
744 381 156 57 spiritus
862 381 130 57 sctin.
953 381 78 57 Ex
992 381 91 57 quo
1044 381 156 57 sequitur
1161 381 104 57 quod
1213 381 78 57 spis

382 426 117 55 scuns
460 426 91 55 non
512 426 220 55 produceretur.
693 426 91 55 Nec
745 426 155 55 interest
861 426 117 55 vtrum
939 426 181 55 principium
1082 426 91 55 per
1134 426 78 55 se
1172 426 91 55 sit
1211 426 78 55 tota

381 471 84 56 le
423 471 98 56 vel
479 471 183 56 partiale:
620 471 155 56 dummodo
733 471 113 56 ipso
803 471 155 56 sublato
915 471 98 56 vel
972 471 98 56 non
1028 471 225 56 principiante
1197 471 98 56 nihil

376 516 189 54 suppleat
518 516 142 54 vicem
612 516 142 54 eius.
706 516 79 54 ⁋
738 516 94 54 3o
785 516 94 54 si
832 516 157 54 aliqua
942 516 189 54 creatura
1084 516 110 54 non
1131 516 173 54 producere

386 559 83 55 tur
433 559 59 55 a
457 559 118 55 filio:
540 559 95 55 ipsa
599 559 83 55 non
646 559 189 55 produceretur
800 559 59 55 a
823 559 118 55 patre.
906 559 95 55 ergo
965 559 71 55 si
1000 559 142 55 spiritus
1107 559 106 55 scuns
1178 559 83 55 non
1213 559 71 55 pro-

378 603 148 51 duceretur
491 603 57 51 a
514 603 114 51 filio:
594 603 91 51 ipse
650 603 80 51 non
696 603 182 51 produceretur
844 603 57 51 a
866 603 114 51 patre.
946 603 182 51 consequentia
1093 603 91 51 nota
1150 603 91 51 est:
1196 603 102 51 quoniam

375 643 87 56 non
424 643 112 56 minus
499 643 236 56 inseperabiliter
698 643 112 56 pater
773 643 75 56 et
810 643 124 56 filius
897 643 162 56 producunt
1021 643 149 56 spiectum
1133 643 137 56 scentum
1220 643 75 56 quam

378 687 172 64 producant
510 687 185 64 creaturas.
655 687 185 64 Antecedens
800 687 119 64 autem
880 687 119 64 patet
959 687 92 64 per
1012 687 132 64 verbum
1104 687 185 64 saluatoris
1236 687 66 64 Io.

385 727 174 61 dicentis.
518 727 94 61 non
572 727 134 61 potest
666 727 134 61 filius
759 727 67 61 a
786 727 80 61 se
826 727 134 61 facere
920 727 174 61 quicquam:
1054 727 107 61 nisi
1121 727 107 61 quod
1175 727 120 61 viderit

377 774 118 66 patrem
460 774 165 66 facientem.
590 774 153 66 Quecumque
708 774 94 66 enim
767 774 94 66 ille
826 774 142 66 fecerit:
932 774 83 66 hec
979 774 71 66 et
1015 774 118 66 filius
1097 774 153 66 similiter
1204 774 94 66 facit.

391 817 70 60 ⁋
419 817 84 60 Ex
461 817 140 60 quibus
560 817 140 60 verbis
658 817 183 60 concludit
798 817 112 60 Aug.
869 817 84 60 2.
911 817 84 60 de
953 817 112 60 tri.
1023 817 140 60 omnino
1107 817 183 60 inseperabi-

393 861 75 60 em
430 861 100 60 esse
492 861 187 60 operationem
642 861 174 60 trinitatis
779 861 75 60 ad
816 861 125 60 extra:
903 861 75 60 et
940 861 100 60 quod
1003 861 187 60 impossibile
1152 861 87 60 est
1189 861 100 60 patrem

375 912 138 52 quicquam
479 912 115 52 facere
560 912 92 52 quin
618 912 104 52 illud
687 912 92 52 idem
744 912 69 52 et
779 912 150 52 similiter
894 912 115 52 filius
975 912 115 52 faciat
1055 912 69 52 et
1090 912 150 52 econverso
1205 912 69 52 et
1228 912 58 52 per

382 948 147 54 consequens
498 948 95 54 patet
562 948 84 54 hanc
614 948 179 54 consequentiam
762 948 84 54 esse
814 948 169 54 necessariam.
951 948 63 54 si
983 948 74 54 hoc
1025 948 105 54 filius
1099 948 74 54 non
1141 948 105 54 facit:
1215 948 74 54 hoc
1246 948 53 54 non

376 993 102 58 facit
444 993 114 58 pater:
524 993 68 58 et
558 993 80 58 per
603 993 159 58 consequens
729 993 182 58 consequentia
877 993 91 58 alia
934 993 80 58 que
979 993 68 58 ad
1013 993 102 58 ipsam
1082 993 137 58 sequitur
1184 993 80 58 est
1218 993 80 58 etiam

376 1044 166 48 necessaria.
509 1044 110 48 valet.
586 1044 66 48 si
619 1044 133 48 spiritus
718 1044 99 48 scuns
785 1044 77 48 non
829 1044 133 48 procedit
928 1044 55 48 a
950 1044 99 48 filio
1017 1044 88 48 etc.
1072 1044 55 48 ⁋
1094 1044 66 48 Ex
1127 1044 77 48 his
1171 1044 99 48 patet
1227 1044 66 48 quod

381 1087 148 53 rationes
492 1087 99 53 quas
554 1087 111 53 facit
628 1087 99 53 doc.
690 1087 99 53 ille
751 1087 87 53 qui
801 1087 111 53 dicit
875 1087 99 53 quod
937 1087 99 53 esto
999 1087 99 53 quod
1061 1087 148 53 spiritus
1172 1087 99 53 scus
1221 1087 62 53 non

374 1123 200 60 procederet
531 1123 71 60 a
559 1123 143 60 filio:
659 1123 128 60 adhuc
745 1123 257 60 distingueretur
959 1123 86 60 ab
1002 1123 100 60 eo.
1059 1123 100 60 non
1116 1123 114 60 sunt
1173 1123 114 60 effica

368 1168 94 52 ces:
427 1168 82 52 pro
474 1168 70 52 eo
509 1168 94 52 quod
568 1168 153 52 supponunt
685 1168 117 52 quod.s
767 1168 141 52 scilicet
873 1168 106 52 esset
943 1168 94 52 data
1002 1168 141 52 ypothesi
1107 1168 106 52 illa:
1178 1168 94 52 quod
1225 1168 70 52 fal-

367 1214 83 49 sum
415 1214 95 49 est.
474 1214 59 49 ⁋
498 1214 83 49 Sed
545 1214 154 49 supposito
664 1214 95 49 quod
723 1214 142 49 spiritus
830 1214 107 49 secus
901 1214 107 49 esset
973 1214 71 49 et
1008 1214 154 49 similiter
1127 1214 119 49 filius
1198 1214 95 49 esset.

374 1262 78 43 et
413 1262 117 43 tamen
491 1262 157 43 spiritus
609 1262 104 43 scus
674 1262 91 43 non
726 1262 183 43 procederet
870 1262 65 43 a
896 1262 130 43 filio:
987 1262 143 43 nunquid
1078 1262 209 43 distingueretur

372 1297 76 54 ab
410 1297 114 54 illo.
487 1297 152 54 Rsponsio
601 1297 102 54 quod
664 1297 102 54 ista
728 1297 152 54 suppoito
842 1297 152 54 includit
957 1297 241 54 contradictoria.
1160 1297 89 54 Nam
1198 1297 89 54 ponit

372 1337 141 54 spiectum
478 1337 141 54 scuentum
584 1337 106 54 esse.
655 1337 71 54 Et
690 1337 94 54 quia
749 1337 82 54 cum
796 1337 82 54 hoc
843 1337 106 54 etiam
913 1337 106 54 ponit
984 1337 106 54 ipsum
1055 1337 82 54 non
1102 1337 153 54 procedere
1219 1337 59 54 a
1231 1337 59 54 fi-

377 1384 97 54 lio:
438 1384 109 54 simul
510 1384 109 54 ponit
583 1384 109 54 donum
656 1384 121 54 patris
741 1384 73 54 et
777 1384 109 54 filii
850 1384 85 54 non
899 1384 109 54 esse.
971 1384 73 54 et
1008 1384 85 54 per
1056 1384 170 54 consequens
1190 1384 85 54 cum
1226 1384 61 54 spi

374 1427 109 55 ritus
447 1427 109 55 scuns
519 1427 85 55 non
568 1427 85 55 sit
617 1427 97 55 nisi
677 1427 109 55 donum
750 1427 121 55 patris
835 1427 73 55 et
871 1427 121 55 filii:
956 1427 109 55 ponit
1029 1427 133 55 spectum
1126 1427 158 55 scuentdum
1235 1427 61 55 non

373 1474 117 51 esse.
451 1474 143 51 propter
555 1474 104 51 quod
620 1474 78 51 ex
659 1474 104 51 ista
724 1474 156 51 ypothesi
841 1474 182 51 includente
984 1474 247 51 contradictoria:
1179 1474 117 51 sequun-

369 1513 86 50 tur
418 1513 234 50 contradictoria.
615 1513 123 50 valet.
701 1513 99 50 quod
763 1513 222 50 distingueretur
948 1513 74 50 et
985 1513 86 50 non
1034 1513 222 50 distingueretur
1219 1513 62 50 a
1231 1513 62 50 fi-

361 1561 109 53 lio.
430 1561 246 53 Distingueretur
634 1561 150 53 quidem:
743 1561 109 53 quia
812 1561 150 53 vterque
921 1561 136 53 esset.
1016 1561 82 53 et
1057 1561 150 53 vterque
1166 1561 82 53 ab
1194 1561 95 53 alte-

365 1602 82 56 ro
406 1602 137 56 seipso
502 1602 219 56 distinguitu:
681 1602 82 56 vt
722 1602 137 56 dictum
818 1602 96 56 est
873 1602 82 56 in
914 1602 123 56 primo
996 1602 178 56 articulo.
1133 1602 96 56 non
1175 1602 123 56 distin-

374 1644 138 63 gueretur
478 1644 115 63 autem:
559 1644 127 63 quoniam
651 1644 138 63 spiritus
755 1644 92 63 scus
812 1644 81 63 non
858 1644 115 63 esset.
939 1644 69 63 Et
973 1644 81 63 est
1020 1644 104 63 talis
1089 1644 92 63 ista
1146 1644 150 63 suppoitio
1250 1644 46 63 et

384 1696 136 48 questio
483 1696 112 48 sicut
557 1696 74 48 si
594 1696 161 48 diceretur
718 1696 161 48 supposito
843 1696 99 48 quod
905 1696 124 48 filius
991 1696 124 48 esset:
1078 1696 74 48 et
1115 1696 112 48 esset
1190 1696 74 48 in
1215 1696 74 48 pro-

373 1739 129 48 ductus
463 1739 142 48 nunquid
567 1739 232 48 distingueretur
760 1739 65 48 a
786 1739 129 48 patre:
876 1739 77 48 ad
915 1739 103 48 quod
979 1739 155 48 dicendum
1096 1739 90 48 est
1147 1739 103 48 quod
1199 1739 90 48 dicir

379 1774 202 53 stingueretur
544 1774 76 53 et
582 1774 89 53 non
632 1774 240 53 distingueretur.
835 1774 202 53 distingueret
999 1774 139 53 quidem:
1100 1774 101 53 quia
1151 1774 139 53 quaelibet

370 1827 147 48 persona
476 1827 213 48 distinguitur
650 1827 133 48 seipsa
743 1827 80 48 ab
783 1827 107 48 alia
850 1827 160 48 persona.
970 1827 80 48 Et
1010 1827 107 48 ideo
1077 1827 80 48 si
1117 1827 120 48 esset
1183 1827 107 48 perso-

374 1863 78 51 na
413 1863 118 51 filii
492 1863 92 51 que
544 1863 105 51 nunc
609 1863 105 51 est:
675 1863 78 51 et
714 1863 144 51 persona
818 1863 131 51 patris
910 1863 92 51 est
962 1863 131 51 esset:
1054 1863 92 51 vna
1106 1863 118 51 esset
1184 1863 78 51 ab
1211 1863 78 51 alia

374 1906 182 53 distincta.
517 1906 91 53 Non
569 1906 234 53 distingueretur
764 1906 130 53 autem:
855 1906 104 53 quia
920 1906 130 53 filius
1011 1906 91 53 non
1063 1906 117 53 esset
1141 1906 143 53 filius.
1232 1906 65 53 Nam

367 1950 107 53 ideo
434 1950 148 53 filius:
541 1950 107 53 quia
608 1950 161 53 genitus:
729 1950 80 53 vt
769 1950 121 53 dicit
849 1950 107 53 Aug.
916 1950 80 53 7.
957 1950 80 53 de
997 1950 107 53 tri.
1064 1950 80 53 Et
1104 1950 80 53 si
1144 1950 134 53 filius
1225 1950 67 53 non

375 1993 114 52 esset
451 1993 140 52 filius:
553 1993 127 52 filius
642 1993 89 52 non
693 1993 127 52 esset:
781 1993 102 52 quia
845 1993 89 52 non
896 1993 89 52 est
946 1993 178 52 estimandum
1086 1993 102 52 quod
1149 1993 127 52 filius
1226 1993 63 52 dei

366 2043 91 49 esto
422 2043 91 49 quod
479 2043 79 49 non
524 2043 102 49 esset
592 2043 125 49 filius:
683 2043 113 49 posset
762 2043 102 49 esse:
830 2043 102 49 sicut
899 2043 68 49 in
933 2043 136 49 homnibus
1035 2043 91 49 homo
1091 2043 113 49 filius
1171 2043 91 49 esto
1216 2043 68 49 quod

379 2080 145 57 hesinat
484 2080 105 57 esse
550 2080 145 57 filius:
655 2080 92 57 non
708 2080 92 57 est
761 2080 118 57 tamen
840 2080 145 57 necesse
945 2080 79 57 vt
984 2080 118 57 simul
1063 2080 145 57 desinat
1169 2080 105 57 esse
1221 2080 66 57 aut

370 2122 140 50 hominem
472 2122 115 50 esse.
549 2122 89 50 Nam
599 2122 127 50 filius
689 2122 89 50 dei
740 2122 89 50 non
790 2122 89 50 est
841 2122 229 50 accidentaliter
1032 2122 89 50 vel
1083 2122 191 50 mutabiliter
1223 2122 64 50 fi-

375 2168 109 48 lius:
447 2168 109 48 neque
520 2168 121 48 potest
604 2168 84 48 non
652 2168 97 48 esse
713 2168 84 48 aut
761 2168 157 48 intelligi
882 2168 84 48 non
930 2168 97 48 esse
990 2168 133 48 filius.
1087 2168 72 48 Si
1123 2168 97 48 ergo
1183 2168 72 48 et
1208 2168 72 48 fili

370 2208 76 53 et
408 2208 115 53 pater
485 2208 140 53 essent:
587 2208 76 53 et
625 2208 127 53 filius
714 2208 89 53 non
765 2208 115 53 esset
841 2208 178 53 productus.
981 2208 153 53 sequitur
1095 2208 102 53 quod
1159 2208 127 53 filius
1235 2208 64 53 di-

373 2252 228 48 stingueretur
558 2252 85 48 et
601 2252 100 48 non
657 2252 256 48 distingueretur
871 2252 71 48 a
899 2252 142 48 patre.
999 2252 199 48 Sequeretur
1156 2252 128 48 autem
1227 2252 71 48 hec

381 2299 199 55 contradictio:
545 2299 94 55 quia
604 2299 164 55 antecedens
733 2299 141 55 includit
838 2299 223 55 contradictoria.
1026 2299 59 55 ⁋
1049 2299 70 55 Ad
1084 2299 152 55 argumenta
1190 2299 105 55 princi-

380 2345 110 49 palia
453 2345 147 49 dicendum
563 2345 98 49 quod
624 2345 122 49 primum
710 2345 171 49 argumentum
844 2345 110 49 verum
917 2345 171 49 concludit:
1052 2345 73 49 et
1088 2345 98 49 ideo
1137 2345 147 49 consequens

375 2385 82 51 est
422 2385 188 51 concedendum.
575 2385 59 51 ⁋
599 2385 71 51 Ad
634 2385 165 51 argumentum
764 2385 71 51 in
799 2385 141 51 opositum
905 2385 129 51 neganda
999 2385 82 51 est
1046 2385 200 51 consequentia.
1211 2385 71 51 Et
1246 2385 71 51 ad

381 2430 213 52 probationem
551 2430 170 52 dicendum
679 2430 114 52 quod
750 2430 99 52 non
807 2430 170 52 sufficit
935 2430 85 52 ad
977 2430 242 52 distinctionem
1176 2430 128 52 filii
1247 2430 43 52 a

369 2474 98 45 spum
430 2474 110 45 scono
503 2474 98 45 ipsa
564 2474 159 45 filiatio:
687 2474 98 45 nisi
748 2474 110 45 etiam
821 2474 86 45 sit
870 2474 98 45 ipse
931 2474 122 45 spitus
1017 2474 110 45 secus
1090 2474 61 45 a
1115 2474 86 45 quo
1164 2474 122 45 filius
1237 2474 49 45 di

378 2517 184 48 stinguitur.
525 2517 74 48 Si
562 2517 110 48 autem
635 2517 147 48 spiritus
746 2517 98 48 scus
807 2517 86 48 non
856 2517 172 48 procederet
991 2517 61 48 a
1016 2517 123 48 filio:
1102 2517 98 48 ipse
1163 2517 86 48 non
1200 2517 98 48 esset.

377 2559 72 54 vt
413 2559 84 54 iam
461 2559 120 54 dictum
545 2559 96 54 est:
605 2559 108 54 quare
677 2559 84 54 non
725 2559 216 54 distingueretur
905 2559 60 54 a
929 2559 120 54 filio:
1013 2559 84 54 nec
1049 2559 120 54 econvers

407 2586 140 66 ⁋
463 2586 503 66 Distinctionis.
882 2586 196 66 II.
994 2586 335 66 Questio.
1217 2586 84 66 I

604 2642 191 99 Uantum
738 2642 115 99 ad
795 2642 268 99 duodecimam
987 2642 306 99 distinctionem.

883 2686 134 60 Quero
972 2686 134 60 vtrum
1062 2686 134 60 pater
1151 2686 89 60 et
1181 2686 119 60 filius

625 2729 86 53 sint
679 2729 86 53 vnum
733 2729 151 53 principium
851 2729 118 53 spirans
938 2729 129 53 spiectum
1035 2729 140 53 scuentum.
1142 2729 54 53 ⁋
1164 2729 65 53 Et
1185 2729 108 53 arguitur

617 2778 108 55 quod
685 2778 95 55 non
739 2778 108 55 sic.
807 2778 122 55 pater
888 2778 81 55 et
929 2778 136 55 filius
1024 2778 95 55 non
1078 2778 108 55 sunt
1146 2778 108 55 vnus
1200 2778 95 55 spira

624 2821 81 45 tor.
674 2821 50 45 s
695 2821 111 45 scilice
775 2821 81 45 ergo
826 2821 91 45 pater
886 2821 61 45 et
917 2821 101 45 filius
987 2821 71 45 non
1028 2821 81 45 sunt
1078 2821 81 45 vnum
1129 2821 141 45 principium
1229 2821 61 45 spec

590 2864 55 53 a
612 2864 88 53 rans
667 2864 132 53 spiectum
766 2864 132 53 scuntum.
865 2864 154 53 Antecedens
986 2864 99 53 patet
1052 2864 77 53 per
1096 2864 99 53 hyla.
1162 2864 66 53 2o
1195 2864 66 53 de
1217 2864 77 53 tri.-

377 2915 93 48 vbi
430 2915 106 48 ait.
496 2915 106 48 quod
563 2915 159 48 spiritus
682 2915 120 48 secus
762 2915 66 48 a
788 2915 120 48 patre
868 2915 80 48 et
908 2915 120 48 filio
988 2915 186 48 auctoribus
1120 2915 173 48 confitendus

382 2949 91 55 est.
438 2949 102 55 pater
507 2949 91 55 ergo
563 2949 68 55 et
597 2949 114 55 filius
677 2949 91 55 sunt
734 2949 136 55 auctores
836 2949 68 55 .s
870 2949 136 55 scilicet
972 2949 79 55 seu
1017 2949 170 55 spiratores:
1154 2949 68 55 et
1188 2949 79 55 non
1222 2949 68 55 sunt

377 2995 117 53 auctor
459 2995 82 53 seu
506 2995 152 53 spirator.
624 2995 188 53 consequentia
776 2995 117 53 patet.
858 2995 94 53 quia
917 2995 82 53 hoc
964 2995 82 53 est
1011 2995 94 53 esse
1069 2995 164 53 principium
1186 2995 106 53 spirans

370 3040 147 70 spectum
477 3040 147 70 sanctum
583 3040 107 70 quod
650 3040 107 70 esse
717 3040 187 70 spiratorem
864 3040 160 70 spiritus
971 3040 120 70 sancti.

1315 236 105 106 Ad
1368 236 228 106 oppositum
1543 236 158 106 piter
1648 236 105 106 et
1701 236 175 106 filius
1824 236 140 106 sunt
1911 236 140 106 vnus
1999 236 193 106 creator
2139 236 105 106 et
2174 236 105 106 vnum

1706 287 157 51 principium
1829 287 146 51 producens
1942 287 157 51 creaturas.
2066 287 90 51 ergo
2122 287 101 51 pater
2189 287 67 51 et
2212 287 56 51 fi-

1339 324 96 64 lius
1399 324 96 64 sunt
1459 324 96 64 vnus
1518 324 144 64 spirator
1626 324 72 64 et
1662 324 96 64 vnum
1722 324 167 64 principium
1853 324 132 64 spirans
1949 324 132 64 spectum
2045 324 132 64 sanctu.
2128 324 144 64 Antecedens

1342 373 107 58 notum
1413 373 83 58 est
1461 373 83 58 per
1508 373 95 58 Aug.
1567 373 71 58 5.
1603 373 71 58 de
1639 373 95 58 tri.
1698 373 71 58 Et
1733 373 190 58 consequentia
1888 373 154 58 probatur.
2006 373 130 58 quoniam
2101 373 83 58 non
2149 373 107 58 magis
2208 373 71 58 ipsi

1351 412 158 61 vniuntur
1469 412 79 61 in
1509 412 198 61 productione
1667 412 171 61 creature:
1799 412 105 61 quam
1865 412 79 61 in
1904 412 198 61 productione
2062 412 158 61 spiritus
2168 412 105 61 sancti

1329 463 147 83 snndeo
1432 463 162 83 quamuis
1550 463 88 83 de
1594 463 132 83 ista.
1682 463 132 83 pater
1770 463 88 83 et
1814 463 147 83 silius
1917 463 118 83 sunt
1991 463 118 83 vnus
2064 463 176 83 spirator
2182 463 88 83 sint

1534 503 132 59 diuerse
1630 503 156 59 opiniones
1751 503 96 59 doc.
1811 503 84 59 hec
1859 503 120 59 tamen.
1943 503 108 59 pater
2015 503 72 59 et
2051 503 120 59 filius
2136 503 96 59 sunt
2184 503 72 59 vnum

1354 548 151 48 principium
1473 548 118 48 spirans
1559 548 118 48 spectum
1645 548 140 48 scuentum.
1752 548 151 48 communiter
1870 548 161 48 conceditur.
1999 548 86 48 vnde
2053 548 86 48 Aug.
2107 548 65 48 5.
2139 548 65 48 de
2171 548 86 48 tri.
2214 548 65 48 ait.

1341 597 124 49 atendum
1431 597 79 49 est
1476 597 113 49 patrem
1555 597 68 49 et
1589 597 113 49 filium
1669 597 158 49 principium
1793 597 90 49 esse
1849 597 113 49 spitus
1929 597 124 49 scient:
2019 597 79 49 non
2064 597 79 49 duo
2109 597 158 49 principio:
2222 597 57 49 sed

1338 638 125 54 sicut
1421 638 125 54 pater
1504 638 83 54 et
1546 638 139 54 filius
1643 638 111 54 vnus
1712 638 111 54 deus
1781 638 83 54 et
1823 638 83 54 ad
1864 638 180 54 creaturam
2003 638 166 54 relatiue
2128 638 111 54 vnus
2197 638 111 54 crea

1352 673 83 56 tor
1400 673 71 56 et
1435 673 95 56 vnus
1495 673 143 56 dominus.
1602 673 83 56 sic
1649 673 143 56 relatiue
1756 673 71 56 ad
1792 673 131 56 spectum
1887 673 131 56 scentum
1982 673 95 56 vnum
2041 673 178 56 principium.
2172 673 107 56 Constat

1345 716 98 69 ergo
1406 716 74 69 ex
1443 716 86 69 his
1492 716 184 69 concedendum
1640 716 98 69 esse
1701 716 98 69 quod
1763 716 111 69 pater
1836 716 74 69 et
1873 716 123 69 filius
1959 716 98 69 sunt
2021 716 98 69 vnum
2082 716 172 69 principium
2205 716 74 69 spi-

1339 766 104 57 rans
1404 766 78 57 et
1443 766 91 57 non
1494 766 91 57 duo
1546 766 194 57 spirantia.s
1701 766 142 57 cilise.
1805 766 91 57 Sed
1857 766 116 57 vtrum
1934 766 116 57 illud
2012 766 91 57 sit
2064 766 142 57 proprie
2154 766 104 57 dictum

1351 813 78 49 et
1390 813 78 49 de
1429 813 143 49 virtute
1533 813 156 49 sermonis
1650 813 208 49 concedendum:
1819 813 130 49 dubium
1910 813 104 49 est.
1975 813 143 49 Quoniam
2079 813 182 49 principium
2209 813 52 49 in

1351 853 187 58 praedicato
1498 853 94 58 vel
1551 853 160 58 supponit
1671 853 94 58 pro
1725 853 160 58 essentia
1845 853 160 58 communi:
1966 853 94 58 vel
2019 853 94 58 pro
2072 853 147 58 persona
2166 853 107 58 aliqua

1351 895 204 61 determinate:
1517 895 89 61 vel
1568 895 89 61 pro
1619 895 128 61 aliqua
1709 895 166 61 notitione
1837 895 141 61 communi
1939 895 115 61 patri
2016 895 77 61 et
2054 895 128 61 filio.
2143 895 141 61 vltimum
2233 895 38 61 a

1349 937 132 54 nemine
1441 937 158 54 ponitur:
1560 937 79 54 et
1599 937 250 54 rationabiliter:
1810 937 145 54 quoniam
1915 937 184 54 demostrata
2060 937 105 54 tali
2126 937 145 54 notione
2218 937 53 54 si

1336 985 81 52 sit
1383 985 116 52 aliqua
1464 985 104 52 talis
1533 985 81 52 non
1579 985 92 52 vere
1637 985 127 52 dicitur
1729 985 81 52 hoc
1775 985 116 52 spirat
1856 985 139 52 spiritum
1960 985 139 52 scentum:
2064 985 69 52 et
2099 985 81 52 per
2133 985 139 52 consequens

1349 1028 82 59 nec
1396 1028 93 59 vere
1454 1028 128 59 dicitur
1547 1028 82 59 hoc
1594 1028 82 59 est
1641 1028 163 59 principium
1769 1028 128 59 spirans
1862 1028 128 59 spectum
1955 1028 152 59 scuendum.
2072 1028 93 59 Item
2130 1028 82 59 nec
2165 1028 105 59 suppone

1339 1070 77 58 re
1378 1070 128 58 potest
1467 1070 89 58 pro
1518 1070 128 58 aliqua
1607 1070 153 58 persona:
1722 1070 141 58 quoniam
1825 1070 166 58 quacumque
1952 1070 102 58 data
2016 1070 128 58 falsum
2106 1070 89 58 est
2144 1070 115 58 dicere.

1350 1114 149 53 dicitur
1459 1114 81 53 et
1499 1114 135 53 filius
1594 1114 108 53 sunt
1661 1114 95 53 hec
1715 1114 149 53 persona
1824 1114 149 53 spirans
1932 1114 108 53 etc.
1999 1114 108 53 Item
2067 1114 95 53 nec
2121 1114 95 53 pro
2161 1114 95 53 essen

1352 1158 96 59 tia:
1412 1158 72 59 et
1448 1158 108 59 eadem
1519 1158 132 59 ratione
1615 1158 84 59 nec
1663 1158 84 59 pro
1711 1158 120 59 aliquo
1795 1158 132 59 communi
1890 1158 120 59 tribus
1974 1158 155 59 personis.
2094 1158 132 59 quoniam
2177 1158 84 59 essen

1348 1200 92 58 tia
1400 1200 92 58 non
1453 1200 132 58 spirat
1545 1200 92 58 nec
1598 1200 92 58 est
1651 1200 184 58 principium
1795 1200 158 58 spirans:
1914 1200 118 58 sicut
1993 1200 92 58 nec
2045 1200 145 58 generat
2151 1200 92 58 nec
2190 1200 66 58 est

1347 1244 181 62 generans:
1486 1244 84 62 vt
1528 1244 125 62 dicit
1612 1244 195 62 concilium.
1765 1244 70 62 ⁋
1793 1244 209 62 Respondetur
1960 1244 70 62 a
1988 1244 195 62 quibusdam.
2141 1244 111 62 quod
2196 1244 84 62 illa

1335 1301 181 52 propositio
1477 1301 91 52 est
1529 1301 155 52 propria:
1645 1301 78 52 et
1684 1301 78 52 in
1723 1301 91 52 sua
1775 1301 194 52 proprietate
1930 1301 194 52 concedenda.
2085 1301 78 52 Ad
2124 1301 78 52 id
2163 1301 103 52 quod
2214 1301 65 52 ar-

1342 1331 110 61 gutum
1415 1331 86 61 est
1464 1331 135 61 dicunt:
1562 1331 98 61 quod
1624 1331 172 61 principium
1758 1331 86 61 non
1808 1331 110 61 habet
1881 1331 196 61 determinatam
2040 1331 196 61 suppositine:
2200 1331 86 61 sed

1344 1378 169 55 confusam
1471 1378 98 55 pro
1527 1378 141 55 duabus
1625 1378 169 55 personis
1752 1378 141 55 simul.
1850 1378 70 55 ⁋
1878 1378 141 55 Contra
1977 1378 141 55 primo:
2075 1378 113 55 quia
2146 1378 84 55 de
2174 1378 84 55 vir-

1341 1415 97 57 tute
1401 1415 145 57 sermonis
1510 1415 169 57 principium
1644 1415 73 57 in
1680 1415 169 57 praedicato
1813 1415 85 57 non
1861 1415 121 57 potest
1946 1415 109 57 stare
2019 1415 145 57 confuse.
2128 1415 85 57 cum
2164 1415 97 57 nullum

1352 1463 119 58 signum
1436 1463 84 58 vel
1483 1463 179 58 sincaptilia
1627 1463 155 58 praecedat
1746 1463 167 58 confundens
1877 1463 119 58 ipsum.
1961 1463 72 58 Et
1996 1463 95 58 ideo
2056 1463 72 58 si
2092 1463 167 58 propositio
2211 1463 48 58 il

1338 1508 79 56 la
1377 1508 92 56 est
1430 1508 119 56 vera.
1509 1508 106 56 quia
1575 1508 198 56 praedicatum
1734 1508 106 56 stat
1800 1508 158 56 confuse.
1919 1508 92 56 cum
1972 1508 92 56 hoc
2024 1508 92 56 non
2077 1508 92 56 sit
2130 1508 79 56 de
2156 1508 106 56 virtu-

1348 1553 79 52 te
1387 1553 171 52 sermonis:
1519 1553 158 52 sequitur
1637 1553 105 52 quod
1703 1553 105 52 ipsa
1768 1553 92 52 non
1821 1553 92 52 sit
1874 1553 158 52 propria:
1992 1553 92 52 nec
2045 1553 79 52 de
2084 1553 145 52 virtute
2176 1553 92 52 sermo

1350 1600 90 48 nis
1402 1600 193 48 concedenda.
1556 1600 64 48 ⁋
1582 1600 77 48 2o
1621 1600 103 48 quia
1685 1600 77 48 si
1724 1600 180 48 principium
1866 1600 155 48 supponit
1982 1600 142 48 confuse
2085 1600 77 48 et
2123 1600 90 48 non
2162 1600 103 48 deter-

1350 1640 151 55 minate:
1460 1640 96 55 cum
1515 1640 151 55 constat
1625 1640 110 55 quod
1694 1640 96 55 non
1749 1640 165 55 supponit
1872 1640 151 55 confuse
1982 1640 82 55 et
2024 1640 234 55 distributiue:
2202 1640 69 55 se-

1340 1680 125 58 quitur
1427 1680 100 58 quod
1489 1680 150 58 supponit
1602 1680 137 58 confuse
1702 1680 137 58 tantum:
1802 1680 75 58 et
1839 1680 87 58 per
1889 1680 175 58 consequens
2027 1680 87 58 sub
2077 1680 100 58 ipso
2127 1680 137 58 contingit

1347 1729 190 52 descendere
1497 1729 82 52 ad
1538 1729 190 52 singularia
1688 1729 95 52 per
1742 1729 231 52 propositionem
1932 1729 82 52 de
1973 1729 177 52 disiuncto
2096 1729 163 52 praedicato

1333 1769 118 58 nulla
1411 1769 170 58 mutatione
1542 1769 118 58 facta
1621 1769 79 58 ex
1660 1769 118 58 parte
1739 1769 170 58 subiecti.
1869 1769 157 58 Sequitur
1987 1769 105 58 ergo
2053 1769 118 58 pater
2131 1769 79 58 et
2157 1769 105 58 filius

1351 1813 88 59 sunt
1406 1813 155 59 principium
1528 1813 88 59 etc.
1583 1813 88 59 ergo
1639 1813 100 59 pater
1705 1813 66 59 et
1738 1813 111 59 filius
1816 1813 88 59 sunt
1871 1813 77 59 hoc
1915 1813 166 59 principium:
2048 1813 77 59 vel
2092 1813 77 59 hoc
2125 1813 133 59 principium

1350 1857 186 56 demonstrando
1502 1857 105 56 primo
1572 1857 140 56 personam
1677 1857 105 56 vnam:
1746 1857 116 56 deinde
1828 1857 116 56 aliam:
1910 1857 82 56 pro
1956 1857 116 56 quibus
2038 1857 128 56 dicitur
2119 1857 140 56 principium

1349 1898 169 52 supponere
1479 1898 156 52 confuse:
1595 1898 91 52 sed
1647 1898 117 52 istud
1725 1898 182 52 consequens
1868 1898 91 52 sic
1920 1898 91 52 est
1972 1898 143 52 falsum:
2075 1898 91 52 cum
2127 1898 104 52 eius
2179 1898 65 52 opp

1341 1945 78 54 sit
1385 1945 111 54 verum.
1463 1945 111 54 valet.
1541 1945 100 54 pater
1608 1945 67 54 et
1641 1945 111 54 filius
1719 1945 78 54 non
1764 1945 89 54 sunt
1820 1945 78 54 hoc
1864 1945 167 54 principium:
1998 1945 78 54 nec
2042 1945 89 54 sunt
2098 1945 78 54 hoc
2131 1945 134 54 principium

1347 1981 125 65 sicut
1430 1981 125 65 verum
1513 1981 97 65 est
1569 1981 111 65 quod
1638 1981 125 65 pater
1721 1981 83 65 et
1763 1981 139 65 filius
1860 1981 97 65 non
1915 1981 111 65 sunt
1985 1981 97 65 hec
2040 1981 152 65 persona
2137 1981 125 65 patris:

1334 2034 88 51 nec
1385 2034 101 51 sint
1448 2034 88 51 hec
1498 2034 138 51 persona
1598 2034 126 51 filii.
1686 2034 63 51 ⁋
1712 2034 75 51 3o
1749 2034 75 51 si
1787 2034 176 51 principium
1925 2034 151 51 supponit
2038 2034 88 51 pro
2089 2034 126 51 duabus
2164 2034 88 51 perso

1346 2069 87 62 nis
1395 2069 125 62 simul.
1483 2069 100 62 ergo
1545 2069 87 62 hec
1595 2069 100 62 erit
1657 2069 112 62 magis
1732 2069 87 62 vel
1781 2069 87 62 non
1831 2069 112 62 minus
1906 2069 137 62 propria
2006 2069 75 62 et
2043 2069 187 62 concedenda.
2180 2069 87 62 pater

1344 2119 69 51 et
1378 2119 115 51 filius
1458 2119 92 51 sunt
1515 2119 160 51 principim:
1642 2119 103 51 sicut
1710 2119 126 51 dicitur
1802 2119 92 51 quod
1859 2119 103 51 pater
1928 2119 69 51 et
1963 2119 115 51 filius
2043 2119 92 51 sunt
2100 2119 138 51 persone.
2203 2119 57 51 ⁋
2215 2119 57 51 Con

1344 2165 184 53 firmatur.
1486 2165 156 53 quoniam
1599 2165 170 53 terminus
1726 2165 85 53 in
1769 2165 156 53 plurali
1882 2165 142 53 numero
1982 2165 128 53 magis
2067 2165 156 53 proprie
2166 2165 99 53 suppo

1347 2212 95 50 nit
1402 2212 95 50 pro
1456 2212 163 50 pluribus
1578 2212 217 50 singularibus
1755 2212 204 50 coniunctim:
1918 2212 109 50 quam
1986 2212 81 50 in
2027 2212 136 50 numero
2108 2212 163 50 singulari.

1342 2253 59 47 ⁋
1366 2253 95 47 Item
1425 2253 142 47 secundum
1532 2253 83 47 hoc
1579 2253 166 47 principium
1710 2253 83 47 non
1757 2253 166 47 supponeret
1888 2253 130 47 confuse
1982 2253 130 47 tantum:
2077 2253 71 47 vt
2113 2253 130 47 dicunt:
2208 2253 83 47 sed

1343 2297 201 50 determinate:
1506 2297 113 50 sicut
1582 2297 75 50 in
1619 2297 113 50 ista.
1694 2297 125 50 sortes
1782 2297 75 50 et
1820 2297 113 50 plato
1895 2297 100 50 sunt
1958 2297 150 50 homines.
2070 2297 188 50 praedicatum
2208 2297 63 50 sup

1342 2342 113 59 ponit
1418 2342 200 59 determinate:
1580 2342 88 59 non
1630 2342 150 59 obstante
1743 2342 100 59 quod
1806 2342 150 59 supponat
1918 2342 88 59 pro
1969 2342 150 59 pluribus
2081 2342 113 59 simul
2144 2342 125 59 scilicet

1349 2388 99 51 prod
1410 2388 111 51 sorte
1484 2388 74 51 et
1521 2388 148 51 platone.
1632 2388 62 51 ⁋
1657 2388 74 51 Et
1694 2388 148 51 vtrumque
1805 2388 160 51 probatur.
1928 2388 99 51 quia
1990 2388 86 51 sub
2039 2388 173 51 praedicato
2162 2388 99 51 contin

1345 2432 85 47 git
1394 2432 170 47 descendere
1527 2432 85 47 per
1576 2432 195 47 disiunctiuam
1734 2432 97 47 quae
1795 2432 122 47 vtique
1880 2432 97 47 vera
1941 2432 97 47 erit
2002 2432 73 47 et
2039 2432 85 47 sua
2075 2432 195 47 contradictoria

1347 2468 116 52 falsa.
1429 2468 58 52 ⁋
1452 2468 93 52 Alii
1510 2468 151 52 similiter
1627 2468 140 52 tenentes
1732 2468 93 52 hanc
1790 2468 93 52 esse
1848 2468 140 52 propriam
1953 2468 128 52 dicunt.
2046 2468 93 52 quod
2104 2468 163 52 principium
2221 2468 58 52 non

1354 2517 134 50 supponit
1455 2517 78 50 pro
1499 2517 112 50 aliqua
1578 2517 179 50 praedictorum
1723 2517 112 50 primo:
1801 2517 78 50 sed
1846 2517 78 50 pro
1891 2517 157 50 constituto
2014 2517 67 50 ex
2047 2517 134 50 essentia
2148 2517 67 50 et
2171 2517 90 50 spira-

1340 2555 117 56 tione
1418 2555 130 56 actiua
1509 2555 156 56 praecise
1627 2555 248 56 circunscribendo
1835 2555 195 56 patrnitatem
1991 2555 78 56 et
2030 2555 208 56 filiationem:
2187 2555 78 56 quod

1351 2601 104 55 quidem
1423 2601 156 55 constitutum
1548 2601 73 55 est
1590 2601 125 55 realiter
1683 2601 94 55 pater
1746 2601 62 55 et
1777 2601 114 55 filius:
1860 2601 94 55 licet
1922 2601 73 55 non
1964 2601 156 55 formaliter.
2089 2601 83 55 vnde
2141 2601 94 55 dicut
2193 2601 62 55 quod

1343 2650 108 51 sicut
1415 2650 72 51 ex
1451 2650 144 51 essentia
1559 2650 72 51 et
1595 2650 168 51 spiratione
1727 2650 132 51 passiua
1823 2650 144 51 praecise
1931 2650 132 51 aliquid
2027 2650 204 51 constituitur:
2183 2650 72 51 quod

1352 2688 98 56 vere
1413 2688 160 56 spiratur:
1536 2688 86 56 sic
1585 2688 74 56 ex
1622 2688 148 56 essentia
1733 2688 74 56 et
1770 2688 172 56 spiratione
1905 2688 123 56 actiua
1991 2688 148 56 praecise
2102 2688 135 56 aliquid
2188 2688 74 56 vnum

1341 2740 165 49 constituitur
1475 2740 82 49 quod
1526 2740 82 49 vere
1577 2740 113 49 dicitur
1660 2740 124 49 spirare:
1752 2740 62 49 et
1783 2740 72 49 per
1824 2740 144 49 consequens
1938 2740 82 49 quod
1989 2740 72 49 est
2030 2740 144 49 principium
2143 2740 124 49 spirans:
2226 2740 41 49 et

1344 2783 81 47 qui
1391 2783 105 47 pater
1461 2783 70 47 et
1496 2783 116 47 filius
1577 2783 93 47 sunt
1635 2783 105 47 istud
1705 2783 93 47 vnum
1763 2783 186 47 constitutum:
1914 2783 128 47 idcirco
2007 2783 93 47 vere
2065 2783 70 47 et
2100 2783 128 47 proprie
2182 2783 81 47 conce

1350 2821 95 58 ditur
1414 2821 85 58 quod
1467 2821 95 58 pater
1531 2821 64 58 et
1562 2821 106 58 filius
1637 2821 85 58 sunt
1690 2821 85 58 vnum
1743 2821 148 58 principium
1859 2821 117 58 spirans
1944 2821 127 58 spoectum
2039 2821 127 58 scuntum.
2135 2821 53 58 ⁋
2156 2821 74 58 Sed
2188 2821 74 58 istud

1340 2867 87 48 non
1389 2867 136 48 videtur
1488 2867 99 48 bene
1550 2867 136 48 dictum.
1649 2867 87 48 Tum
1699 2867 99 48 quia
1761 2867 111 48 falso
1835 2867 161 48 innititur
1959 2867 173 48 fundamento
2095 2867 74 48 de
2120 2867 136 48 huiusmodi

1344 2901 194 61 constitutiuis
1503 2901 68 61 et
1537 2901 171 61 constitutis
1674 2901 68 61 in
1709 2901 91 61 deo.
1766 2901 103 61 sicut
1834 2901 68 61 in
1868 2901 182 61 praecedenti.
2016 2901 68 61 q.
2051 2901 114 61 tactum
2131 2901 91 61 est:
2188 2901 68 61 et
2210 2901 46 61 in

1339 2958 91 48 fra
1391 2958 104 48 plus
1456 2958 169 48 tangetur.
1586 2958 91 48 Tum
1638 2958 104 48 quia
1703 2958 169 48 difficile
1832 2958 143 48 videtur
1936 2958 156 48 euadere:
2053 2958 104 48 quin
2118 2958 117 48 illud
2183 2958 78 48 tale

1352 2998 125 50 vnicum
1440 2998 188 50 constitutum
1591 2998 75 50 ex
1628 2998 151 50 essentia
1741 2998 75 50 et
1779 2998 176 50 spiratione
1917 2998 125 50 actiua
2005 2998 88 50 sit
2055 2998 138 50 persona
2143 2998 125 50 quaedam:

1339 3036 118 80 sicut
1418 3036 197 80 constitutum
1575 3036 79 80 ex
1614 3036 118 80 eadem
1693 3036 144 80 esentia
1798 3036 79 80 et
1837 3036 184 80 spiratione
1981 3036 144 80 passiua
2086 3036 157 80 praecise
2191 3036 79 80 sibi
