2438 3539
310 259 130 65 spectum
405 259 142 65 scentum.
511 259 59 65 ⁋
535 259 71 65 Ex
570 259 83 65 hoc
618 259 106 65 patet
688 259 95 65 quod
748 259 95 65 alia
807 259 130 65 ratione
901 259 142 65 speciali
1008 259 95 65 tres
1067 259 130 65 persone
1149 259 95 65 dicun-

309 304 95 69 tur
364 304 109 69 vnum
432 304 190 69 principium
581 304 177 69 creature:
717 304 109 69 quam
785 304 82 69 ea
826 304 95 69 que
880 304 122 69 supra
962 304 109 69 fuit
1016 304 163 69 assignata.

365 347 136 68 ⁋
419 347 491 68 Distinctionis.
829 347 191 68 II.
938 347 327 68 Questio.
1156 347 82 68 I

563 394 149 101 Ircqu
663 394 299 101 distinctionem.
912 394 116 101 13.
978 394 149 101 Quero
1078 394 100 101 an
1111 394 133 101 proces

698 440 90 48 sio
749 440 154 48 spiritus
865 440 115 48 scint
942 440 90 48 aut
993 440 154 48 spiratio
1109 440 90 48 sit
1147 440 90 48 gene-

556 482 137 58 ratio:
652 482 68 58 ⁋
680 482 164 58 Arguitur
803 482 110 58 quod
871 482 110 58 sic.
940 482 137 58 omenis
1036 482 192 58 productrio
1173 482 68 58 vi-

560 512 133 71 uentis
653 512 67 71 a
679 512 146 71 viuente
786 512 146 71 eiusdem
892 512 146 71 naturae
999 512 133 71 numero
1092 512 93 71 vel
1132 512 106 71 specie

560 571 89 53 est
611 571 178 53 generatio:
751 571 153 53 spiratio
866 571 89 53 est
917 571 166 53 huiusmodi
1044 571 102 53 ergo
1108 571 102 53 etc.
1159 571 89 53 Maior

540 612 89 60 qui
591 612 114 60 patet
667 612 89 60 per
718 612 114 60 locum
794 612 63 60 a
820 612 216 60 diffinitione.
997 612 89 60 Sic
1048 612 102 60 enim
1099 612 152 60 diffinitur

308 639 186 76 communtietr
456 639 186 76 gaenseratio
605 639 198 76 strictissime
766 639 136 76 sumpta:
865 639 74 76 et
902 639 149 76 secundum
1014 639 99 76 quod
1076 639 173 76 conceditur
1199 639 50 76 in

304 703 103 56 deo.
368 703 116 56 minor
446 703 90 56 est
497 703 103 56 nota
561 703 90 56 est
613 703 154 56 secundum
729 703 129 56 fidem.
819 703 90 56 Nam
870 703 154 56 spiritus
986 703 116 56 secus
1063 703 90 56 est
1114 703 129 56 viuens
1192 703 51 56 et

317 749 160 54 eiusdem
434 749 145 54 nature
535 749 102 54 cum
593 749 145 54 patre:
695 749 87 54 et
738 749 102 54 non
797 749 131 54 minus
884 749 116 54 quam
956 749 131 54 pater
1043 749 87 54 et
1087 749 145 54 filius
1174 749 87 54 sint

312 783 155 70 eiusdem
425 783 155 70 nature.
537 783 113 70 ergo
608 783 113 70 eius
678 783 183 70 productio
819 783 99 70 est
876 783 183 70 productio
1017 783 169 70 viuentis
1129 783 85 70 etc.

298 824 74 111 ⁋
328 824 119 111 otra
402 824 178 111 spiritum
536 824 163 111 sanctus
654 824 104 111 non
714 824 104 111 est
773 824 178 111 genitus:
907 824 89 111 vt
951 824 163 111 dicitur
1070 824 89 111 in
1100 824 148 111 secundum

476 874 79 72 l
508 874 126 72 bolo
586 874 205 72 athanasi.
744 874 126 72 ergo
822 874 189 72 spiratio
964 874 110 72 non
1027 874 110 72 est
1074 874 189 72 generatio:

304 922 101 65 et
355 922 269 65 consequentia
573 922 168 65 patens
674 922 101 65 est.

302 926 227 140 Respondeo
476 926 210 140 veritas.
634 926 105 140 q.
686 926 157 140 certa
791 926 140 140 est.
879 926 122 140 Nam
949 926 122 140 cum
1019 926 122 140 non
1089 926 122 140 sit
1141 926 105 140 nisi

602 1005 121 56 vnus
677 1005 151 56 filius
783 1005 91 56 in
829 1005 212 56 trinitate.
995 1005 136 56 Iuxta
1086 1005 121 56 quod
1146 1005 106 56 scni-

324 1050 134 59 bitur
414 1050 104 59 Io.
473 1050 89 59 3.
518 1050 104 59 Sic
577 1050 119 59 deus
652 1050 164 59 dilexit
771 1050 149 59 mundum
876 1050 89 59 vt
920 1050 149 59 filium
1025 1050 119 59 suum
1084 1050 179 59 vnigenitum

323 1089 144 63 darent
423 1089 115 63 etc.
495 1089 158 63 propter
610 1089 115 63 quod
682 1089 86 63 in
725 1089 158 63 symbolo
840 1089 215 63 apostolorum
1012 1089 215 63 confitemsur
1170 1089 86 63 vni-

324 1140 92 54 cum
376 1140 92 54 dei
429 1140 144 54 filium.
534 1140 79 54 et
573 1140 92 54 cum
626 1140 105 54 ideo
691 1140 144 54 filius:
797 1140 105 54 quia
862 1140 144 54 genitus
967 1140 79 54 et
1007 1140 105 54 quia
1072 1140 131 54 filius
1151 1140 105 54 vtique

323 1178 155 68 genitus.
439 1178 77 68 vt
478 1178 116 68 dicit
556 1178 103 68 Aug.
620 1178 77 68 5.
659 1178 77 68 de
698 1178 103 68 tri.
762 1178 155 68 constant
878 1178 103 68 quod
943 1178 129 68 spitus
1033 1178 103 68 scus
1098 1178 90 68 non
1150 1178 90 68 est
1188 1178 65 68 fi-

326 1227 103 52 lius
390 1227 116 52 neque
467 1227 154 52 genitus.
583 1227 77 52 et
622 1227 90 52 per
673 1227 180 52 consequens
814 1227 90 52 nec
866 1227 103 52 eius
930 1227 167 52 processio
1058 1227 90 52 est
1097 1227 154 52 generatio.

329 1269 59 59 ⁋
353 1269 130 59 Quamuis
448 1269 107 59 autem
519 1269 83 59 ita
566 1269 95 59 sit.
625 1269 190 59 differentiam
779 1269 107 59 tamen
850 1269 178 59 spirationis
992 1269 59 59 a
1016 1269 190 59 generatione:
1170 1269 71 59 et
1194 1269 59 59 cur

324 1309 142 59 productio
433 1309 98 59 filii
499 1309 77 59 sit
543 1309 153 59 generatio:
663 1309 77 59 non
707 1309 98 59 autem
773 1309 142 59 productio
882 1309 55 59 s
904 1309 131 59 scilicet
1002 1309 66 59 et
1035 1309 88 59 cur.
1090 1309 55 59 s
1112 1309 131 59 scilicet
1199 1309 55 59 non

322 1353 101 58 sit
379 1353 130 58 etiam
466 1353 158 58 filius:
581 1353 101 58 ita
638 1353 86 58 vt
681 1353 115 58 ambo
753 1353 173 58 producti
883 1353 173 58 dicantur
1012 1353 144 58 filii:
1113 1353 86 58 et
1142 1353 115 58 geniti

315 1398 100 60 in
365 1398 133 60 vita
448 1398 133 60 ista
532 1398 116 60 per
598 1398 150 60 tales
698 1398 166 60 quales
814 1398 116 60 non
881 1398 166 60 sumus)
997 1398 216 60 explicari
1147 1398 116 60 repu-

316 1443 79 58 to
355 1443 211 58 impossibile.
527 1443 79 58 Et
566 1443 119 58 ratio
645 1443 105 58 est:
711 1443 145 58 quoniam
817 1443 171 58 productio
949 1443 145 58 vtraque
1054 1443 92 58 est
1094 1443 171 58 ineffabilis

324 1489 87 54 et
367 1489 318 54 incomprehensibilis
641 1489 72 54 a
670 1489 130 54 nobis
757 1489 87 54 in
800 1489 130 54 statu
887 1489 202 54 praesenti:
1045 1489 101 54 sic
1103 1489 130 54 dicit
1175 1489 87 54 Aug.

328 1527 76 57 et
366 1527 139 57 habetur
468 1527 76 57 in
506 1527 152 57 littera.
619 1527 63 57 ⁋
645 1527 165 57 Assignant
771 1527 114 57 tamen
847 1527 127 57 aliqui
936 1527 203 57 differentiam
1100 1527 114 57 harum
1164 1527 101 57 produ-

327 1575 128 55 ctionum
420 1575 70 55 ex
455 1575 174 55 differentia
594 1575 197 55 producentium:
756 1575 128 55 quoniam
849 1575 116 55 filius
930 1575 81 55 est
977 1575 70 55 ab
1012 1575 81 55 vno
1058 1575 128 55 tantum:
1139 1575 116 55 spiritus

323 1615 127 59 autem
407 1615 127 59 secus
492 1615 70 59 a
520 1615 155 59 duobus:
633 1615 141 59 filius
731 1615 127 59 autem
816 1615 141 59 nullus
914 1615 141 59 potest
1013 1615 113 59 esse
1083 1615 155 59 duorum:
1182 1615 84 59 nisi

324 1661 110 56 vnus
393 1661 151 56 illorum
503 1661 96 56 sit
558 1661 138 56 plater
655 1661 83 56 et
696 1661 124 56 alter
778 1661 138 56 mater.
875 1661 110 56 quod
943 1661 83 56 in
985 1661 179 56 trinitate
1109 1661 151 56 imaginari

324 1709 245 46 absurdissimum
525 1709 115 46 est.
597 1709 86 46 Et
640 1709 115 46 hanc
712 1709 173 46 rationem
842 1709 173 46 assignat
971 1709 115 46 Aug.
1043 1709 101 46 15.
1101 1709 86 46 de
1144 1709 115 46 tri.
1201 1709 58 46 et

327 1743 141 57 Ansel.
426 1743 156 57 moodio.
539 1743 71 57 ⁋
567 1743 99 57 Sed
624 1743 113 57 ista
694 1743 127 57 ratio
779 1743 99 57 non
836 1743 99 57 est
892 1743 198 57 euindenter
1048 1743 212 57 vnquequaque
1203 1743 71 57 suf

327 1793 175 53 ficiens:
458 1793 116 53 quia
531 1793 102 53 vbi
589 1793 189 53 productum
735 1793 131 53 eodem
822 1793 116 53 modo
895 1793 160 53 penitus
1012 1793 102 53 est
1070 1793 73 53 a
1099 1793 146 53 duobus
1186 1793 73 53 nec

322 1833 151 59 aliter
428 1833 91 59 ab
473 1833 121 59 vno:
549 1833 121 59 quam
624 1833 91 59 ab
670 1833 166 59 altero:
791 1833 136 59 neque
882 1833 91 59 ab
927 1833 166 59 ambobus
1048 1833 151 59 simul:
1154 1833 121 59 quam
1214 1833 61 59 ab

329 1873 141 60 altero
427 1873 155 60 tantum:
540 1873 99 60 ibi
596 1873 197 60 productio.
751 1873 84 60 ex
793 1873 99 60 hoc
850 1873 155 60 precise
962 1873 113 60 quod
1033 1873 99 60 est
1089 1873 70 60 a
1117 1873 141 60 duobus
1202 1873 70 60 non

335 1921 156 56 videtur
448 1921 128 56 minus
534 1921 142 56 debere
633 1921 114 56 dici
704 1921 199 56 generatio:
860 1921 114 56 quam
931 1921 85 56 si
974 1921 128 56 esset
1059 1921 85 56 ab
1102 1921 99 56 vno
1144 1921 128 56 tantum:

327 1969 158 49 ceteris
442 1969 130 49 simul
528 1969 273 49 concurrentibus.
758 1969 144 49 vnitas
859 1969 115 49 enim
931 1969 86 49 et
974 1969 201 49 pluralitas
1118 1969 144 49 producen

342 2007 100 54 tium
404 2007 87 54 non
454 2007 125 54 variat
541 2007 149 54 rationem
653 2007 212 54 productionis.
827 2007 112 54 sicut
902 2007 112 54 patet
977 2007 100 54 quod
1039 2007 174 54 productrio
1163 2007 100 54 vnius:

336 2054 124 57 ignis
419 2054 69 57 a
447 2054 138 57 duobus
543 2054 97 57 non
598 2054 124 57 minus
681 2054 152 57 dicitur
791 2054 193 57 generatio:
943 2054 110 57 quam
1012 2054 179 57 productio
1150 2054 124 57 vnius
1219 2054 55 57 ab

339 2096 95 55 vno.
398 2096 142 55 spiritus
505 2096 118 55 scunus
588 2096 107 55 autem
659 2096 130 55 quamuis
754 2096 83 55 sit
801 2096 59 55 a
825 2096 130 55 duobus.
920 2096 107 55 eodem
991 2096 107 55 tamen
1062 2096 95 55 modo
1121 2096 130 55 penitus
1204 2096 59 55 est

339 2142 81 50 ab
379 2142 149 50 vtroque
487 2142 81 50 vt
528 2142 81 50 in
568 2142 216 50 praecedenti.
744 2142 81 50 q.
784 2142 135 50 dictum
879 2142 108 50 est.
946 2142 68 50 ⁋
973 2142 81 50 Ex
1014 2142 95 50 hoc
1068 2142 122 50 patet
1149 2142 108 50 quod
1203 2142 68 50 non

328 2181 167 57 sequitur.
457 2181 77 57 si
495 2181 154 57 spiritus
611 2181 103 57 scus
675 2181 116 57 esset
753 2181 129 57 filius
843 2181 141 57 duorum:
945 2181 103 57 quam
1010 2181 116 57 esset
1087 2181 116 57 vnius
1151 2181 116 57 tanquam

340 2229 157 54 patris:
454 2229 86 54 et
497 2229 171 54 alterius
625 2229 129 54 velut
711 2229 157 54 matris:
825 2229 100 54 cum
882 2229 143 54 filius
982 2229 100 54 non
1040 2229 100 54 sit
1082 2229 186 54 vniformiter

338 2272 88 48 ex
382 2272 131 48 patre
470 2272 88 48 et
514 2272 146 48 matre:
616 2272 175 48 alioquin
747 2272 102 48 non
806 2272 131 48 esset
893 2272 117 48 vnus
966 2272 131 48 pater
1054 2272 102 48 vel
1112 2272 146 48 mater:
1200 2272 73 48 po-

342 2318 98 46 tius
403 2318 98 46 quam
464 2318 110 46 alter
537 2318 85 46 nec
586 2318 159 46 econverso
708 2318 61 46 ⁋
733 2318 98 46 Alii
794 2318 159 46 assignant
916 2318 195 46 differentiam
1075 2318 73 46 ex
1111 2318 147 46 princius
1209 2318 61 46 quo

333 2362 133 49 vnius:
426 2362 80 49 et
466 2362 174 49 principio
600 2362 93 49 quo
653 2362 174 49 alterius.
786 2362 133 49 Dicunt
880 2362 107 49 enim
947 2362 107 49 quod
1013 2362 214 49 productionis
1174 2362 93 49 filii

339 2405 160 57 principium
465 2405 80 57 quo
510 2405 80 57 est
556 2405 183 57 intellectus:
705 2405 69 57 et
740 2405 195 57 productionis.
900 2405 57 57 s
923 2405 137 57 scilicet
1026 2405 80 57 est
1072 2405 149 57 voluntas.
1186 2405 57 57 ⁋
1198 2405 80 57 Istud

342 2434 100 64 sset
405 2434 88 64 non
455 2434 126 64 valet.
543 2434 88 64 Tum
594 2434 100 64 quia
656 2434 151 64 neutrius
770 2434 201 64 productionis
933 2434 88 64 est
983 2434 138 64 aliquod
1084 2434 176 64 principium
1209 2434 63 64 quo

333 2494 163 50 distincum
459 2494 63 50 a
484 2494 163 50 principio
610 2494 113 50 quod.
685 2494 75 50 vt
723 2494 113 50 supra
798 2494 151 50 probatum
911 2494 100 50 est.
974 2494 88 50 Tum
1024 2494 100 50 quia
1087 2494 188 50 intellectus
1225 2494 50 50 et

349 2533 162 55 voluntas
470 2533 81 55 in
510 2533 94 55 deo
564 2533 121 55 nullo
645 2533 108 55 modo
713 2533 81 55 ex
753 2533 189 55 naturatura
901 2533 94 55 rei
955 2533 243 55 distinguuntur.
1158 2533 81 55 vt
1185 2533 94 55 etiam

346 2574 112 52 supra
420 2574 124 52 patet.
507 2574 75 52 et
545 2574 100 52 ideo
607 2574 75 52 si
644 2574 112 52 vnius
719 2574 137 52 illarum
819 2574 87 52 est
868 2574 187 52 intellectus
1018 2574 174 52 principium
1155 2574 112 52 etiam
1217 2574 62 52 vo-

347 2609 123 58 luntas
433 2609 98 58 erit
494 2609 98 58 eius
555 2609 184 58 principium:
702 2609 74 58 et
739 2609 159 58 econverso
861 2609 61 58 ⁋
886 2609 98 58 Alii
947 2609 98 58 dant
1008 2609 196 58 differentiam
1168 2609 74 58 ex
1192 2609 86 58 diuer

336 2660 149 56 sitate
440 2660 119 56 modi
515 2660 224 56 procedendi:
694 2660 164 56 quoniam
813 2660 119 56 vnus
887 2660 179 56 procedit
1022 2660 104 56 quo
1081 2660 149 56 natus:
1171 2660 89 56 ali-

351 2700 134 57 autem
441 2700 105 57 quo
500 2700 149 57 datus.
605 2700 90 57 Et
650 2700 119 57 hanc
724 2700 134 57 ponit
814 2700 119 57 Aug.
889 2700 90 57 5.
934 2700 90 57 de
978 2700 119 57 tri.
1053 2700 105 57 sed
1113 2700 105 57 nec
1172 2700 134 57 istud

339 2751 170 55 sufficit
466 2751 99 55 cum
523 2751 99 55 non
580 2751 170 55 declaret
707 2751 113 55 quod
778 2751 170 55 spiritus
906 2751 113 55 scus
976 2751 99 55 non
1033 2751 170 55 procedit
1161 2751 99 55 quo
1203 2751 71 55 na-

352 2788 107 57 tus.
418 2788 67 57 ⁋
445 2788 133 57 Aliter
538 2788 186 57 assignatur
685 2788 107 57 ista
751 2788 200 57 differentia
911 2788 80 57 ex
951 2788 120 57 ipsis
1031 2788 186 57 productis.
1177 2788 93 57 Nam
1217 2788 67 57 fi-

352 2830 110 58 lius
421 2830 96 58 est
476 2830 137 58 verbum
572 2830 110 58 quod
640 2830 123 58 pater
723 2830 219 58 intelligendo
901 2830 82 58 se
942 2830 178 58 producit.
1079 2830 165 58 spiritus
1189 2830 96 58 autem

345 2885 129 52 scuns
431 2885 100 52 est
488 2885 129 52 donum
574 2885 115 52 quod
645 2885 129 52 pater
731 2885 86 52 et
774 2885 143 52 filius
874 2885 86 52 se
917 2885 143 52 amando
1017 2885 200 52 producunt.
1161 2885 115 52 verbum

350 2928 121 47 autem
430 2928 81 47 ex
471 2928 81 47 eo
511 2928 108 47 quod
578 2928 148 47 verbum:
686 2928 134 47 simile
780 2928 94 47 est
833 2928 94 47 rei
887 2928 188 47 intellecte
1035 2928 121 47 cuius
1116 2928 94 47 est
1156 2928 121 47 verbum:

351 2964 93 58 sed
404 2964 120 58 donum
484 2964 93 58 non
538 2964 80 58 ex
578 2964 80 58 eo
618 2964 107 58 quod
684 2964 120 58 donum
764 2964 93 58 est
818 2964 147 58 simile:
925 2964 93 58 sed
978 2964 133 58 potest
1071 2964 107 58 esse
1125 2964 160 58 dissimile.

348 3008 166 60 productio
476 3008 115 60 autem
553 3008 154 60 viuentis
668 3008 141 60 similis
771 3008 179 60 producenti
912 3008 90 60 est
963 3008 179 60 generatio.
1104 3008 141 60 quamuis
1193 3008 77 60 ergo

353 3046 147 87 spiritus
463 3046 122 87 secuns
548 3046 98 87 quod
610 3046 86 87 est
658 3046 110 87 donum
732 3046 122 87 patris
817 3046 73 87 et
854 3046 110 87 filii
927 3046 86 87 sit
976 3046 134 87 similis
1074 3046 110 87 patri
1148 3046 73 87 et
1172 3046 110 87 filion:

1282 248 89 63 non
1333 248 115 63 minus
1410 248 102 63 quam
1474 248 128 63 filius
1563 248 128 63 patri:
1652 248 102 63 quia
1716 248 89 63 cum
1767 248 89 63 non
1818 248 89 63 est
1869 248 140 63 similis
1971 248 77 63 ex
2010 248 89 63 hoc
2061 248 102 63 quod
2125 248 89 63 est
2163 248 51 63 do

1269 282 105 72 num:
1334 282 105 72 ideo
1400 282 105 72 eius
1466 282 170 72 productio
1597 282 92 72 non
1649 282 92 72 est
1702 282 105 72 eius
1767 282 184 72 generatio.
1911 282 79 72 et
1951 282 105 72 ista
2016 282 118 72 ratio
2082 282 131 72 sumitur.

1278 330 84 67 ab
1320 330 140 67 Ansel.
1418 330 196 67 mondloion.
1571 330 112 67 etc.
1641 330 70 67 ⁋
1669 330 154 67 Quamuis
1781 330 126 67 autem
1865 330 98 67 hec
1921 330 98 67 sit
1977 330 168 67 subtilis
2102 330 98 67 via
2158 330 84 67 ad

1275 374 226 66 manifestandum
1461 374 212 66 differentiam
1633 374 199 66 praedictam:
1792 374 199 66 nihilominus
1952 374 119 66 tamen
2031 374 93 66 nec
2084 374 106 66 ipsa
2137 374 80 66 eui-

1283 425 106 57 dens
1349 425 106 57 est:
1415 425 145 57 quoniam
1520 425 106 57 eque
1586 425 185 57 incognitum
1732 425 92 57 est
1784 425 119 57 nobis
1864 425 106 57 quod
1930 425 158 57 spiritus
2048 425 106 57 scus
2114 425 92 57 non
2154 425 66 57 sit

1282 462 130 66 verbum
1373 462 130 66 patris
1464 462 78 66 et
1503 462 130 66 filii:
1594 462 117 66 sicut
1672 462 104 66 quod
1737 462 104 66 eius
1803 462 169 66 productio
1933 462 91 66 non
1985 462 91 66 sit
2037 462 182 66 generatio:
2167 462 52 66 et

1286 505 106 60 etiam
1357 505 189 60 immanifestum
1511 505 83 60 est
1558 505 95 60 quod
1617 505 95 60 ipse
1677 505 83 60 non
1724 505 83 60 sit
1771 505 130 60 filius.
1866 505 95 60 Unde
1925 505 83 60 cum
1972 505 59 60 .
1996 505 142 60 scilicet
2103 505 83 60 sit
2138 505 71 60 eque

1280 562 151 53 similis
1390 562 124 53 patri
1473 562 83 53 et
1514 562 138 53 filio:
1611 562 124 53 sicut
1693 562 138 53 filius
1789 562 124 53 patri
1872 562 83 53 et
1913 562 206 53 intellectio
2078 562 69 53 a
2092 562 124 53 volitio

1270 594 120 61 nullo
1350 594 107 61 modo
1417 594 227 61 distinguantur
1604 594 80 61 ex
1644 594 134 61 natura
1737 594 94 61 rei
1791 594 80 61 in
1831 594 94 61 deo
1884 594 94 61 non
1938 594 147 61 apparet
2044 594 94 61 cur
2084 594 134 61 spiritus

1280 636 124 61 scuns
1363 636 96 61 non
1418 636 96 61 sit
1473 636 137 61 verbum
1569 636 110 61 quod
1637 636 82 61 se
1678 636 220 61 intelligendo
1857 636 165 61 producut
1981 636 124 61 pater
2063 636 82 61 et
2090 636 124 61 filius:

1284 679 95 67 ita
1339 679 109 67 bene
1407 679 122 67 sicut
1488 679 136 67 filius
1583 679 95 67 est
1638 679 136 67 verbum
1733 679 109 67 quod
1801 679 81 67 se
1841 679 217 67 intelligendo
2018 679 136 67 paiter
2099 679 109 67 produ-

1277 723 110 65 cit.
1346 723 69 65 ⁋
1373 723 110 65 Dico
1442 723 110 65 ergo
1510 723 110 65 quod
1579 723 164 65 spiratio
1702 723 82 65 et
1743 723 178 65 generatio
1880 723 110 65 sunt
1949 723 178 65 distincte
2072 723 151 65 productio

1287 765 93 66 nes
1340 765 80 66 et
1380 765 147 66 seipsis
1487 765 187 66 formaliter
1633 765 107 66 sunt
1700 765 187 66 distincte:
1847 765 120 66 sicut
1927 765 133 66 filius
2020 765 93 66 qui
2073 765 93 66 est
2113 765 107 66 genera

1281 815 104 62 tio:
1346 815 78 62 et
1385 815 156 62 spiritus
1502 815 117 62 scuns
1581 815 91 62 qui
1633 815 91 62 est
1685 815 156 62 spiratio
1802 815 104 62 sunt
1867 815 143 62 seipsis
1971 815 182 62 distincti:
2115 815 78 62 vt
2141 815 65 62 su-

1282 854 89 69 pra
1333 854 177 69 dicebatur.
1472 854 76 69 et
1510 854 101 69 quod
1573 854 152 69 suiratio
1687 854 89 69 non
1738 854 89 69 est
1789 854 177 69 generatio:
1928 854 89 69 nec
1979 854 165 69 generatio
2105 854 89 69 est
2143 854 76 69 spi-

1281 902 99 60 ratio.
1350 902 99 60 sicut.
1419 902 49 60 s
1439 902 119 60 scilicet
1528 902 69 60 non
1568 902 69 60 est
1607 902 109 60 filius:
1686 902 69 60 nec
1726 902 119 60 filius.s
1815 902 119 60 scilicet
1904 902 79 60 est.
1953 902 59 60 id
1983 902 69 60 est
2022 902 99 60 donum:
2092 902 59 60 et
2121 902 79 60 quod
2161 902 59 60 pro-

1277 941 110 66 cessio
1354 941 132 66 spiritus
1453 941 99 66 scint
1519 941 88 66 ideo
1574 941 77 66 est
1618 941 143 66 spiratio:
1728 941 88 66 quia
1782 941 132 66 spiritus
1881 941 99 66 secus
1947 941 88 66 est.
2002 941 132 66 scilicet
2101 941 77 66 seu
2134 941 88 66 donum:

1295 992 74 60 et
1332 992 160 60 processio
1455 992 86 60 seu
1504 992 160 60 productio
1627 992 111 60 filii
1701 992 86 60 est
1751 992 172 60 generatio:
1886 992 99 60 quia
1948 992 123 60 filius
2034 992 86 60 est
2083 992 123 60 filius
2169 992 86 60 seu

1296 1034 142 58 verbum.
1399 1034 65 58 ⁋
1425 1034 103 58 Quia
1490 1034 116 58 autem
1567 1034 103 58 iste
1632 1034 90 58 sit
1683 1034 129 58 verbum
1773 1034 77 58 et
1812 1034 142 58 filius:
1915 1034 90 58 non
1967 1034 90 58 sit
2019 1034 116 58 autem
2096 1034 129 58 donum:
2173 1034 52 58 et

1295 1081 92 51 per
1347 1081 184 51 consequens
1492 1081 105 51 eius
1558 1081 171 51 productio
1690 1081 92 51 que
1742 1081 92 51 non
1795 1081 92 51 est
1847 1081 105 51 nisi
1913 1081 105 51 ipse
1979 1081 118 51 (vnde
2058 1081 145 51 dicitur
2150 1081 79 51 pro-

1289 1112 128 65 ductio
1379 1112 116 65 filii
1456 1112 205 65 intransitiue
1623 1112 77 65 id
1661 1112 90 65 est
1713 1112 90 65 que
1764 1112 90 65 est
1815 1112 141 65 filius)
1918 1112 90 65 sit
1969 1112 167 65 generatio
2098 1112 64 65 a
2123 1112 90 65 non
2162 1112 64 65 sit

1301 1167 163 62 spiratio:
1427 1167 75 62 et
1464 1167 100 62 quod
1527 1167 100 62 iste
1590 1167 88 62 sit
1640 1167 125 62 donum:
1728 1167 88 62 non
1778 1167 88 62 sit
1828 1167 113 62 autem
1903 1167 125 62 verbum
1991 1167 88 62 nec
2041 1167 138 62 filius:
2141 1167 75 62 ac
2166 1167 63 62 per

1284 1214 95 54 hoc
1339 1214 108 54 eius
1406 1214 176 54 productio
1542 1214 95 54 sit
1596 1214 176 54 spiratio:
1731 1214 81 54 et
1772 1214 95 54 non
1826 1214 95 54 sit
1880 1214 190 54 generatio.
2029 1214 108 54 Dico
2097 1214 108 54 quod
2151 1214 68 54 non

1292 1250 100 62 est
1349 1250 115 62 mihi
1421 1250 186 62 possibile
1564 1250 229 62 intelligere:
1750 1250 129 62 sicut
1836 1250 129 62 etiam
1922 1250 129 62 dicit
2008 1250 86 62 de
2051 1250 86 62 se
2094 1250 115 62 Aug.
2166 1250 100 62 15.
2209 1250 43 62 c

1288 1302 75 53 de
1326 1302 100 53 tri.
1389 1302 75 53 et
1426 1302 125 53 contra
1514 1302 138 53 maxium.
1614 1302 75 53 vt
1651 1302 138 53 habetur
1751 1302 75 53 in
1789 1302 150 53 littera.
1902 1302 125 53 Damen.
1989 1302 113 53 etiam
2064 1302 100 53 lib.
2127 1302 113 53 primo
2189 1302 63 53 coa

1287 1336 94 59 ait.
1346 1336 129 59 quoniam
1439 1336 117 59 quidem
1521 1336 82 59 est
1568 1336 164 59 diferentia
1697 1336 187 59 generationis
1849 1336 70 59 et
1884 1336 187 59 processionis
2036 1336 164 59 didicimus.
2153 1336 70 59 Quis

1296 1381 118 60 autem
1374 1381 92 60 est
1427 1381 131 60 inodus
1518 1381 209 60 differentie:
1688 1381 183 60 nequaquam.
1832 1381 144 60 Quamuis
1937 1381 118 60 autem
2016 1381 196 60 intelligere
2159 1381 79 60 ista

1281 1428 105 55 non
1341 1428 195 55 possumus:
1491 1428 195 55 veraciter
1641 1428 135 55 tamen
1731 1428 105 55 sic
1792 1428 120 55 esse
1867 1428 210 55 confitemur
2032 1428 90 55 et
2062 1428 165 55 credimus.

1301 1472 61 60 ⁋
1325 1472 73 60 Ad
1362 1472 147 60 rationem
1472 1472 184 60 principalem
1619 1472 110 60 dico:
1693 1472 98 60 quod
1754 1472 98 60 illa
1815 1472 171 60 diffinitio
1950 1472 86 60 non
1999 1472 86 60 est
2048 1472 147 60 perfecte
2158 1472 110 60 expli
2219 1472 37 60 a

1288 1516 123 53 catiua
1374 1516 197 53 generationis
1534 1516 135 53 divine:
1632 1516 111 53 neque
1706 1516 86 53 cum
1755 1516 74 53 ea
1792 1516 209 53 conuertibilis
1964 1516 86 53 nec
2013 1516 123 53 aliqua
2099 1516 111 53 talis
2173 1516 61 53 a
2185 1516 49 53 no

1299 1562 96 52 bis
1354 1562 110 52 dari
1423 1562 151 52 potest.
1533 1562 96 52 cum
1588 1562 110 52 illa
1657 1562 179 52 generatio
1794 1562 96 52 sit
1849 1562 302 52 incomprehensibilis
2110 1562 69 52 a
2124 1562 110 52 nobis.

1277 1610 121 54 ⁋
1325 1610 434 54 Distinctionis.
1687 1610 193 54 XII.
1808 1610 169 54 X7.
1904 1610 169 54 etX
2001 1610 193 54 XvI.
2097 1610 145 54 Qon.

1542 1643 142 104 Irca
1631 1643 302 104 distinctionem
1880 1643 338 104 decimamquartam.
2146 1643 89 104 15.

1688 1688 86 53 et
1731 1688 115 53 ideo
1802 1688 86 53 In
1846 1688 144 53 quibus
1946 1688 158 53 magitur
2061 1688 115 53 agit
2133 1688 86 53 de
2161 1688 72 53 pro

1535 1726 194 59 scessione
1684 1726 209 59 temporali:
1849 1726 119 59 siue
1923 1726 179 59 missione
2058 1726 105 59 vel
2103 1726 134 59 datione

1547 1777 135 59 spiritus
1648 1777 123 59 sctint.
1737 1777 101 59 Quero
1805 1777 101 59 vtrum
1872 1777 112 59 spitus
1950 1777 101 59 secus
2018 1777 135 59 scilicet
2119 1777 67 59 3a
2152 1777 67 59 in
2175 1777 67 59 tri-

1550 1822 121 54 nitate
1634 1822 133 54 persona
1731 1822 72 54 et
1767 1822 85 54 cum
1816 1822 109 54 patre
1888 1822 72 54 et
1924 1822 109 54 filio
1997 1822 97 54 vnus
2045 1822 193 54 substectaliter

1260 1826 291 98 A

1544 1863 129 57 deus:
1630 1863 173 57 mittatur
1759 1863 101 57 vel
1817 1863 129 57 detur
1903 1863 173 57 creature
2033 1863 187 57 rationali
2162 1863 72 57 vel

1541 1904 100 60 non
1598 1904 128 60 ipse:
1683 1904 100 60 sed
1740 1904 143 60 tantum
1840 1904 114 60 dona
1911 1904 128 60 eius.
1997 1904 86 60 Et
2040 1904 171 60 arguitur
2154 1904 86 60 quod

1313 1951 130 62 tantum
1404 1951 130 62 dentur
1495 1951 104 62 dona
1560 1951 117 62 eius:
1638 1951 78 62 et
1677 1951 91 62 hoc
1729 1951 104 62 ideo
1793 1951 104 62 ipse
1858 1951 156 62 praecise
1975 1951 143 62 dicatur
2079 1951 117 62 dari.
2144 1951 91 62 Primo

1307 1997 189 55 auctoritate
1458 1997 101 55 Dede
1521 1997 101 55 quam
1584 1997 151 55 magister
1698 1997 113 55 ponit
1773 1997 76 55 in
1811 1997 126 55 dicens
1899 1997 101 55 1.4.
1962 1997 88 55 qui
2012 1997 101 55 ait.
2075 1997 88 55 Cum
2113 1997 126 55 spiritus

1301 2034 125 66 sancti
1388 2034 125 66 gratia
1476 2034 113 66 datur
1551 2034 150 66 homnibus
1663 2034 150 66 profecto
1776 2034 150 66 mittitur
1888 2034 150 66 spiritus
2001 2034 63 66 a
2026 2034 125 66 patre:
2101 2034 138 66 mittitur.

1310 2083 71 58 et
1346 2083 59 58 a
1369 2083 118 58 filio.
1452 2083 71 58 Ex
1488 2083 83 58 his
1535 2083 107 58 patet
1606 2083 95 58 quod
1665 2083 95 58 idem
1725 2083 83 58 est
1772 2083 142 58 spiectum
1879 2083 130 58 scentum
1973 2083 118 58 mitti:
2056 2083 95 58 quod
2116 2083 95 58 eius
2163 2083 71 58 gra-

1307 2133 133 56 tiam:
1396 2133 104 56 que
1455 2133 104 56 non
1515 2133 104 56 est
1574 2133 133 56 ipse:
1663 2133 104 56 sed
1722 2133 119 56 eius
1796 2133 133 56 donum
1885 2133 178 56 homnibus
2019 2133 133 56 dari.
2108 2133 74 56 ⁋
2137 2133 89 56 2o
2167 2133 89 56 Aug.

1313 2170 77 60 4o
1352 2170 77 60 de
1390 2170 102 60 tri.
1454 2170 102 60 ait.
1518 2170 115 60 sicut
1595 2170 141 60 spiriui
1697 2170 115 60 scono
1774 2170 115 60 donum
1851 2170 90 60 dei
1902 2170 115 60 esse:
1979 2170 90 60 est
2030 2170 64 60 a
2055 2170 115 60 patre
2119 2170 141 60 proceden-

1310 2210 97 67 re:
1366 2210 97 67 ita
1421 2210 125 67 mitti
1505 2210 97 67 est
1561 2210 167 67 cognosci
1686 2210 111 67 quod
1756 2210 84 67 ab
1797 2210 111 67 illo
1867 2210 181 67 procedat.
2006 2210 70 67 ⁋
2034 2210 84 67 Ex
2076 2210 97 67 his
2132 2210 111 67 sic.
2187 2210 56 67 si

1317 2249 102 62 mitti
1385 2249 79 62 est
1430 2249 136 62 cognosci
1532 2249 91 62 etc.
1589 2249 91 62 ergo
1646 2249 113 62 homine
1725 2249 125 62 habente
1816 2249 170 62 cognitionem
1952 2249 102 62 huius
2020 2249 136 62 praecise
2122 2249 91 62 ipse
2168 2249 79 62 habet

1313 2305 127 59 spectum
1406 2305 139 59 scentum:
1510 2305 81 59 sed
1556 2305 104 59 talis
1625 2305 139 59 cognitio
1729 2305 81 59 non
1775 2305 81 59 est
1821 2305 92 59 ipse
1879 2305 139 59 spiritus
1983 2305 104 59 scuns
2052 2305 69 59 vt
2087 2305 115 59 certum
2168 2305 92 59 est:

1309 2341 82 57 et
1350 2341 95 57 est
1405 2341 123 57 donum
1486 2341 123 57 eius:
1568 2341 123 57 iuxta
1650 2341 123 57 illud
1731 2341 109 57 nemo
1799 2341 136 57 potest
1895 2341 136 57 dicere
1990 2341 150 57 dominus
2099 2341 109 57 deus
2153 2341 82 57 nisi

1312 2387 63 59 in
1343 2387 84 59 spum
1395 2387 115 59 secndo.
1479 2387 94 59 prima
1541 2387 63 59 ad
1573 2387 115 59 Corntis
1656 2387 73 59 i2.
1698 2387 63 59 et
1729 2387 84 59 idem
1782 2387 125 59 iudicium
1875 2387 73 59 est
1917 2387 63 59 de
1949 2387 84 59 spum
2001 2387 125 59 secondo:
2095 2387 84 59 quod
2137 2387 104 59 scilicet

1304 2429 105 60 nemo
1369 2429 131 60 potest
1461 2429 118 60 illum
1540 2429 183 60 cognoscere
1684 2429 105 60 nisi
1749 2429 92 60 per
1802 2429 92 60 eum
1854 2429 105 60 hanc
1920 2429 197 60 cognitionem
2064 2429 170 60 tribuentem.

1299 2474 85 105 In
1341 2474 184 105 oppositum
1483 2474 99 105 est
1539 2474 155 105 magitur
1652 2474 85 105 in
1695 2474 141 105 dicens
1794 2474 85 105 1n
1836 2474 85 105 2.
1878 2474 99 105 qui
1935 2474 99 105 per
1991 2474 198 105 auctoritas
2147 2474 113 105 Aug.
2203 2474 57 105 eo

1645 2516 93 63 et
1692 2516 156 63 Ambro.
1801 2516 156 63 probat
1910 2516 234 63 efficaciter
2097 2516 109 63 non
2144 2516 109 63 solum

1318 2565 129 54 dona:
1404 2565 100 54 sed
1461 2565 129 54 ipsam
1547 2565 172 54 spiritus
1675 2565 143 54 sancti
1775 2565 172 54 personam
1890 2565 100 54 dari.

1291 2587 323 132 ifespondeo
1544 2587 346 132 urorasiarsi
1821 2587 138 132 us
1890 2587 115 132 u
1936 2587 115 132 u
1982 2587 138 132 uo
2052 2587 115 132 o
2098 2587 115 132 o
2121 2587 138 132 ouda

1303 2659 101 138 pono
1366 2659 113 138 autem
1442 2659 201 138 conclusiones
1605 2659 151 138 quatuor.
1718 2659 113 138 prima
1794 2659 88 138 est
1844 2659 101 138 quod
1907 2659 101 138 ipsa
1970 2659 138 138 persona
2070 2659 151 138 spiritus
2171 2659 88 138 scint

1498 2741 132 56 secundum
1597 2741 66 56 se
1630 2741 99 56 datur
1697 2741 121 56 homini:
1785 2741 66 56 et
1818 2741 77 56 non
1862 2741 110 56 tantum
1939 2741 88 56 dona
1994 2741 99 56 eius.
2060 2741 66 56 2a
2094 2741 88 56 quod
2138 2741 110 56 quaesdo-

1315 2787 112 56 cumque
1393 2787 101 56 datur
1460 2787 112 56 spitus
1539 2787 123 56 secuns:
1628 2787 101 56 datur
1695 2787 78 56 est
1740 2787 123 56 aliquod
1830 2787 101 56 donum
1897 2787 90 56 eius
1953 2787 134 56 scilicet
2054 2787 112 56 gratia
2132 2787 112 56 gratum
2199 2787 56 56 fa-

1319 2824 110 64 ciens:
1396 2824 66 64 et
1429 2824 143 64 econverso
1539 2824 176 64 quandocumque
1681 2824 88 64 illa
1736 2824 110 64 datur:
1813 2824 99 64 datur
1879 2824 77 64 est
1923 2824 110 64 spitus
2000 2824 110 64 secus.
2076 2824 66 64 3a
2109 2824 88 64 quod
2153 2824 88 64 possi-

1323 2868 99 56 bile
1384 2868 87 56 est
1434 2868 99 56 dari
1496 2868 148 56 spiectum
1607 2868 148 56 scntdum:
1718 2868 124 56 absque
1805 2868 99 56 quod
1867 2868 99 56 tunc
1929 2868 124 56 dentur
2015 2868 99 56 eius
2077 2868 111 56 dona.
2151 2868 74 56 4a
2176 2868 74 56 quod

1313 2908 162 56 econuerso
1437 2908 162 56 possibile
1562 2908 87 56 est
1612 2908 100 56 dari
1674 2908 100 56 dona
1737 2908 150 56 spiritus
1849 2908 125 56 scient
1936 2908 125 56 absque
2024 2908 75 56 eo
2061 2908 100 56 quod
2124 2908 100 56 tunc
2174 2908 62 56 det

1322 2956 161 60 spiritus
1442 2956 134 60 secus.
1536 2956 80 60 Et
1576 2956 134 60 loquor
1670 2956 80 60 de
1711 2956 161 60 potentia
1831 2956 94 60 dei
1885 2956 161 60 absoluta
2006 2956 80 60 in
2046 2956 94 60 his
2099 2956 134 60 duabus
2180 2956 67 60 vl-

1312 3000 88 53 timis
1371 3000 185 53 conclusionibus.
1527 3000 49 53 ⁋
1546 3000 98 53 Primam
1615 3000 156 53 conclusionem
1741 3000 117 53 scilicet
1829 3000 78 53 quod
1878 3000 117 53 spiritus
1966 3000 98 53 scient
2034 3000 107 53 persona
2112 3000 88 53 detur
2161 3000 98 53 communi-

1313 3042 78 66 ter
1358 3042 101 66 hodie
1425 3042 112 66 tenent
1503 3042 101 66 doc.s
1570 3042 67 66 et
1604 3042 123 66 magitur
1693 3042 157 66 auctoritas
1816 3042 157 66 scinctorum
1940 3042 112 66 probat
2018 3042 146 66 inlittera
2130 3042 78 66 14.
2163 3042 90 66 dicens
