2466 3535
395 215 74 68 ⁋
425 215 164 68 Quamuis
544 215 134 68 autem
633 215 104 68 hec
693 215 149 68 opinio
797 215 179 68 recitata
931 215 104 68 sit
990 215 179 68 solenis:
1124 215 164 68 propter
1229 215 74 68 au-

394 271 182 56 ctoritatem
537 271 156 56 magitri:
655 271 182 56 communiter
798 271 117 56 tamen
876 271 156 56 doctores
993 271 169 56 oppositum
1124 271 182 56 opinantur.
1254 271 52 56 Et

388 327 105 43 ego
448 327 105 43 vna
508 327 105 43 cum
568 327 105 43 eis
628 327 120 43 puto
703 327 195 43 oppositum
853 327 120 43 esse
928 327 150 43 verum.
1033 327 90 43 Ad
1078 327 105 43 hoc
1138 327 135 43 autem
1213 327 75 43 mo-

392 362 162 47 uentime
510 362 133 47 verba
599 362 177 47 apostoli
732 362 133 47 prima
820 362 89 47 ad
865 362 148 47 Corin.
968 362 89 47 Si
1012 362 162 47 linguis
1131 362 162 47 hominum
1234 362 59 47 lo

383 405 102 49 quar
447 405 102 49 etc.
511 405 89 49 vbi
562 405 115 49 omnes
638 405 153 49 virtutes
753 405 76 49 et
791 405 102 49 dona
855 405 153 49 spiritus
969 405 127 49 scient
1059 405 153 49 eorumque
1173 405 115 49 actus
1237 405 51 49 et

385 448 112 48 opera
459 448 112 48 dicit
534 448 124 48 homini
621 448 112 48 nihil
696 448 162 48 prodesse:
820 448 75 48 et
857 448 87 48 per
907 448 174 48 consequens
1044 448 87 48 non
1094 448 100 48 esse
1144 448 149 48 meritoria:

387 491 112 46 nisi
457 491 154 46 habeant
569 491 196 46 charitate:
723 491 112 46 quod
793 491 84 46 si
835 491 154 46 dicatur
947 491 140 46 apost.
1045 491 154 46 locutum
1157 491 140 46 fuisse
1241 491 56 46 de

379 543 194 42 charitate
529 543 179 42 increata
663 543 105 42 que
723 543 105 42 est
783 543 150 42 spitus
887 543 150 42 scuns:
992 543 120 42 sine
1067 543 105 42 quo
1127 543 150 42 cetera
1216 543 75 42 non

378 579 161 54 prosunt.
499 579 121 54 istud
579 579 81 54 et
620 579 81 54 si
660 579 202 54 proteruiter
821 579 134 54 posset
915 579 188 54 sustineri:
1063 579 94 54 non
1117 579 148 54 videtur
1211 579 94 54 tamen

382 622 112 54 esse
452 622 84 54 de
494 622 196 54 intentione
649 622 140 54 apost.
747 622 98 54 Nam
803 622 98 54 ibi
859 622 168 54 loquitur
985 622 84 54 de
1027 622 182 54 charitate
1168 622 126 54 quasi
1238 622 56 54 de

375 658 136 58 quadam
471 658 150 58 virtute
579 658 109 58 eius
648 658 218 58 necessitatem
824 658 82 58 et
865 658 218 58 excellentiam
1042 658 82 58 ad
1083 658 122 58 alias
1151 658 136 58 virtutes

371 708 214 53 explicando.
542 708 114 53 vnde
613 708 86 53 in
656 708 114 53 fine
727 708 114 53 caua
798 708 114 53 nunc
870 708 143 53 inquit
969 708 157 53 manent.
1083 708 143 53 fides.
1169 708 128 53 speies.

387 748 187 50 charitas.
530 748 115 50 tria
602 748 115 50 hec:
674 748 129 50 maior
761 748 129 50 autem
847 748 129 50 horum
933 748 101 50 est
991 748 187 50 charitas.
1135 748 72 50 ⁋
1164 748 115 50 Item
1235 748 86 50 ad

385 796 104 46 col.
450 796 156 46 indiuite
567 796 130 46 inquit
659 796 91 46 vos
711 796 117 46 sicut
789 796 130 46 electi
880 796 91 46 dei
932 796 143 46 sciente
1036 796 78 46 et
1076 796 143 46 dilecti
1167 796 130 46 viscera-

385 839 205 48 misericordiae
554 839 72 48 et
590 839 109 48 alias
662 839 205 48 benignitatem:
831 839 205 48 virginitatem:
1000 839 205 48 habuilitatem:
1157 839 145 48 modestiam:

385 881 182 47 patientiam
528 881 104 47 etc.
593 881 130 47 Moxque
684 881 169 47 sequitur:
814 881 117 47 super
893 881 117 47 omnia
971 881 117 47 autem
1049 881 91 47 hec
1101 881 182 47 charitatem
1231 881 65 47 ha-

371 925 123 45 bete:
453 925 109 45 quod
521 925 95 45 est
576 925 164 45 vinculum
699 925 232 45 perfectionis.
890 925 95 45 vbi
944 925 123 45 glosa
1026 925 123 45 dicti
1108 925 123 45 huius
1176 925 123 45 reddens

370 970 171 51 rationem:
501 970 105 51 ait.
567 970 118 51 magis
645 970 105 51 enim
711 970 171 51 studendum
842 970 92 51 est
895 970 79 51 ei
934 970 157 51 virtuti:
1052 970 92 51 que
1104 970 118 51 maior
1170 970 118 51 omnibus

380 1007 98 53 est.
441 1007 85 53 vbi
490 1007 110 53 patet
563 1007 98 53 quod
624 1007 85 53 hic
672 1007 146 53 loquitur
782 1007 73 53 de
819 1007 158 53 charitate
941 1007 98 53 quae
1001 1007 122 53 virtus
1087 1007 98 53 est:
1148 1007 73 53 et
1184 1007 98 53 hanc
1233 1007 61 53 vir

374 1056 122 43 tutem
456 1056 176 43 moralibus
591 1056 176 43 praeponit
726 1056 122 43 sicut
807 1056 81 43 vt
848 1056 122 43 prius
929 1056 176 43 allegatum
1064 1056 95 43 est
1105 1056 189 43 praeposuerat

373 1098 154 54 reliquis
488 1098 179 54 virtutibus
629 1098 192 54 theologicis
783 1098 154 54 scilicet
898 1098 115 54 fidei
975 1098 77 54 et
1013 1098 115 54 spei.
1090 1098 64 54 ⁋
1116 1098 77 54 Et
1154 1098 77 54 si
1180 1098 115 54 dicatur

377 1140 114 49 sicut.
456 1140 114 49 dicens
536 1140 125 49 magitur
627 1140 91 49 quod
683 1140 136 49 charitas
786 1140 80 49 non
831 1140 91 49 ideo
888 1140 125 49 dicitur
979 1140 57 49 a
1002 1140 125 49 sanctis
1092 1140 125 49 virtus:
1183 1140 91 49 quia
1229 1140 68 49 ipsa

371 1184 87 48 sit
420 1184 137 48 virtus:
520 1184 87 48 sed
569 1184 99 48 quia
632 1184 87 48 per
681 1184 87 48 eam
731 1184 112 48 quasi
806 1184 112 48 esset
880 1184 124 48 virtus
967 1184 162 48 afficitur
1092 1184 99 48 mens
1154 1184 75 48 et
1179 1184 124 48 mouetur:

362 1226 91 56 hec
414 1226 182 56 profinctio
557 1226 117 56 glosa
635 1226 117 56 nimis
713 1226 91 56 est
765 1226 78 56 ad
804 1226 156 56 placitum
921 1226 195 56 glosatorum:
1077 1226 143 56 quoniam
1181 1226 78 56 et
1207 1226 78 56 pari

373 1272 137 50 ratione
472 1272 124 50 posset
559 1272 112 50 dici:
634 1272 100 50 quod
696 1272 87 50 non
746 1272 87 50 est
795 1272 124 50 aliqua
883 1272 124 50 virtus
970 1272 124 50 infusa
1057 1272 100 50 quae
1119 1272 87 50 sit
1169 1272 112 50 fides
1231 1272 62 50 vel

379 1314 116 54 spes:
456 1314 90 54 sed
508 1314 65 54 s
534 1314 155 54 scilicet
650 1314 168 54 immediate
779 1314 116 54 actus
856 1314 155 54 credendi
973 1314 77 54 et
1011 1314 155 54 sperandi
1127 1314 168 54 operatur.
1243 1314 52 54 Et

381 1358 129 55 sicubi
471 1358 180 55 inueniatur
613 1358 129 55 dictum
703 1358 103 55 quod
767 1358 116 55 fides
844 1358 90 55 est
896 1358 142 55 virtus.
999 1358 193 55 Respondetur
1153 1358 103 55 quod
1205 1358 77 55 idec

376 1399 81 49 sic
423 1399 139 49 dicitur:
527 1399 127 49 quoniam
620 1399 81 49 per
666 1399 139 49 specntum
770 1399 139 49 secendum
874 1399 104 49 quasi
944 1399 104 49 esset
1013 1399 116 49 virtus
1094 1399 93 49 mens
1152 1399 127 49 mouetur
1245 1399 69 49 ad

380 1445 170 49 credendum.
514 1445 73 49 Et
550 1445 110 49 eodem
623 1445 97 49 modo
684 1445 73 49 de
721 1445 134 49 specie:
818 1445 85 49 nec
867 1445 97 49 puto
928 1445 97 49 quod
989 1445 122 49 aliqua
1074 1445 170 49 auctoritas
1196 1445 85 49 scri-

368 1486 126 51 pture
452 1486 140 51 possit
550 1486 154 51 haberi:
661 1486 98 51 per
717 1486 112 51 quam
787 1486 196 51 efficacius
941 1486 140 51 possit
1039 1486 154 51 probari
1150 1486 112 51 esse
1206 1486 84 51 ali-

381 1528 105 56 quem
447 1528 144 56 habitum
552 1528 144 56 infusum
657 1528 92 56 qui
709 1528 92 56 sit
762 1528 131 56 fides:
854 1528 92 56 aut
906 1528 144 56 aliquem
1011 1528 92 56 qui
1064 1528 92 56 sit
1116 1528 158 56 species:
1221 1528 79 56 quam

377 1580 155 53 probari
490 1580 141 53 posset
589 1580 113 53 esse
659 1580 155 53 aliquem
772 1580 99 53 qui
828 1580 99 53 est
885 1580 183 53 charitas.
1026 1580 71 53 ⁋
1054 1580 85 53 2o
1096 1580 85 53 ad
1139 1580 113 53 idem
1195 1580 99 53 facit

381 1624 138 52 apost.
478 1624 83 52 ad
519 1624 138 52 ratio.
616 1624 166 52 charitas
740 1624 97 52 dei
796 1624 152 52 diffusa
906 1624 97 52 est
961 1624 83 52 in
1003 1624 166 52 cordibus
1127 1624 152 52 nostris
1224 1624 69 52 per

375 1659 132 55 spectum
471 1659 156 55 scuentdum
591 1659 84 55 qui
639 1659 108 55 datus
711 1659 84 55 est
759 1659 120 55 nobis:
844 1659 84 55 que
892 1659 108 55 verba
964 1659 72 55 et
1000 1659 72 55 si
1036 1659 120 55 aliter
1120 1659 132 55 possent
1204 1659 84 55 glosa

371 1709 84 51 ri:
419 1709 144 51 apertius
527 1709 108 51 tamen
599 1709 180 51 insinuauit:
742 1709 132 51 spectum
838 1709 144 51 scentdum
946 1709 108 51 datum
1018 1709 108 51 esse:
1089 1709 72 51 et
1125 1709 72 51 ab
1161 1709 96 51 illo
1209 1709 72 51 dato

369 1751 189 49 charitatem
518 1751 81 49 in
559 1751 189 49 apstolorum
707 1751 162 49 cordibus
829 1751 108 49 esse
896 1751 176 49 diffusam:
1031 1751 122 49 quasi
1112 1751 162 49 charitas
1220 1751 68 49 sit

372 1795 122 48 aliud
454 1795 68 48 a
481 1795 122 48 sptum
562 1795 136 48 secndo
658 1795 163 48 diffusum
780 1795 163 48 creatum:
902 1795 109 48 quem
970 1795 136 48 sensum
1065 1795 176 48 insinuant
1187 1795 95 48 verba

365 1831 118 59 Aug.
439 1831 132 59 omel.
527 1831 88 59 6.
571 1831 132 59 super
660 1831 132 59 prima
748 1831 177 59 canonica
881 1831 103 59 Io.
939 1831 206 59 exponentis
1101 1831 132 59 illud
1175 1831 103 59 apost

373 1878 75 53 ad
410 1878 112 53 rotio
484 1878 99 53 ipse
546 1878 149 53 spiritus
658 1878 149 53 postulat
770 1878 87 53 pro
820 1878 124 53 nobis.
906 1878 99 53 Quid
969 1878 87 53 est
1018 1878 124 53 inquit
1105 1878 99 53 ipse
1155 1878 124 53 spiritus

367 1921 116 49 scuns
445 1921 194 49 interpellat
600 1921 194 49 prosanctis:
755 1921 103 49 nisi
819 1921 103 49 ipsa
884 1921 168 49 charitas:
1013 1921 103 49 quae
1077 1921 77 49 in
1116 1921 77 49 te
1155 1921 90 49 per
1194 1921 90 49 spiri

366 1963 94 60 tum
419 1963 121 60 facta
500 1963 108 60 est.
567 1963 108 60 Ideo
635 1963 108 60 enim
702 1963 135 60 dicens
796 1963 108 60 idem
863 1963 135 60 apost.
958 1963 161 60 charitas
1079 1963 94 60 dei
1133 1963 148 60 diffusa
1227 1963 67 60 est

373 2005 77 62 in
412 2005 154 62 cordibus
528 2005 142 62 nostris
631 2005 90 62 per
682 2005 142 62 spectum
785 2005 154 62 scendum:
901 2005 90 62 qui
952 2005 116 62 datus
1030 2005 90 62 est
1081 2005 129 62 nobis:
1158 2005 129 62 charitas

372 2050 115 59 ipsa
443 2050 143 59 gemit:
543 2050 172 59 charitas
672 2050 115 59 ipsa
744 2050 115 59 orat
816 2050 115 59 etc.
887 2050 172 59 charitas
1016 2050 129 59 autem
1102 2050 172 59 increata
1216 2050 72 59 ab-

362 2093 100 53 sit
419 2093 86 53 vt
462 2093 143 53 aliquo
562 2093 115 53 modo
634 2093 129 53 facta
720 2093 172 53 dicatur.
849 2093 72 53 ⁋
878 2093 86 53 3o
921 2093 86 53 ad
964 2093 115 53 idem
1035 2093 129 53 mouet
1107 2093 172 53 auctoritas

364 2141 146 57 ecclesie
474 2141 159 57 dicentis.
596 2141 122 57 extra.
681 2141 73 57 de
718 2141 110 57 summa
791 2141 98 57 tri.
852 2141 73 57 et
889 2141 98 57 fide
950 2141 98 57 cau.
1011 2141 73 57 c.
1047 2141 122 57 damna.
1133 2141 98 57 quae
1181 2141 98 57 diotu-

361 2186 109 54 tam
424 2186 186 54 paruulis
563 2186 124 54 quam
641 2186 171 54 adultis
765 2186 186 54 conferri
905 2186 93 54 in
952 2186 186 54 baptismo
1076 2186 202 54 informantem

369 2223 145 61 gratiam
474 2223 79 61 et
514 2223 158 61 virtutes
633 2223 106 61 esse
699 2223 145 61 tanquam
804 2223 224 61 probabiliorem
989 2223 79 61 et
1028 2223 132 61 dictis
1121 2223 145 61 sconrum
1213 2223 66 61 ma-

368 2273 97 51 gis
424 2273 167 51 consonam
549 2273 194 51 eligendam.
701 2273 97 51 per
757 2273 153 51 gratiam
868 2273 125 51 autem
951 2273 97 51 non
1006 2273 125 51 aliud
1090 2273 111 51 quam
1145 2273 139 51 charitas

363 2313 171 57 intelligi
494 2313 131 57 debere
586 2313 157 57 videtur:
704 2313 92 57 aut
756 2313 79 57 si
796 2313 92 57 sit
848 2313 131 57 aliud:
940 2313 157 57 iudicium
1058 2313 105 57 idem
1124 2313 144 57 quantum
1229 2313 79 57 ad

372 2357 101 55 hoc
429 2357 86 55 de
472 2357 158 55 vtraque
588 2357 173 55 habendum
717 2357 115 55 esse
789 2357 173 55 apparet.
919 2357 72 55 ⁋
948 2357 86 55 Ad
991 2357 101 55 hoc
1049 2357 130 55 facit
1135 2357 115 55 quod
1193 2357 86 55 aug.

369 2402 118 58 eodem
447 2402 104 58 modo
513 2402 144 58 quantum
617 2402 78 58 ad
656 2402 91 58 hoc
708 2402 157 58 loquitur
826 2402 78 58 de
865 2402 131 58 gratia
957 2402 78 58 et
996 2402 183 58 charitate.
1139 2402 104 58 vnde
1192 2402 91 58 primo

371 2445 128 51 tract.
461 2445 128 51 dicens
550 2445 102 51 quod
614 2445 153 51 voluntas
729 2445 102 51 nisi
793 2445 128 51 gratia
882 2445 89 51 dei
933 2445 166 51 liberetur
1061 2445 64 51 a
1086 2445 179 51 seruitute:
1214 2445 64 51 qua

371 2485 133 57 facta
460 2485 103 57 est
519 2485 133 57 serua
607 2485 177 57 peccati:
740 2485 88 57 et
784 2485 88 57 vt
828 2485 133 57 vicia
917 2485 162 57 superet
1034 2485 206 57 adiuuetur:
1182 2485 103 57 recte

370 2535 119 49 pieque
453 2535 95 49 viui
513 2535 60 49 a
537 2535 167 49 mortalibus
668 2535 83 49 non
715 2535 131 49 potest:
811 2535 71 49 et
846 2535 71 49 in
882 2535 143 49 sequenti
989 2535 143 49 capitulo
1096 2535 107 49 idem.
1168 2535 119 49 dicens
1239 2535 48 49 de

364 2583 181 50 charitate.
506 2583 116 50 verum
584 2583 91 50 est
636 2583 129 50 inquit
726 2583 142 50 omnino:
830 2583 91 50 hoc
881 2583 116 50 omnes
959 2583 142 50 homines
1062 2583 116 50 posse
1140 2583 78 50 si
1166 2583 116 50 velint:

365 2617 96 48 sed
420 2617 207 48 praeparatur
586 2617 165 48 voluntas
710 2617 69 48 a
737 2617 152 48 domino:
848 2617 83 48 et
889 2617 138 48 tantum
986 2617 138 48 augetu
1082 2617 138 48 munere
1165 2617 110 48 chari-

361 2661 109 45 tatis
433 2661 72 45 vt
470 2661 145 45 possint.
578 2661 60 45 ⁋
603 2661 97 45 Item
663 2661 145 45 capitul.
772 2661 60 45 2
796 2661 72 45 3.
832 2661 121 45 dicens
917 2661 60 45 a
941 2661 217 45 concupiscentie
1122 2661 145 45 dominatu
1219 2661 60 45 non

370 2703 138 47 liberat
471 2703 100 47 nisi
533 2703 125 47 gratia
621 2703 100 47 dei:
684 2703 88 47 per
734 2703 113 47 iesum
809 2703 150 47 christum
922 2703 175 47 dominundum
1060 2703 138 47 nostrm:
1160 2703 100 47 dono
1210 2703 75 47 spi-

357 2746 127 55 ritus
441 2746 141 55 sctit:
540 2746 98 55 per
596 2746 112 55 quem
666 2746 155 55 diffusa
779 2746 169 55 charitas
905 2746 84 55 in
948 2746 169 55 cordibus
1074 2746 155 55 nostris
1173 2746 112 55 vincit

364 2784 135 63 carnis
459 2784 270 63 concupiscentias.
689 2784 81 63 Et
730 2784 122 63 infra
811 2784 122 63 eodem
892 2784 162 63 capitulo
1014 2784 189 63 ostendens:
1162 2784 95 63 quo
1203 2784 81 63 cre-

368 2837 116 45 dere
440 2837 87 45 et
483 2837 130 45 bonum
570 2837 159 45 operari
685 2837 116 45 sunt
758 2837 72 45 a
786 2837 144 45 nobis:
888 2837 87 45 et
931 2837 101 45 quo
989 2837 72 45 a
1018 2837 116 45 deo.
1090 2837 173 45 vtrumque
1205 2837 87 45 enim

368 2874 137 53 inquit
464 2874 150 53 nostrum
573 2874 96 53 est
628 2874 150 53 propter
737 2874 178 53 arbitrium
874 2874 205 53 voluntatis:
1038 2874 82 53 et
1079 2874 164 53 vtrumque
1188 2874 96 53 tamen

369 2924 114 55 datum
445 2924 89 55 est
496 2924 89 55 per
547 2924 139 55 spectum
648 2924 139 55 scentum
749 2924 114 55 fidei
825 2924 76 55 et
863 2924 190 55 charitatis.
1015 2924 89 55 Non
1066 2924 101 55 enim
1129 2924 101 55 sola
1180 2924 101 55 chari-

369 2966 105 43 tas:
435 2966 92 43 sed
487 2966 119 43 sicut
566 2966 158 43 scriptum
685 2966 92 43 est
738 2966 158 43 charitas
856 2966 92 43 cum
909 2966 105 43 fide
975 2966 66 43 a
1001 2966 92 43 deo
1054 2966 119 43 patre
1133 2966 92 43 cum
1173 2966 105 43 dominu

371 3006 110 75 iesu
440 3006 165 75 christo.
563 3006 82 75 Et
605 3006 110 75 sunt
673 3006 124 75 verba
756 3006 137 75 apost.
852 3006 82 75 ad
893 3006 110 75 eph.
962 3006 82 75 Si
1003 3006 110 75 ergo
1071 3006 96 75 que
1126 3006 165 75 dicuntur
1236 3006 55 75 de

1346 222 188 59 charitate
1490 222 202 59 exponantur
1649 222 87 59 de
1692 222 188 59 charitate
1837 222 173 59 increata
1967 222 87 59 et
2010 222 101 59 non
2068 222 159 59 ponatur
2169 222 87 59 ali-

1343 279 99 43 qua
1399 279 169 43 charitas
1526 279 155 43 creata:
1639 279 99 43 ita
1696 279 113 43 dico
1766 279 113 43 quod
1837 279 127 43 nulla
1921 279 99 43 est
1978 279 141 43 gratia
2077 279 141 43 creata
2161 279 99 43 neque

1347 319 145 48 fides:
1448 319 101 48 sed
1506 319 130 48 omnia
1592 319 116 48 ista
1664 319 101 48 que
1722 319 173 48 dicuntur
1852 319 188 48 faciliter
1997 319 188 48 potuerunt
2127 319 130 48 exponi-

1351 358 69 63 de
1386 358 92 63 spum
1444 358 139 63 secondo:
1548 358 69 63 vt
1582 358 104 63 omnia
1652 358 92 63 ipse
1709 358 150 63 immediate
1825 358 150 63 operetur:
1940 358 69 63 et
1975 358 104 63 tamen
2044 358 69 63 de
2079 358 115 63 gratia
2160 358 69 63 et
2183 358 69 63 fide

1351 404 162 54 communiter
1478 404 173 54 conceditur:
1617 404 92 54 quod
1675 404 92 54 sunt
1732 404 127 54 habitus
1825 404 231 54 supernaturaliter
2021 404 127 54 infusi.
2113 404 58 54 ⁋
2137 404 92 54 Quia
2183 404 69 54 ergo

1341 447 128 52 opinio
1431 447 141 52 magitri
1534 447 90 52 non
1585 447 167 52 roboratur
1714 447 128 52 aliqua
1804 447 180 52 necessaria
1945 447 193 52 probatione:
2099 447 77 52 et
2125 447 128 52 opposita

1343 494 140 50 opinio
1441 494 126 50 magis
1525 494 154 50 videtur
1637 494 196 50 conformari
1791 494 84 50 ex
1832 494 140 50 dictis
1930 494 196 50 sanctorum:
2084 494 84 50 vt
2126 494 126 50 patet
2196 494 70 50 per

1346 542 148 46 premissa:
1460 542 69 46 et
1494 542 57 46 a
1517 542 160 46 doctoritas
1642 542 160 46 communiter
1768 542 137 46 tenetur:
1871 542 91 46 ideo
1928 542 80 46 cum
1974 542 103 46 istis
2042 542 69 46 de
2076 542 126 46 communi
2156 542 103 46 opinio-

1343 578 87 58 ne
1386 578 203 58 consentio.
1545 578 72 58 ⁋
1574 578 87 58 Ad
1617 578 203 58 auctoritas
1777 578 116 58 Aug.
1849 578 101 58 pro
1907 578 145 58 magfro
2008 578 188 58 allegatas
2153 578 145 58 potest
2254 578 87 58 ad
2283 578 130 58 ratioes

1334 627 193 67 responderi
1486 627 124 67 sicut
1569 627 179 67 respondet
1706 627 152 67 scotus.
1817 627 69 67 ⁋
1844 627 179 67 Respondeo
1982 627 124 67 tamen
2065 627 152 67 aliter:
2175 627 83 67 et
2217 627 110 67 puto
2272 627 110 67 magfri

1329 675 126 43 magis
1413 675 168 43 secundum
1539 675 210 43 intentionem
1707 675 112 43 Aug.
1777 675 98 43 vbi
1832 675 168 43 sciendum
1958 675 112 43 quod
2028 675 112 43 Aug.
2098 675 98 43 15.
2154 675 84 43 de
2182 675 84 43 tri.

1341 715 84 58 et
1383 715 126 58 super
1467 715 98 58 Io.
1523 715 140 58 omelis
1621 715 70 58 8
1649 715 84 58 3.
1691 715 168 58 exponens
1817 715 126 58 illud
1902 715 126 58 Ioan.
1986 715 84 58 5.
2028 715 140 58 manete
2126 715 84 58 in
2168 715 112 58 dile
2238 715 112 58 cau.
2294 715 84 58 i

1344 750 135 53 ctione
1439 750 108 53 mea.
1507 750 162 53 duplicem
1628 750 95 53 dei
1682 750 203 53 dilectionem
1845 750 203 53 distinguit.
2007 750 95 53 vna
2061 750 95 53 est
2115 750 108 53 quae
2169 750 81 53 ipse

1330 800 103 48 nos
1389 800 177 48 diligit:
1522 800 118 48 alia
1596 800 103 48 qua
1655 800 103 48 nos
1714 800 192 48 diligimus
1862 800 118 48 eum.
1935 800 133 48 Prima
2024 800 103 48 est
2083 800 177 48 increata
2201 800 59 48 et

1344 840 100 50 deus
1406 840 112 50 ipse.
1480 840 100 50 alia
1543 840 87 50 est
1592 840 124 50 quedam
1679 840 112 50 forma
1754 840 149 50 existens
1866 840 75 50 in
1903 840 124 50 nobis:
1990 840 100 50 quae
2053 840 87 50 non
2102 840 87 50 est
2152 840 100 50 deus
2202 840 62 50 sed

1343 887 169 46 creatura.
1473 887 78 46 Et
1512 887 78 46 de
1551 887 130 46 prima.
1642 887 130 46 dicens
1733 887 208 46 intellexisse
1903 887 182 46 saluatorem
2046 887 91 46 cum
2098 887 104 46 ait.
2150 887 104 46 manete

1344 927 78 52 in
1383 927 183 52 dilectione
1527 927 104 52 mea:
1592 927 144 52 vtraque
1697 927 118 52 autem
1775 927 144 52 dicitur
1879 927 157 52 dilectio
1997 927 104 52 quae
2062 927 170 52 diligimus
2180 927 78 52 fra-

1333 970 136 50 trem:
1423 970 105 50 sed
1484 970 105 50 sub
1544 970 166 50 diuerso
1664 970 151 50 sensu.
1770 970 105 50 Nam
1830 970 181 50 dilectio
1966 970 151 50 creata
2071 970 105 50 est
2131 970 105 50 qua
2177 970 75 50 for

1339 1016 147 50 maliter
1445 1016 187 50 diligimus:
1592 1016 107 50 siue
1659 1016 120 50 actus
1739 1016 173 50 diligendi
1872 1016 80 50 id
1912 1016 93 50 est
1966 1016 160 50 diligere
2086 1016 93 50 quo
2139 1016 107 50 ffem
2192 1016 67 50 di-

1337 1058 148 53 ligimus.
1447 1058 86 53 Sed
1497 1058 148 53 dilectio
1608 1058 148 53 increata
1718 1058 86 53 est
1768 1058 98 53 qua.
1829 1058 74 53 id
1866 1058 86 53 est
1915 1058 135 53 propter
2014 1058 98 53 quam
2075 1058 172 53 causaliter
2198 1058 62 53 di-

1342 1100 145 55 ligimus
1447 1100 158 55 fratrem.
1566 1100 172 55 Quicumque
1698 1100 106 55 enim
1764 1100 145 55 diligit
1870 1100 158 55 proximum
1989 1100 119 55 sicut
2068 1100 132 55 debet:
2147 1100 119 55 diligit

1340 1145 112 59 ipsum
1414 1145 137 59 propter
1514 1145 187 59 dilectionem
1663 1145 100 59 dei:
1725 1145 87 59 qua
1775 1145 149 59 scilicet
1887 1145 100 59 deus
1949 1145 137 59 diligit
2049 1145 87 59 sic
2086 1145 162 59 diligentem.

1342 1185 174 56 Similiter
1476 1185 147 56 vtraque
1583 1185 147 56 dicitur
1690 1185 161 56 dilectio
1811 1185 161 56 fraterna
1931 1185 134 56 creata
2025 1185 147 56 quidem:
2132 1185 107 56 quia
2186 1185 67 56 per

1341 1234 104 50 eam
1401 1234 193 50 diligimus
1549 1234 178 50 fratrem.
1683 1234 178 50 Increata
1816 1234 119 50 vero
1891 1234 163 50 dicitur
2009 1234 178 50 dilectio
2128 1234 119 50 frater

1338 1281 88 49 na:
1389 1281 100 49 quia
1451 1281 138 49 propter
1552 1281 88 49 eam
1602 1281 163 49 diligimus
1727 1281 151 49 fratrem.
1840 1281 88 49 Cum
1890 1281 100 49 ergo
1953 1281 100 49 Aug.
2016 1281 125 49 dicens
2104 1281 88 49 qui
2141 1281 113 49 diligit

1346 1325 172 48 proximum
1475 1325 158 48 diligit
1590 1325 230 48 dilectionem:
1776 1325 100 48 non
1834 1325 201 48 intelligit
1992 1325 86 48 de
2035 1325 201 48 dilectione
2178 1325 72 48 per

1340 1370 123 46 quam:
1423 1370 96 46 sed
1477 1370 151 46 propter
1587 1370 110 46 quam
1656 1370 151 46 diligit
1765 1370 178 46 proximum.
1902 1370 96 46 Nam
1957 1370 178 46 quicumque
2094 1370 151 46 diligit
2190 1370 69 46 si-

1349 1409 81 51 tut
1396 1409 104 51 debet
1465 1409 139 51 scilicet
1569 1409 127 51 propter
1661 1409 104 51 deum:
1730 1409 92 51 ille
1788 1409 115 51 vtique
1869 1409 127 51 diligit
1961 1409 173 51 dilectionem
2100 1409 127 51 propter
2181 1409 69 51 quam

1339 1450 152 47 diligit
1450 1450 180 47 proximum:
1588 1450 111 47 quia
1657 1450 152 47 propter
1767 1450 111 47 quod
1837 1450 207 47 vnumquodque
2002 1450 111 47 tale
2071 1450 83 47 et
2113 1450 124 47 illud
2182 1450 69 47 ma-

1342 1497 95 49 gis:
1401 1497 71 49 et
1437 1497 83 49 hoc
1484 1497 119 49 innuit
1567 1497 83 49 cum
1615 1497 95 49 ait.
1674 1497 166 49 consequens
1805 1497 95 49 est:
1864 1497 71 49 vt
1899 1497 107 49 ipsam
1970 1497 154 49 praecipue
2089 1497 71 49 id
2125 1497 83 49 est
2160 1497 95 49 maxime

1331 1544 213 48 dilectionem
1501 1544 170 48 diligat:
1629 1544 85 48 et
1672 1544 114 48 illa
1743 1544 142 48 vtique
1842 1544 170 48 dilectio
1970 1544 114 48 deus
2041 1544 114 48 est.
2112 1544 71 48 ⁋
2140 1544 114 48 Item
2197 1544 57 48 de

1338 1577 139 60 eadem
1430 1577 185 60 loquitur
1569 1577 108 60 cum
1631 1577 123 60 ait.
1708 1577 139 60 magis
1800 1577 123 60 enim
1877 1577 139 60 nouit
1970 1577 231 60 dilectionem
2155 1577 108 60 qua
2201 1577 62 60 di

1343 1626 111 52 ligit
1417 1626 74 52 id
1454 1626 86 52 est
1503 1626 136 52 propter
1601 1626 99 52 quam
1663 1626 148 52 diligit.
1774 1626 99 52 Ista
1836 1626 111 52 etiam
1910 1626 86 52 est
1959 1626 148 52 fraterna
2070 1626 148 52 dilectio
2181 1626 74 52 id
2205 1626 62 52 est

1339 1670 143 52 propter
1443 1670 104 52 quam
1507 1670 130 52 frater
1598 1670 168 52 diligitur
1728 1670 104 52 quam
1793 1670 117 52 dicit
1870 1670 104 52 esse
1935 1670 117 52 deum:
2013 1670 104 52 quod
2078 1670 117 52 etiam
2142 1670 104 52 innuit

1328 1711 105 54 quod
1394 1711 171 54 sequitur.
1525 1711 92 54 Cum
1578 1711 105 54 ergo
1644 1711 79 54 de
1683 1711 184 54 dilectione
1828 1711 171 54 diligimus
1959 1711 158 54 fratrem:
2078 1711 79 54 de
2117 1711 92 54 deo
2157 1711 92 54 dili-

1338 1758 118 48 gimus
1417 1758 118 48 ffem:
1495 1758 79 48 de
1534 1758 105 48 enim
1600 1758 210 48 causalitatem
1770 1758 170 48 importat:
1901 1758 79 48 et
1941 1758 92 48 est
1993 1758 144 48 sensus.
2098 1758 79 48 de
2124 1758 131 48 dilectio

1335 1805 75 49 ne
1373 1805 75 49 id
1411 1805 88 49 est
1461 1805 75 49 ex
1499 1805 176 49 dilectione
1636 1805 88 49 vel
1687 1805 138 49 propter
1787 1805 201 49 dilectionem:
1950 1805 100 49 illa
2013 1805 113 49 autem
2088 1805 88 49 est
2138 1805 113 49 deus.
2201 1805 50 49 Et

1345 1845 88 50 per
1396 1845 176 50 consequens
1534 1845 138 50 propter
1634 1845 101 50 deum
1697 1845 138 50 diligit
1798 1845 151 50 fratrem.
1911 1845 75 50 Ac
1948 1845 88 50 per
1999 1845 88 50 hoc
2049 1845 163 50 praecipue
2162 1845 88 50 dili-

1333 1892 93 48 git
1386 1892 120 48 ipsum
1466 1892 120 48 deum:
1546 1892 80 48 et
1586 1892 93 48 hec
1639 1892 93 48 est
1693 1892 200 48 principalis
1853 1892 173 48 conclusio
1986 1892 107 48 quam
2053 1892 173 48 intendit:
2173 1892 80 48 vult

1338 1930 101 51 enim
1402 1930 139 51 probare
1503 1930 101 51 quod
1566 1930 89 51 qui
1617 1930 139 51 diligit
1719 1930 152 51 proximum
1833 1930 114 51 sicut
1909 1930 127 51 debet:
1997 1930 114 51 etiam
2074 1930 139 51 diligit
2162 1930 89 51 deum.

1336 1971 114 55 Item
1407 1971 114 55 quod
1478 1971 100 55 ait
1535 1971 156 55 diligat
1649 1971 156 55 fratrem
1762 1971 85 55 et
1805 1971 156 55 diligat
1919 1971 142 55 eandem
2018 1971 228 55 dilectionem.
2189 1971 57 55 ly

1330 2016 149 50 eandem.
1439 2016 95 50 non
1493 2016 163 50 supponit
1616 2016 95 50 nec
1670 2016 163 50 refertur
1792 2016 81 50 ad
1833 2016 204 50 dilectionem
1996 2016 95 50 per
2050 2016 109 50 quam
2118 2016 163 50 diligit:

1332 2057 117 60 sed
1399 2057 101 60 ad
1450 2057 117 60 eam
1517 2057 185 60 propter
1651 2057 134 60 quam
1735 2057 201 60 diligit.
1886 2057 101 60 de
1936 2057 117 60 qua
2003 2057 218 60 immediate
2154 2057 101 60 pre-

1333 2101 185 61 miserat.
1471 2101 123 61 deus
1549 2101 185 61 dilectio
1672 2101 77 61 est

1301 2142 182 91 Quantum
1434 2142 99 91 ad
1483 2142 99 91 2m
1533 2142 231 91 articulum.
1714 2142 165 91 valet.
1830 2142 149 91 vtrum
1929 2142 116 91 per
1995 2142 116 91 dei
2061 2142 215 91 potentiam
2226 2142 99 91 2a
2259 2142 132 91 artiul

1618 2186 195 58 absolutam
1768 2186 105 58 sit
1828 2186 195 58 possibile
1978 2186 165 58 aliquem
2098 2186 105 58 non
2143 2186 120 58 haben-

1328 2233 107 58 tem
1389 2233 92 58 in
1435 2233 92 58 se
1481 2233 169 58 habitum
1604 2233 215 58 charitatis
1772 2233 291 58 supernatualiter
2018 2233 184 58 infusum:
2140 2233 123 58 dilige

1324 2283 95 50 re
1372 2283 127 50 deum
1451 2283 222 50 meritorie.
1625 2283 206 50 praemitto
1784 2283 143 50 primo
1879 2283 127 50 quid
1958 2283 206 50 intelligo
2116 2283 111 50 per
2164 2283 95 50 deum

1336 2326 193 49 diligere
1481 2326 226 49 meritorie.
1658 2326 113 49 Cum
1722 2326 129 49 enim
1803 2326 177 49 meritum
1932 2326 177 49 dicatur
2061 2326 97 49 in
2093 2326 161 49 respectu

1334 2365 78 47 ad
1373 2365 169 47 praemium:
1503 2365 78 47 et
1542 2365 143 47 premium
1646 2365 91 47 sit
1698 2365 130 47 duplex
1789 2365 156 47 scilicet
1905 2365 143 47 eternum
2009 2365 78 47 et
2048 2365 182 47 temporale:
2178 2365 78 47 siue

1332 2406 200 61 beatificum
1489 2406 86 61 et
1532 2406 100 61 non
1589 2406 215 61 beatificum.
1761 2406 86 61 in
1804 2406 186 61 proposito
1947 2406 100 61 non
2005 2406 100 61 est
2062 2406 157 61 questio
2162 2406 86 61 nisi

1333 2452 91 48 de
1378 2452 211 48 dilectione
1544 2452 196 48 meritoria
1695 2452 151 48 premii
1801 2452 151 48 eterni
1907 2452 106 48 seu
1967 2452 196 48 beatifici
2118 2452 121 48 quod
2179 2452 76 48 est

1345 2500 116 50 vita
1418 2500 160 50 eterna.
1534 2500 174 50 Secundum
1665 2500 102 50 hoc
1724 2500 116 50 ergo
1796 2500 116 50 ille
1869 2500 160 50 dicitur
1985 2500 174 50 diligere
2116 2500 116 50 deum
2174 2500 73 50 me-

1329 2538 155 46 ritorie
1442 2538 99 46 qui
1498 2538 99 46 pro
1554 2538 197 46 dilectione
1709 2538 99 46 qua
1766 2538 155 46 diligit
1879 2538 113 46 deum
1949 2538 226 46 praemiabitur
2118 2538 127 46 praemio

1337 2583 149 53 eterno:
1446 2583 81 53 si
1486 2583 176 53 finaliter
1622 2583 203 53 saluabitur:
1784 2583 108 53 siue
1852 2583 189 53 praemiaret
2000 2583 81 53 si
2041 2583 176 53 finaliter
2163 2583 81 53 sal-

1327 2624 186 54 uaretur.
1467 2624 78 54 ⁋
1498 2624 93 54 Et
1545 2624 124 54 quia
1623 2624 202 54 quicumque
1778 2624 202 54 meritorie
1933 2624 171 54 diligit
2058 2624 109 54 est
2120 2624 109 54 deo
2166 2624 78 54 ca-

1328 2672 101 50 rus
1385 2672 116 50 siue
1458 2672 174 50 acceptus
1588 2672 87 50 ad
1632 2672 130 50 vitam
1718 2672 174 50 eternam.
1849 2672 116 50 Dico
1921 2672 116 50 quod
1993 2672 116 50 esse
2066 2672 101 50 deo
2124 2672 130 50 carum
2196 2672 58 50 et

1339 2717 150 54 acceptum
1452 2717 75 54 ad
1490 2717 113 54 vitam
1565 2717 138 54 eternam
1665 2717 175 54 dupliciter
1803 2717 125 54 potest
1891 2717 175 54 intelligi.
2029 2717 88 54 vno
2079 2717 100 54 modo
2141 2717 100 54 idem
2191 2717 63 54 est

1327 2756 120 45 quod
1402 2756 120 45 esse
1477 2756 75 45 a
1508 2756 105 45 deo
1568 2756 196 45 ordinatum
1718 2756 90 45 ad
1763 2756 135 45 vitam
1854 2756 166 45 eternam
1974 2756 196 45 finaliter
2110 2756 150 45 obtinen-

1335 2797 114 50 dam:
1406 2797 85 50 et
1449 2797 100 50 sic
1505 2797 171 50 quilibet
1633 2797 185 50 electorum
1776 2797 100 50 seu
1833 2797 213 50 saluandorum
2003 2797 185 50 finaliter
2145 2797 85 50 in
2174 2797 71 50 quo

1330 2845 149 48 cumque
1434 2845 134 48 statu
1524 2845 104 48 sit
1583 2845 149 48 gratie
1688 2845 104 48 vel
1747 2845 134 48 culpe
1837 2845 149 48 meriti
1941 2845 104 48 vel
2001 2845 179 48 demeriti
2135 2845 104 48 est
2179 2845 75 48 deo

1334 2890 129 53 carus
1420 2890 86 53 et
1463 2890 186 53 acceptus:
1606 2890 86 53 et
1649 2890 143 53 nullus
1749 2890 229 53 reprobatorum
1936 2890 100 53 seu
1993 2890 215 53 damnandorum
2151 2890 100 53 fina-

1334 2930 124 47 liter
1417 2930 83 47 si
1458 2930 96 47 sit
1513 2930 83 47 in
1555 2930 124 47 statu
1637 2930 152 47 gratiae
1747 2930 96 47 est
1803 2930 96 47 deo
1858 2930 179 47 acceptus.
1995 2930 110 47 Alio
2064 2930 110 47 modo
2133 2930 110 47 idem
2188 2930 69 47 est

1328 2974 120 43 quod
1403 2974 120 43 esse
1478 2974 90 43 in
1523 2974 135 43 statu
1614 2974 105 43 vel
1674 2974 241 43 dispositione
1869 2974 90 43 in
1914 2974 105 43 qua
1974 2974 90 43 si
2004 2974 241 43 perseuerauerit

1334 3017 109 78 deus
1402 3017 109 78 illi
1470 3017 122 78 dabit
1552 3017 122 78 vitam
1633 3017 163 78 eternam.
1756 3017 82 78 In
1797 3017 109 78 tali
1864 3017 109 78 enim
1932 3017 122 78 statu
2014 3017 163 78 existens
2123 3017 122 78 dicitur
