2445 3548
337 253 134 70 tionis
430 253 161 70 moueatur
551 253 134 70 versus
645 253 147 70 aliquam
752 253 134 70 partem
846 253 121 70 medii
926 253 94 70 non
980 253 121 70 prius
1061 253 147 70 lucidam
1168 253 94 70 hoc
1208 253 67 70 po-

352 308 104 57 sito
417 308 130 57 aliqua
508 308 104 57 pars
572 308 143 57 luminis
676 308 143 57 causati
780 308 65 57 a
806 308 143 57 corpore
909 308 155 57 luminoso
1026 308 104 57 dato
1091 308 91 57 est
1142 308 104 57 fcam
1194 308 78 57 tota

344 354 104 60 simul
414 354 69 60 ea
449 354 139 60 scilicet
553 354 81 60 qua
599 354 104 60 facta
669 354 81 60 est
715 354 69 60 in
750 354 139 60 instanti
854 354 81 60 sue
900 354 174 60 creationis.
1039 354 81 60 nam
1086 354 69 60 in
1120 354 139 60 instanti
1213 354 58 60 non

347 396 120 65 potest
431 396 96 65 esse
491 396 168 65 successio.
623 396 72 65 Et
659 396 96 65 alia
719 396 96 65 quae
779 396 108 65 facta
851 396 84 65 est
899 396 72 65 in
935 396 132 65 tempore
1031 396 156 65 sequente:
1151 396 108 65 facta
1211 396 60 65 est

343 437 137 64 secundum
446 437 149 64 quodlibet
560 437 80 64 sui
606 437 217 64 particulariter:
789 437 69 64 vt
823 437 103 64 patet
892 437 69 64 ex
926 437 80 64 iam
972 437 126 64 dictis.
1063 437 92 64 quod
1120 437 103 64 autem
1178 437 92 64 aliqua

348 483 88 59 sit
399 483 113 59 facta
474 483 76 59 in
512 483 151 59 instanti
626 483 88 59 sue
676 483 176 59 creationis
815 483 164 59 probatur:
940 483 101 59 quia
1003 483 76 59 in
1041 483 101 59 illo
1104 483 151 59 instanti
1205 483 63 59 ali

351 526 96 64 qua
406 526 110 64 pars
475 526 123 64 medii
557 526 96 64 est
612 526 110 64 tota
680 526 123 64 simul
762 526 205 64 illuminata.
927 526 110 64 ergo
995 526 137 64 aliqua
1091 526 110 64 pars
1146 526 123 64 luminis

350 571 73 54 est
391 571 83 54 tota
443 571 94 54 simul
506 571 125 54 causata.
600 571 94 54 patet
662 571 167 54 consequentia
798 571 83 54 quia
850 571 63 54 vt
881 571 104 54 dictum
954 571 73 54 est
996 571 63 54 in
1027 571 125 54 instanti
1121 571 73 54 non
1162 571 73 54 est
1194 571 83 54 possi-

345 614 114 62 bilis
421 614 178 62 successio.
561 614 178 62 antecedens
700 614 139 62 probat:
802 614 101 62 quia
865 614 114 62 alias
941 614 101 62 pars
1005 614 190 62 propinquior
1157 614 101 62 tali
1208 614 63 62 cor

352 667 108 55 pori
420 667 122 55 prius
501 667 122 55 esset
582 667 189 55 illuminata
731 667 108 55 quam
798 667 176 55 remotior:
933 667 108 55 quod
1001 667 95 55 est
1055 667 149 55 falsum:
1163 667 108 55 quia
1217 667 54 55 ea

342 701 106 60 dem
402 701 167 60 ratione
524 701 106 60 ita
584 701 227 60 contingeret
766 701 91 60 de
811 701 136 60 facto
902 701 91 60 de
948 701 258 60 illuminatione
1160 701 136 60 medii
1236 701 45 60 a

356 746 115 56 sole:
433 746 76 56 et
471 746 89 56 sic
522 746 127 56 aliqua
611 746 102 56 pars
675 746 127 56 parua.
764 746 89 56 vbi
815 746 140 56 gratia.
917 746 166 56 digitalis
1045 746 166 56 immediata
1172 746 102 56 soli
1223 746 51 56 in

350 788 129 65 aliquo
440 788 116 65 certo
517 788 142 65 tempore
620 788 219 65 illuminaretur
801 788 129 65 primo:
891 788 77 65 et
929 788 77 65 2a
968 788 103 65 pars
1032 788 77 65 ei
1071 788 142 65 equalis
1161 788 116 65 illumi-

347 832 138 61 naretur
448 832 75 61 in
486 832 138 61 tempore
586 832 163 61 sequente:
712 832 75 61 et
750 832 138 61 constat
850 832 101 61 quod
913 832 88 61 non
964 832 75 61 in
1001 832 138 61 minori:
1102 832 101 61 quia
1165 832 88 61 non
1203 832 75 61 plus

362 877 125 61 potest
449 877 88 61 sol
499 877 75 61 in
537 877 125 61 partem
624 877 175 61 remotiorem
762 877 100 61 quam
824 877 75 61 in
862 877 213 61 propinquiorem
1037 877 88 61 sic
1087 877 100 61 ergo
1149 877 100 61 tota
1199 877 75 61 pars

349 924 211 53 bidigitalis
518 924 141 53 saltem
616 924 84 53 in
658 924 127 53 duplo
743 924 155 53 tempore
855 924 253 53 illuminabitur:
1066 924 112 53 quam
1122 924 155 53 digitalis

353 964 143 59 prima:
453 964 86 59 et
496 964 243 59 quadrigitalis
695 964 86 59 in
738 964 186 59 quadruplo
881 964 100 59 vel
938 964 157 59 maiori:
1053 964 86 59 et
1095 964 100 59 sic
1152 964 100 59 cum
1195 964 86 59 qua-

349 1008 84 58 si
391 1008 239 58 innumerabiles
588 1008 140 58 partes
686 1008 126 58 tales
770 1008 112 58 sint
841 1008 126 58 inter
925 1008 126 58 solem
1009 1008 84 58 et
1051 1008 169 58 extremam
1164 1008 112 58 partem

351 1059 130 46 mundi
437 1059 116 46 sibi
509 1059 188 46 oppositam
654 1059 144 46 tantum
755 1059 144 46 tempus
856 1059 188 46 laberetur
1000 1059 116 46 post
1072 1059 173 46 ascensum
1188 1059 101 46 solis

346 1096 144 57 super
442 1096 208 57 oricontem
602 1096 192 57 antequam
746 1096 176 57 extrema
873 1096 128 57 pars
953 1096 144 57 mundi
1049 1096 144 57 foret
1129 1096 160 57 illumina

353 1135 103 58 ta:
412 1135 117 58 quod
485 1135 235 58 sensibiliter
676 1135 235 58 perciperemus
866 1135 103 58 seu
925 1135 88 58 ad
969 1135 147 58 sensum
1072 1135 191 58 videremus
1204 1135 73 58 par

348 1184 104 53 tem
407 1184 207 53 orientalem
570 1184 118 53 esse
644 1184 222 53 illuminatam
822 1184 104 53 dum
881 1184 133 53 adhuc
970 1184 237 53 occidentalis
1148 1184 133 53 tenebro

357 1224 79 55 sa
396 1224 170 55 existeret
527 1224 118 55 cuius
606 1224 170 55 oppositum
736 1224 118 55 patet
815 1224 131 55 sensu.
933 1224 92 55 Nec
985 1224 131 55 potest
1077 1224 105 55 dici
1142 1224 105 55 quod
1194 1224 79 55 quam

361 1267 95 59 uis
415 1267 122 59 totum
496 1267 149 59 medium:
604 1267 95 59 aut
658 1267 135 59 aliqua
752 1267 108 59 pars
820 1267 108 59 eius
887 1267 122 59 simul
968 1267 108 59 tota
1036 1267 243 59 illuminaretur:
1225 1267 68 59 ita

358 1312 101 61 quod
422 1312 88 61 non
472 1312 88 61 vna
523 1312 114 61 prius
599 1312 76 61 et
636 1312 101 61 alia
700 1312 177 61 posterius:
839 1312 114 61 nulla
914 1312 114 61 tamen
990 1312 101 61 pars
1054 1312 139 61 luminis
1155 1312 114 61 simul
1218 1312 63 61 to-

355 1364 79 47 ta
394 1364 171 47 causatur:
526 1364 92 47 sed
579 1364 211 47 partibiliter
750 1364 171 47 quelibet.
882 1364 92 47 Nam
935 1364 79 47 si
975 1364 119 47 illud
1054 1364 132 47 corpus
1133 1364 145 47 luminosum

365 1404 191 50 causaretur:
518 1404 76 50 et
556 1404 89 50 per
607 1404 127 50 tempus
697 1404 140 50 sequens
799 1404 166 50 immediate
926 1404 178 50 quiesceret
1066 1404 89 50 non
1117 1404 166 50 intensius
1232 1404 51 50 lu

357 1445 85 53 men
405 1445 109 53 esset
478 1445 146 53 causatum
588 1445 73 53 in
624 1445 121 53 aliquo
709 1445 146 53 instanti
818 1445 121 53 illius
903 1445 146 53 temporis
1013 1445 97 53 quam
1074 1445 73 53 in
1110 1445 121 53 aliquo
1183 1445 97 53 instam

362 1492 69 48 ti
397 1492 185 48 praecedenti:
548 1492 116 48 quando
629 1492 116 48 corpus
710 1492 127 48 lucidum
802 1492 185 48 quantocumque
953 1492 127 48 tempore
1045 1492 81 48 sit
1092 1492 69 48 in
1127 1492 104 48 eadem
1184 1492 93 48 propin

353 1537 144 49 quitate
458 1537 79 49 ad
497 1537 131 49 partem
588 1537 236 49 illuminabilem:
785 1537 105 49 quae
850 1537 92 49 non
903 1537 157 49 varietur
1020 1537 157 49 secundum
1138 1537 79 49 se
1164 1537 118 49 aliter:

349 1578 91 50 nec
401 1578 118 50 ipsum
480 1578 170 50 similiter
610 1578 78 50 vt
650 1578 144 50 suppono
754 1578 78 50 ad
793 1578 170 50 praesens:
924 1578 91 50 non
976 1578 118 50 magis
1055 1578 170 50 illuminat
1185 1578 91 50 vel
1225 1578 65 50 in-

351 1614 113 57 tendit
430 1614 102 57 lumen
497 1614 90 57 quam
554 1614 113 57 prius:
633 1614 68 57 et
667 1614 79 57 per
712 1614 158 57 consequens
836 1614 79 57 non
881 1614 68 57 in
915 1614 124 57 tempore
1005 1614 79 57 sed
1050 1614 68 57 in
1084 1614 135 57 instanti
1185 1614 102 57 totum
1242 1614 45 57 il

353 1667 82 53 lud
400 1667 105 53 lumen
470 1667 70 53 in
505 1667 94 53 illa
564 1667 105 53 parte
634 1667 152 53 causatur.
751 1667 94 53 ergo
809 1667 82 53 vel
856 1667 70 53 in
891 1667 105 53 primo
961 1667 152 53 instanti:
1078 1667 70 53 et
1113 1667 129 53 habetur
1195 1667 82 53 propo

362 1705 120 48 situm:
446 1705 84 48 vel
494 1705 72 48 in
529 1705 96 48 alio
589 1705 155 48 sequente:
709 1705 72 48 et
745 1705 96 48 tunc
805 1705 144 48 sequitur
912 1705 96 48 quod
972 1705 84 48 per
1020 1705 120 48 tempus
1104 1705 132 48 actiuum
1187 1705 96 48 suffi-

361 1748 106 56 ciens
432 1748 95 56 fuit
491 1748 142 56 praesens
598 1748 130 56 passiuo
692 1748 177 56 sufficienti
834 1748 95 56 etc.
893 1748 71 56 et
928 1748 83 56 non
976 1748 106 56 egit:
1047 1748 95 56 quod
1106 1748 83 56 est
1153 1748 118 56 contra
1224 1748 59 56 na-

360 1790 112 53 turam
434 1790 137 53 agentis
534 1790 150 53 naliter.
671 1790 162 53 Praeterea
796 1790 87 53 non
846 1790 75 53 in
883 1790 112 53 primo
958 1790 87 53 non
1008 1790 87 53 est
1058 1790 112 53 ratio
1132 1790 87 53 cur
1182 1790 75 53 in
1207 1790 75 53 alio

365 1834 149 60 postea
469 1834 104 60 cum
529 1834 104 60 nec
588 1834 134 60 agens
677 1834 104 60 nec
737 1834 149 60 passum
841 1834 119 60 sint
915 1834 134 60 magis
1004 1834 193 60 potentia:
1138 1834 149 60 postquam

365 1881 104 45 tunc
430 1881 182 45 supponitur
573 1881 91 45 ita
626 1881 104 45 esse
691 1881 78 45 et
730 1881 143 45 cetera.
834 1881 104 45 fore
899 1881 130 45 paria.
990 1881 143 45 Quantum
1095 1881 91 45 est
1147 1881 78 45 ad
1173 1881 104 45 corrum

354 1922 85 59 pi
396 1922 141 59 formam
495 1922 127 59 patet
580 1922 198 59 distinctio
735 1922 141 59 facta.
834 1922 141 59 Primum
933 1922 141 59 quidem
1032 1922 155 59 membrum
1145 1922 85 59 in
1173 1922 113 59 aliquo

358 1968 168 57 possibili
487 1968 91 57 per
539 1968 91 57 dei
591 1968 168 57 potentiam
720 1968 155 57 scilicet
836 1968 78 57 in
875 1968 220 57 annihilatione
1056 1968 116 57 anime
1121 1968 168 57 rationalis:

356 2014 87 52 vel
405 2014 112 52 etiam
480 2014 187 52 corruptione
629 2014 137 52 aliarum
729 2014 162 52 animarum:
853 2014 75 52 et
891 2014 149 52 formarum
1003 2014 100 52 quae
1065 2014 87 52 non
1115 2014 137 52 possunt
1202 2014 87 52 parti

349 2056 155 47 biliter
462 2056 169 47 acquiri.
588 2056 85 47 2m
631 2056 127 47 patet
715 2056 99 47 cum
772 2056 141 47 corpus
870 2056 183 47 luminosum
1011 2056 113 47 post
1082 2056 155 47 quietem
1194 2056 127 47 eius:

354 2096 89 50 in
399 2096 149 50 aliquo
503 2096 119 50 loco
577 2096 119 50 motu
652 2096 179 50 continuo
786 2096 194 50 elongatur
935 2096 74 50 a
964 2096 179 50 partibus
1098 2096 164 50 vltimis
1203 2096 89 50 quas

363 2143 223 52 illuminabat.
544 2143 84 52 3m
586 2143 125 52 patet
670 2143 84 52 si
712 2143 139 52 corpus
809 2143 181 52 luminosum
948 2143 139 52 aliquo
1046 2143 153 52 tempore
1158 2143 98 52 sic
1199 2143 84 52 elon

357 2186 144 56 garetur
462 2186 79 56 et
501 2186 79 56 in
540 2186 157 56 instanti
658 2186 183 56 terminante
802 2186 222 56 corrumperetur
985 2186 92 56 vel
1037 2186 236 56 annihilaretur.
1221 2186 65 56 Nam

356 2235 131 43 totum
444 2235 131 43 lumen
531 2235 117 43 quod
604 2235 102 43 vel
663 2235 88 43 in
707 2235 175 43 diuersis
838 2235 175 43 partibus
969 2235 131 43 medii
1057 2235 204 43 illuminati
1202 2235 88 43 remo

361 2273 109 52 tis:
430 2273 96 52 vel
484 2273 82 52 in
525 2273 123 52 eadem
607 2273 191 52 proximiore
757 2273 150 52 tempore
867 2273 219 52 elongationis
1044 2273 178 52 corruptum
1181 2273 137 52 esset:

364 2318 113 47 esset
440 2318 163 47 corruptum
565 2318 213 47 partibiliter:
740 2318 138 47 reliqua
841 2318 100 47 eius
903 2318 100 47 pars
966 2318 113 47 esset
1041 2318 150 47 corrupta
1154 2318 100 47 tota
1204 2318 88 47 simul

361 2357 83 53 in
403 2357 166 53 instanti
528 2357 222 53 corruptionis
708 2357 166 53 corporis
833 2357 180 53 luminosi:
971 2357 153 53 quamuis
1082 2357 97 53 hoc
1138 2357 97 53 non
1179 2357 111 53 semper

372 2407 177 45 potingat:
509 2407 123 45 sicut
591 2407 96 45 cum
645 2407 82 45 in
686 2407 177 45 aliquibus
823 2407 177 45 subiectis
959 2407 109 45 post
1028 2407 177 45 absentiam
1150 2407 137 45 luminosi

374 2449 88 57 per
424 2449 138 57 aliquod
524 2449 138 57 tempus:
624 2449 113 57 licet
699 2449 113 57 breue
774 2449 113 57 valde
849 2449 138 57 remanet
949 2449 100 57 lux:
1011 2449 75 57 vt
1049 2449 113 57 disit
1124 2449 63 57 e
1149 2449 125 57 dictum
1224 2449 63 57 est

398 2489 93 53 Alia
455 2489 162 53 distinctio
583 2489 81 53 est
629 2489 69 53 de
664 2489 69 53 eo
699 2489 93 53 quod
756 2489 127 53 dicitur
849 2489 116 53 habere
930 2489 116 53 primum
1011 2489 69 53 et
1046 2489 127 53 vltimum
1139 2489 127 53 instans
1220 2489 69 53 esse

378 2541 89 48 sui.
434 2541 78 48 Nam
478 2541 123 48 aliquid
568 2541 112 48 habere
646 2541 112 48 primum
725 2541 123 48 instans
814 2541 89 48 esse
870 2541 89 48 sui:
926 2541 112 48 potest
1004 2541 157 48 dupliciter
1127 2541 157 48 intelligi.
1239 2541 56 48 vno

373 2578 101 49 modo
437 2578 101 49 quod
500 2578 114 49 ipsum
576 2578 89 49 sit
627 2578 76 49 in
665 2578 127 49 aliquo
754 2578 152 49 instanti
868 2578 76 49 et
906 2578 101 49 ante
969 2578 139 49 instans
1071 2578 114 49 illud
1147 2578 114 49 nihil
1210 2578 76 49 eius

371 2618 116 57 fuit.
448 2618 103 57 Alio
513 2618 103 57 modo
577 2618 103 57 quod
641 2618 90 57 sit
693 2618 77 57 in
732 2618 154 57 instanti
847 2618 129 57 aliquo
938 2618 77 57 et
976 2618 103 57 ante
1041 2618 116 57 illud
1118 2618 142 57 instans
1208 2618 90 57 ipsum

374 2669 83 52 non
422 2669 131 52 fuerit:
517 2669 131 52 quamuis
613 2669 131 52 aliquid
708 2669 95 52 eius
767 2669 131 52 fuerit.
863 2669 107 52 Eodem
934 2669 95 52 modo
994 2669 95 52 modo
1054 2669 119 52 potest
1137 2669 155 52 distingui
1244 2669 48 52 de

374 2712 118 50 vltimo
457 2712 142 50 instanti
564 2712 142 50 scilicet
670 2712 95 50 quia
729 2712 71 50 in
765 2712 142 50 instanti
872 2712 118 50 aliquo
955 2712 95 50 est:
1014 2712 71 50 et
1049 2712 107 50 nihil
1120 2712 95 50 eius
1180 2712 95 50 erit
1227 2712 71 50 post

369 2754 109 52 illud
442 2754 146 52 instans:
551 2754 85 52 vel
599 2754 97 52 quia
660 2754 109 52 ipsum
733 2754 85 52 non
781 2754 97 52 erit
842 2754 97 52 post
903 2754 109 52 illud
976 2754 146 52 instans:
1085 2754 133 52 quamuis
1182 2754 97 52 erit
1230 2754 61 52 ali

370 2797 113 51 quid
440 2797 127 51 eius.
553 2797 99 51 Ite
609 2797 99 51 cum
666 2797 183 51 queritur.
806 2797 127 51 vtrum
891 2797 99 51 sit
947 2797 113 51 dare
1018 2797 155 51 vltimum
1130 2797 99 51 vel
1172 2797 113 51 primum

368 2842 130 54 instans
463 2842 95 54 etc.
522 2842 83 54 hoc
570 2842 118 54 potest
652 2842 154 54 intelligi
771 2842 130 54 duplite
866 2842 142 54 scilicet
972 2842 71 54 an
1008 2842 71 54 de
1043 2842 107 54 facto
1114 2842 83 54 hoc
1162 2842 83 54 vel
1209 2842 107 54 illud

371 2891 186 48 contingat:
517 2891 93 48 seu
570 2891 199 48 naturaliter
729 2891 146 48 possint
835 2891 199 48 contingere:
994 2891 80 48 et
1034 2891 80 48 an
1074 2891 172 48 absolute:
1206 2891 80 48 et
1233 2891 66 48 per

376 2934 194 47 quamcumque
528 2934 180 47 potentiam
667 2934 138 47 nalem:
764 2934 97 47 vel
819 2934 249 47 supernaturalem
1027 2934 97 47 seu
1082 2934 166 47 diuinam.
1193 2934 97 47 Iuxta

385 2977 131 48 pimum
472 2977 145 48 sensum
573 2977 131 48 primo
660 2977 189 48 tractando
805 2977 247 48 difficultatem
1008 2977 131 48 istam
1095 2977 116 48 dico
1168 2977 116 48 quod
1226 2977 73 48 cum

376 3016 149 58 vtraque
485 3016 109 58 pars
553 3016 244 58 contradictonis
757 3016 81 58 de
797 3016 136 58 inesse
893 3016 122 58 circa
974 3016 163 58 materiam
1096 3016 122 58 istam
1178 3016 95 58 sit
1219 3016 81 58 pos-

367 3061 145 57 sibilis
472 3061 171 57 absolute:
604 3061 79 57 vt
643 3061 105 57 post
709 3061 158 57 patebit:
828 3061 79 57 et
867 3061 105 57 quae
933 3061 92 57 sit
986 3061 105 57 vera
1052 3061 92 57 non
1104 3061 119 57 plene
1183 3061 92 57 per
1223 3061 79 57 expe

1314 243 174 66 rientiam
1444 243 130 66 nobis
1531 243 217 66 innotescat:
1705 243 101 66 non
1763 243 145 66 potest
1864 243 145 66 altera
1966 243 232 66 sufficienter
2140 243 101 66 demon

1308 301 159 51 strari:
1423 301 159 51 tenendo
1539 301 130 51 tamen
1626 301 116 51 quod
1698 301 217 51 probabilius
1871 301 116 51 mihi
1943 301 159 51 videtur
2059 301 87 51 et
2102 301 130 51 magis
2175 301 72 51 con

1311 337 122 60 sonum
1393 337 162 60 physicis
1514 337 149 60 dictis:
1622 337 108 60 pono
1690 337 149 60 aliquas
1798 337 230 60 conclusiones.
2014 337 135 60 Quarum
2108 337 122 60 prima
2189 337 95 60 est

1320 390 97 61 quod
1380 390 109 61 omnis
1453 390 109 61 forma
1526 390 218 61 impartibiliter
1708 390 145 61 secundum
1817 390 73 61 se
1853 390 109 61 totam
1926 390 158 61 acquisita
2047 390 109 61 habet
2120 390 85 61 vel
2156 390 97 61 habuit

1331 428 115 54 rimum
1408 428 140 54 instans
1510 428 89 54 sui
1561 428 115 54 esse:
1637 428 102 54 ante
1701 428 102 54 quod
1765 428 115 54 nihil
1842 428 102 54 eius
1905 428 115 54 fuit.
1982 428 153 54 Probatur
2097 428 140 54 quoniam
2186 428 51 54 de

1319 468 184 65 quaelibet
1461 468 114 65 tali
1532 468 128 65 forma
1617 468 128 65 verum
1702 468 99 65 est
1759 468 114 65 nunc
1830 468 99 65 vel
1886 468 184 65 aliquando
2028 468 128 65 verum
2113 468 114 65 fuit
2170 468 71 65 di-

1321 512 104 63 cere
1386 512 104 63 quod
1452 512 91 63 hec
1504 512 118 63 forma
1582 512 183 63 acquiritur
1726 512 78 63 si
1765 512 118 63 nunc.
1843 512 104 63 ergo
1909 512 104 63 nunc
1974 512 118 63 primo
2052 512 104 63 est:
2117 512 78 63 et
2157 512 78 63 si
2183 512 65 63 ali

1326 555 108 66 quando
1402 555 108 66 prius.
1478 555 87 66 ergo
1532 555 87 66 tunc
1586 555 97 66 primo
1651 555 97 66 fuit:
1716 555 152 66 quaecumque
1835 555 87 66 enim
1889 555 195 66 impartibiliter
2051 555 97 66 fiunt
2116 555 97 66 simul
2170 555 76 66 fiunt

1322 600 72 56 et
1358 600 108 56 facta
1430 600 108 56 sunt:
1502 600 72 56 et
1538 600 84 56 que
1586 600 204 56 ipartibiliter
1754 600 192 56 acquiruntur:
1911 600 108 56 simul
1983 600 108 56 etiam
2055 600 156 56 acquisita
2163 600 84 56 sunt.

1328 642 99 66 quod
1389 642 111 66 autem
1464 642 99 66 ante
1525 642 111 66 illud
1600 642 136 66 instans
1699 642 111 66 nihil
1773 642 99 66 eius
1835 642 136 66 fuerit:
1934 642 124 66 patet.
2020 642 111 66 alias
2094 642 87 66 non
2131 642 124 66 imparti-

1323 687 157 58 biliter
1437 687 157 58 fuisset
1550 687 199 58 acquisita:
1707 687 100 58 sed
1764 687 114 58 pars
1835 687 114 58 ante
1906 687 157 58 partem.
2020 687 142 58 Primum
2105 687 157 58 assumptum

1322 735 158 62 probatur:
1443 735 134 62 quoniam
1541 735 85 62 non
1589 735 134 62 apparet
1687 735 158 62 possibile
1808 735 195 62 naturaliter:
1966 735 97 62 quod
2027 735 73 62 de
2063 735 122 62 aliqua
2149 735 73 62 re
2173 735 85 62 demon

1323 773 141 63 strata
1421 773 99 63 sit
1478 773 127 63 verum
1562 773 141 63 dicere
1661 773 84 63 de
1703 773 197 63 praeterito
1858 773 99 63 hoc
1914 773 99 63 non
1970 773 141 63 semper
2069 773 113 63 fuit
2125 773 127 63 acquisi

1324 818 93 59 tum
1377 818 80 59 et
1417 818 106 59 fuit
1483 818 200 59 acquisitum:
1643 818 106 59 nisi
1710 818 80 59 de
1749 818 173 59 praesenti
1882 818 173 59 aliquando
2016 818 133 59 fuerit
2109 818 120 59 verum
2175 818 80 59 dice

1325 861 81 62 re
1365 861 95 62 hoc
1419 861 176 62 acquirit:
1554 861 122 62 sicut
1635 861 122 62 etiam
1716 861 176 62 econuerso
1851 861 95 62 non
1905 861 149 62 apparet
2013 861 189 62 possibile:
2162 861 81 62 vt
2189 861 68 62 sit

1319 904 133 64 verum
1408 904 89 64 de
1453 904 148 64 aliquo
1556 904 163 64 dicere:
1675 904 104 64 hoc
1734 904 208 64 acquisiuit
1897 904 89 64 a.
1942 904 89 64 et
1986 904 104 64 non
2045 904 148 64 semper
2134 904 119 64 habuit

1320 948 85 68 a.
1362 948 113 68 nisi
1433 948 184 68 aliquando
1574 948 127 68 verum
1659 948 141 68 fuerit
1758 948 141 68 dicere
1857 948 85 68 de
1899 948 184 68 praesenti
2040 948 99 68 hoc
2083 948 169 68 acquisiuit

1327 988 69 67 a.
1361 988 115 67 alias:
1441 988 80 67 vt.
1487 988 115 67 dicens
1567 988 69 67 P.
1602 988 103 67 circa
1670 988 172 67 principium.
1808 988 69 67 6.
1842 988 92 67 phy.
1899 988 172 67 contingeret
2037 988 92 67 quod
2094 988 126 67 aliquid
2174 988 92 67 transi

1329 1036 93 57 uit
1382 1036 79 57 a.
1421 1036 93 57 non
1474 1036 172 57 aliquando
1607 1036 172 57 transiens
1739 1036 79 57 a.
1779 1036 79 57 et
1818 1036 106 57 quod
1884 1036 106 57 iuit
1951 1036 79 57 ad
1990 1036 79 57 a.
2030 1036 93 57 qui
2083 1036 119 57 tamen
2149 1036 119 57 nunquam

1320 1092 100 48 fuit
1382 1092 100 48 iens
1444 1092 75 48 ad
1481 1092 75 48 a.
1519 1092 100 48 quod
1581 1092 87 48 non
1631 1092 137 48 apparet
1731 1092 187 48 naturaliter
1880 1092 174 48 possibile.
2042 1092 137 48 Secunda
2129 1092 137 48 conclusio

1333 1130 115 51 omnis
1410 1130 115 51 forma
1487 1130 153 51 secundum
1601 1130 77 51 se
1640 1130 115 51 totam
1716 1130 230 51 particulariter
1908 1130 166 51 acquisita
2036 1130 115 51 habet
2112 1130 89 51 vel
2151 1130 102 51 habuit

1333 1171 120 61 primum
1417 1171 132 61 instans
1513 1171 84 61 sui
1561 1171 96 61 esse
1620 1171 96 61 ante
1680 1171 96 61 quod
1740 1171 108 61 tamen
1812 1171 132 61 aliquid
1908 1171 108 61 eius:
1980 1171 72 61 et
2016 1171 168 61 cuiuslibet
2147 1171 96 61 quod
2195 1171 60 61 est

1322 1213 117 61 eius
1395 1213 160 61 aliquid
1512 1213 131 61 fuit.
1600 1213 190 61 Probatur:
1745 1213 117 61 quia
1818 1213 175 61 quelibet
1950 1213 131 61 talis
2037 1213 204 61 acquirebat
2183 1213 73 61 con

1335 1254 117 65 tinue
1413 1254 78 65 in
1452 1254 130 65 aliquo
1543 1254 143 65 tempore
1647 1254 130 65 primo.
1738 1254 104 65 ergo
1803 1254 78 65 in
1842 1254 156 65 instanti
1959 1254 182 65 terminante
2102 1254 117 65 illud
2167 1254 91 65 temn-

1333 1299 98 65 pus
1389 1299 112 65 ipsa
1459 1299 112 65 fuit
1529 1299 126 65 primo
1613 1299 168 65 complete
1739 1299 196 65 acquisita:
1892 1299 84 65 si
1934 1299 154 65 aliquod
2046 1299 154 65 instans
2144 1299 126 65 preteri

1334 1350 87 52 tum
1383 1350 100 52 fuit
1446 1350 112 52 finis
1521 1350 125 52 illius
1608 1350 162 52 temporis:
1733 1350 87 52 vel
1783 1350 75 52 si
1820 1350 137 52 instans
1920 1350 162 52 praesens:
2045 1350 87 52 sit
2095 1350 112 52 finis
2158 1350 112 52 illius:

1336 1389 99 63 ipsa
1398 1389 99 63 nunc
1459 1389 111 63 primo
1534 1389 87 63 est
1583 1389 149 63 complete
1695 1389 173 63 acquisita:
1831 1389 74 63 et
1868 1389 87 63 per
1918 1389 173 63 consequens
2054 1389 99 63 ipsa
2116 1389 99 63 nunc
2165 1389 87 63 primo

1333 1432 125 61 est.
1411 1432 94 61 Et
1458 1432 94 61 ne
1505 1432 187 61 oporteat
1646 1432 109 61 hoc
1708 1432 219 61 frequenter
1880 1432 203 61 replicare
2036 1432 203 61 deinceps:
2177 1432 78 61 cum

1337 1474 115 60 dicam
1414 1474 115 60 habet
1490 1474 128 60 primum
1580 1474 140 60 instans
1682 1474 89 60 vel
1733 1474 153 60 vltimum:
1848 1474 204 60 intelligitur
2014 1474 179 60 communiter
2154 1474 89 60 pro
2192 1474 64 60 ha-

1327 1515 108 65 bere
1394 1515 94 65 vel
1448 1515 175 65 habuisse:
1583 1515 108 65 quia
1650 1515 94 65 hoc
1704 1515 94 65 non
1758 1515 135 65 variat
1852 1515 202 65 propositum:
2014 1515 108 65 quod
2081 1515 121 65 autem
2149 1515 121 65 aliquid

1328 1559 103 60 eius
1392 1559 77 60 et
1431 1559 180 60 cuiuslibet
1572 1559 103 60 quod
1636 1559 90 60 est
1688 1559 103 60 eius
1752 1559 141 60 aliquid
1854 1559 128 60 fuerit
1944 1559 103 60 ante
2008 1559 116 60 illud
2085 1559 154 60 instans:
2188 1559 77 60 pro-

1342 1601 113 58 patur:
1421 1601 90 58 quia
1477 1601 102 58 alias
1545 1601 124 58 aliquid
1635 1601 90 58 eius
1692 1601 135 58 secundum
1793 1601 68 58 se
1827 1601 102 58 totum
1895 1601 102 58 simul
1963 1601 181 58 acquirebatur
2109 1601 102 58 primo
2177 1601 68 58 in
2200 1601 56 58 in-

1332 1649 120 56 stanti
1416 1649 168 56 terminante
1548 1649 120 56 tempus
1632 1649 120 56 illud:
1716 1649 72 56 et
1752 1649 84 56 per
1800 1649 168 56 consequens
1932 1649 84 56 non
1980 1649 144 56 secundum
2088 1649 72 56 se
2124 1649 108 56 totam
2184 1649 72 56 ipsa

1333 1692 127 63 forma
1417 1692 225 63 partibiliter
1600 1692 239 63 acquirebatur:
1797 1692 127 63 cuius
1881 1692 183 63 oppositum
2022 1692 211 63 supponitur.
2205 1692 70 63 Ter

1332 1736 71 59 tia
1372 1736 131 59 conclusio
1473 1736 91 59 omnis
1534 1736 91 59 forma
1594 1736 121 59 secundum
1685 1736 61 59 se
1716 1736 91 59 totam
1776 1736 91 59 simul
1837 1736 111 59 perdita
1918 1736 91 59 habet
1978 1736 101 59 primum
2049 1736 111 59 instans
2130 1736 71 59 sui
2170 1736 71 59 non
2200 1736 71 59 esse:

1323 1783 110 56 ante
1392 1783 110 56 quod
1460 1783 178 56 immediate
1597 1783 178 56 quodlibet
1734 1783 110 56 eius
1803 1783 123 56 fuit:
1885 1783 82 56 et
1926 1783 123 56 nihil
2008 1783 110 56 eius
2076 1783 110 56 erit
2145 1783 110 56 post
2200 1783 68 56 il-

1338 1824 96 58 lud:
1398 1824 156 58 probatur:
1518 1824 96 58 quia
1579 1824 60 58 a
1603 1824 144 58 qualibet
1711 1824 96 58 tali
1771 1824 156 58 subiectum
1891 1824 144 58 alquando
1999 1824 229 58 indiuisibiliter
2180 1824 84 58 trans

1325 1867 121 58 mutatur.
1416 1867 81 58 ergo
1466 1867 131 58 aliquando
1567 1867 81 58 ipsa
1618 1867 91 58 primo
1678 1867 81 58 tota
1729 1867 71 58 non
1769 1867 81 58 est:
1820 1867 91 58 patet
1880 1867 162 58 consequentia
2011 1867 81 58 quia
2062 1867 162 58 quandocumque
2183 1867 91 58 aliquid

1335 1911 78 63 ab
1374 1911 130 63 aliquo
1465 1911 247 63 indiuisibiliter
1673 1911 221 63 transmutatur:
1855 1911 104 63 tunc
1920 1911 117 63 primo
1998 1911 117 63 simul
2076 1911 78 63 ab
2115 1911 78 63 eo
2141 1911 130 63 transmu-

1337 1955 115 56 tatum
1414 1955 103 56 est:
1478 1955 128 56 quando
1568 1955 115 56 autem
1645 1955 167 56 subiectum
1773 1955 90 56 est
1825 1955 192 56 transmutatu
1979 1955 64 56 a
2004 1955 115 56 forma
2081 1955 103 56 illa
2146 1955 90 56 non
2184 1955 77 56 est:

1337 1998 158 61 vlterius
1455 1998 79 61 si
1495 1998 250 61 indiuisibiliter
1706 1998 211 61 transmutatur
1877 1998 79 61 ab
1916 1998 105 61 illa
1982 1998 92 61 non
2035 1998 119 61 prius
2101 1998 158 61 transmuta-

1339 2044 115 56 batur
1416 2044 77 56 ab
1454 2044 89 56 vna
1505 2044 115 56 parte
1582 2044 77 56 et
1620 2044 166 56 posterius
1748 2044 77 56 ab
1786 2044 115 56 alia:
1863 2044 77 56 et
1901 2044 89 56 per
1952 2044 179 56 consequens
2092 2044 166 56 immediate
2207 2044 64 56 an-

1334 2093 78 52 te
1373 2093 144 52 instans
1478 2093 248 52 transmutationis
1686 2093 118 52 habet
1765 2093 91 52 eam
1817 2093 131 52 totam:
1908 2093 78 52 et
1948 2093 104 52 post
2013 2093 118 52 nihil
2091 2093 118 52 habet
2170 2093 78 52 ex
2196 2093 65 52 ea.

1369 2128 116 61 Quarta
1450 2128 151 61 conclusio
1566 2128 93 61 quod
1624 2128 105 61 omnis
1694 2128 105 61 forma
1764 2128 140 61 secundum
1869 2128 70 61 se
1904 2128 105 61 totam
1973 2128 186 61 partibiliter
2124 2128 128 61 pardita
2206 2128 58 61 ha-

1337 2171 82 61 bet
1384 2171 117 61 primum
1466 2171 128 61 instans
1559 2171 82 61 sui
1605 2171 82 61 non
1652 2171 105 61 esse:
1722 2171 93 61 ante
1780 2171 93 61 quod
1839 2171 128 61 aliquid
1932 2171 93 61 eius
1990 2171 70 61 et
2025 2171 163 61 cuiuslibet
2153 2171 93 61 quod
2200 2171 70 61 fuit

1330 2215 138 59 aliquid
1431 2215 101 59 eius
1494 2215 113 59 prius
1569 2215 88 59 non
1619 2215 113 59 fuit.
1695 2215 126 59 Probat
1783 2215 138 59 ratione
1883 2215 113 59 facta
1959 2215 201 59 consimiliter
2122 2215 75 59 ad
2147 2215 126 59 secundam

1337 2269 221 52 conclusionem:
1519 2269 104 52 quia
1583 2269 169 52 quaelibet
1713 2269 117 52 talis
1791 2269 182 52 perdebatur
1934 2269 156 52 continue
2050 2269 78 52 in
2089 2269 130 52 aliquo
2167 2269 104 52 tempo-

1326 2311 87 53 re
1369 2311 145 53 primo.
1470 2311 116 53 ergo
1542 2311 87 53 in
1586 2311 130 53 finem
1672 2311 145 53 illius
1774 2311 173 53 temporis
1904 2311 130 53 primo
1990 2311 116 53 tota
2063 2311 116 53 fuit
2120 2311 145 53 perdita:

1337 2349 80 56 et
1377 2349 93 56 per
1430 2349 187 56 consequens
1577 2349 107 56 tunc
1644 2349 120 56 primo
1724 2349 107 56 tota
1790 2349 93 56 non
1844 2349 120 56 fuit:
1924 2349 187 56 accipiendo
2071 2349 107 56 tota
2124 2349 147 56 sincathe-

1324 2392 249 62 goreumatice.
1527 2392 124 62 Item
1605 2392 124 62 eius
1682 2392 93 62 et
1729 2392 218 62 cuiuslibet
1900 2392 124 62 quod
1978 2392 124 62 fuit
2056 2392 124 62 eius
2118 2392 140 62 aliquid

1342 2439 106 51 ruit
1408 2439 119 51 prius
1487 2439 171 51 perditum:
1619 2439 158 51 alioquin
1737 2439 92 51 non
1790 2439 158 51 secundum
1909 2439 79 51 se
1948 2439 119 51 totam
2028 2439 211 51 partibiliter
2186 2439 79 51 per-

1336 2477 167 57 debatur.
1462 2477 140 57 contra
1559 2477 167 57 positum.
1685 2477 112 57 ergo
1755 2477 153 57 aliquid
1866 2477 112 57 eius
1936 2477 84 57 et
1978 2477 195 57 cuiuslibet
2131 2477 112 57 eius
2187 2477 70 57 ali

1338 2521 112 58 quid
1408 2521 125 58 prius
1491 2521 98 58 non
1547 2521 125 58 fuit.
1659 2521 139 58 Quinta
1756 2521 181 58 conclusio
1896 2521 112 58 quod
1965 2521 125 58 nulla
2049 2521 125 58 forma
2119 2521 167 58 indiuisibi

1344 2565 122 58 iter
1420 2565 168 58 perdita
1542 2565 153 58 habuit
1649 2565 168 58 vltimum
1771 2565 183 58 instans:
1908 2565 92 58 in
1954 2565 107 58 quo
2015 2565 122 58 ipsa
2091 2565 107 58 aut
2137 2565 137 58 aliquid

1342 2610 103 55 eius
1407 2610 116 55 fuit.
1484 2610 168 55 Probatur:
1613 2610 103 55 quia
1677 2610 168 55 quaelibet
1806 2610 116 55 talis
1883 2610 129 55 habuit
1974 2610 142 55 instans
2077 2610 129 55 primum
2167 2610 90 55 sui
2206 2610 64 55 non

1334 2655 106 59 esse
1400 2655 106 59 ante
1466 2655 106 59 quod
1532 2655 172 59 immediate
1665 2655 172 59 quodlibet
1797 2655 106 59 eius
1864 2655 119 59 fuit:
1943 2655 79 59 et
1983 2655 106 59 post
2049 2655 106 59 quod
2115 2655 119 59 nihil
2182 2655 79 59 eius

1337 2698 118 52 fuit:
1416 2698 79 52 vt
1455 2698 118 52 patet
1534 2698 79 52 ex
1574 2698 92 52 3a.
1626 2698 79 52 Si
1666 2698 105 52 ergo
1732 2698 105 52 ipsa
1797 2698 92 52 aut
1850 2698 145 52 aliquid
1955 2698 105 52 eius
2021 2698 132 52 habuit
2113 2698 145 52 vltimum
2205 2698 66 52 in-

1341 2742 124 60 stans
1424 2742 96 60 sui
1479 2742 110 60 esse
1548 2742 110 60 illi
1616 2742 165 60 instanti
1740 2742 110 60 fuit
1809 2742 193 60 immediatum
1960 2742 151 60 instans
2071 2742 138 60 primum
2167 2742 96 60 sui
2208 2742 69 60 non

1340 2786 115 58 esse.
1417 2786 90 58 non
1468 2786 166 58 contingit
1596 2786 115 58 autem
1673 2786 141 58 instans
1775 2786 102 58 esse
1840 2786 179 58 immediatum
1980 2786 166 58 instanti:
2108 2786 77 58 vt
2147 2786 102 58 nunc
2198 2786 64 58 sup

1346 2838 92 49 pono
1404 2838 58 49 a
1427 2838 161 49 probabitur
1554 2838 69 49 in
1588 2838 138 49 secundo.
1715 2838 104 49 Sexta
1784 2838 150 49 conclusio
1899 2838 92 49 quod
1956 2838 104 49 nulla
2025 2838 104 49 forma
2094 2838 138 49 secundum
2198 2838 69 49 se
2221 2838 69 49 quod

1341 2872 134 59 totam
1431 2872 238 59 partibiliter
1624 2872 164 59 perdita
1743 2872 149 59 habuit
1848 2872 164 59 vltimum
1967 2872 164 59 instans
2086 2872 89 59 in
2131 2872 104 59 quo
2176 2872 89 59 ipsa

1337 2922 96 53 aut
1392 2922 151 53 aliquid
1502 2922 109 53 eius
1570 2922 123 53 fuit:
1652 2922 82 53 et
1693 2922 109 53 post
1762 2922 109 53 quod
1830 2922 123 53 nihil
1912 2922 109 53 eius
1981 2922 123 53 fuit.
2063 2922 178 53 Probatur:
2186 2922 82 53 quia

1356 2963 150 56 uelibet
1466 2963 177 56 huiusmodi
1602 2963 137 56 habuit
1698 2963 137 56 primum
1793 2963 150 56 instans
1902 2963 82 56 in
1943 2963 96 56 quo
1998 2963 123 56 nihil
2080 2963 109 56 eius
2148 2963 123 56 fuit:
2216 2963 55 56 vt

1347 3004 133 60 patet
1436 3004 88 60 ex
1480 3004 162 60 quarta.
1598 3004 88 60 Si
1642 3004 118 60 ergo
1716 3004 118 60 ipsa
1789 3004 103 60 aut
1848 3004 162 60 aliquid
1966 3004 118 60 eius
2040 3004 147 60 habuit
2128 3004 133 60 vltimum

1342 3049 82 75 in
1383 3049 95 75 quo
1438 3049 123 75 fuit:
1520 3049 109 75 illi
1588 3049 109 75 fuit
1656 3049 191 75 immediatum
1806 3049 164 75 instans:
1929 3049 82 75 in
1970 3049 95 75 quo
2024 3049 123 75 primo
2106 3049 123 75 nihil
2175 3049 95 75 eius:
