2450 3539
386 237 85 63 non
434 237 97 63 sit:
495 237 72 63 et
531 237 109 63 tamen
603 237 85 63 sit
652 237 72 63 in
688 237 133 63 tempore
785 237 97 63 toto
845 237 193 63 praecedente:
1002 237 72 63 ac
1038 237 85 63 est
1087 237 72 63 in
1123 237 97 63 toto
1171 237 133 63 sequente.

394 295 65 48 ⁋
420 295 209 48 Confirmatur:
590 295 144 48 quoniam
694 295 78 48 si
733 295 104 48 deus
799 295 196 48 subtraheret
955 295 91 48 per
1008 295 144 48 instans
1112 295 131 48 tantum
1190 295 118 48 influen

392 334 112 52 tiam
462 334 112 52 suam
531 334 125 52 soli:
615 334 167 52 respectu
741 334 209 52 causationis
908 334 139 52 radii.
1005 334 98 52 sic
1061 334 112 52 bene
1131 334 153 52 posset:
1228 334 70 52 cum

399 375 85 52 nec
447 375 85 52 pro
496 375 134 52 tempore
593 375 85 52 nec
642 375 85 52 pro
690 375 146 52 instanti
800 375 134 52 influat
897 375 182 52 necessario:
1043 375 85 52 sed
1091 375 97 52 mere
1140 375 170 52 contingenter

388 428 81 46 et
428 428 148 46 libere.
535 428 94 46 sol
589 428 81 46 in
629 428 107 46 tali
697 428 107 46 casu
764 428 161 46 praecise
885 428 94 46 per
938 428 148 46 instans
1046 428 94 46 non
1100 428 148 46 ageret:
1207 428 81 46 et
1234 428 67 46 me-

390 464 101 53 dium
453 464 151 53 praecise
567 464 88 53 per
617 464 138 53 instans
718 464 113 53 foret
793 464 189 53 tenebrosum.
944 464 76 53 in
982 464 101 53 toto
1045 464 101 53 ergo
1108 464 189 53 impossibile
1246 464 63 53 im-

394 507 152 51 mediate
505 507 207 51 praecedente
670 507 110 51 fuit
739 507 124 51 lumen
822 507 166 51 causatum
946 507 83 51 in
988 507 138 51 medio:
1084 507 83 51 et
1126 507 179 51 similiter
1250 507 55 51 in

392 551 107 50 toto
459 551 174 50 immediate
593 551 161 50 sequenti
714 551 161 50 tempore:
834 551 148 50 quamuis
942 551 121 50 forte
1022 551 94 50 non
1076 551 107 50 idem
1143 551 121 50 lumen
1210 551 94 50 esset

383 596 76 55 in
421 596 139 55 tempore
523 596 152 55 sequente
637 596 76 55 et
675 596 190 55 procedente.
827 596 89 55 Sed
877 596 152 55 constat:
991 596 101 55 quod
1055 596 101 55 apud
1118 596 101 55 deum
1181 596 89 55 qui
1219 596 89 55 quod-

393 633 131 59 libet
481 633 189 59 corruptum
626 633 146 59 potest
728 633 175 59 reficere
860 633 87 59 et
903 633 204 59 adnihilatu
1063 633 175 59 recreare
1194 633 102 59 non
1238 633 73 59 mi-

378 679 101 49 nus
435 679 101 49 est
493 679 188 49 possibile
638 679 87 49 vt
682 679 159 49 aliquod
798 679 145 49 certum
899 679 130 49 lumen
986 679 101 49 aut
1044 679 159 49 aliquam
1146 679 159 49 determina

382 725 98 52 tam
438 725 98 52 rem
494 725 139 52 causet
591 725 84 52 in
633 725 98 52 vno
689 725 153 52 tempore
800 725 84 52 et
842 725 84 52 in
884 725 167 52 instanti
1009 725 195 52 terminante
1163 725 125 52 illud
1232 725 70 52 non

398 770 138 52 causet:
499 770 75 52 et
536 770 125 52 iterum
624 770 75 52 in
662 770 138 52 tempore
762 770 163 52 immediate
888 770 151 52 sequente
1000 770 125 52 causet
1088 770 138 52 eandem.
1189 770 100 52 ergo
1239 770 75 52 etc.

401 809 59 52 ⁋
425 809 70 52 4a
460 809 152 52 conclusio
577 809 94 52 est:
636 809 94 52 quod
694 809 152 52 possibile
812 809 82 52 est
859 809 82 52 per
905 809 129 52 diuinam
999 809 152 52 potentiam
1116 809 129 52 aliquam
1210 809 82 52 rem
1245 809 59 52 in-

395 856 228 45 diuisibiliter
582 856 161 45 postquam
703 856 94 45 non
756 856 120 45 fuit)
836 856 174 45 causatam:
970 856 94 45 non
1024 856 134 45 habere
1118 856 94 45 nec
1158 856 147 45 habuisset

394 898 142 49 primum
493 898 156 49 instans
607 898 99 49 sui
664 898 128 49 esse.
749 898 71 49 ⁋
777 898 170 49 Probatur
905 898 128 49 primo
990 898 85 49 ex
1033 898 114 49 casu
1090 898 227 49 confirmationis

389 946 192 48 praecedentis
545 946 204 48 conclusionis.
713 946 96 48 tale
773 946 96 48 enim
833 946 108 48 lumen
905 946 72 48 2o
941 946 144 48 causatum
1049 946 108 48 esset
1109 946 204 48 indiuisibiliter

392 990 142 46 factum:
496 990 142 46 quoniam
599 990 104 46 ante
664 990 168 46 quodlibet
793 990 142 46 instans
897 990 142 46 sequens
1000 990 129 46 factum
1091 990 129 46 esset.
1182 990 91 46 nec
1220 990 91 46 esset

382 1028 101 48 dare
446 1028 126 48 tempus
534 1028 76 48 in
572 1028 88 48 quo
623 1028 88 48 per
673 1028 126 48 fieret
762 1028 101 48 quam
825 1028 114 48 esset
901 1028 139 48 factum.
1002 1028 88 48 cum
1052 1028 114 48 lumen
1128 1028 88 48 sit
1166 1028 139 48 causabile

386 1070 252 50 indiuisibiliter.
600 1070 76 50 et
638 1070 88 50 sic
688 1070 88 50 sol
739 1070 126 50 possit
827 1070 151 50 causare:
940 1070 76 50 et
978 1070 113 50 nihil
1053 1070 138 50 penitus
1154 1070 76 50 in
1179 1070 126 50 illocasu

388 1111 192 60 prohiberet:
542 1111 103 60 quin
606 1111 115 60 totum
683 1111 115 60 simul
760 1111 128 60 factum
850 1111 128 60 esset.
939 1111 103 60 tale
1003 1111 115 60 autem
1080 1111 115 60 lumen
1157 1111 90 60 non
1196 1111 115 60 haberet

394 1162 132 54 primum
486 1162 145 54 instans
591 1162 92 54 sui
644 1162 118 54 esse:
723 1162 92 54 cum
775 1162 132 54 nullum
868 1162 171 54 immediate
999 1162 158 54 sequatur
1118 1162 118 54 illud
1183 1162 132 54 instans:

384 1203 84 54 in
426 1203 98 54 quo
482 1203 153 54 ponitur
593 1203 125 54 lumen
677 1203 98 54 non
733 1203 125 54 esse.
816 1203 70 54 ⁋
844 1203 84 54 2o
886 1203 153 54 constat
997 1203 112 54 quod
1067 1203 153 54 angelus
1179 1203 112 54 siue
1234 1203 70 54 cum

391 1243 127 57 creatur:
487 1243 85 57 siue
539 1243 74 57 cum
582 1243 169 57 conseruatur:
719 1243 116 57 creatur
804 1243 190 57 impartibiliter
962 1243 63 57 et
994 1243 95 57 totus
1057 1243 106 57 simul:
1131 1243 85 57 ergo
1184 1243 63 57 si
1216 1243 74 57 per
1248 1243 63 57 ali-

386 1285 81 52 quod
436 1285 111 52 instans
517 1285 101 52 tantum
588 1285 81 52 ipse
638 1285 71 52 non
679 1285 101 52 esset:
750 1285 91 52 sicut
810 1285 91 52 patet
871 1285 81 52 esse
921 1285 131 52 possibile
1022 1285 61 52 ex
1053 1285 152 52 praecedente
1164 1285 141 52 conclusione:

391 1330 98 49 ipse
452 1330 98 49 post
514 1330 111 49 illud
588 1330 135 49 instans
686 1330 111 49 esset
760 1330 111 49 indiu
834 1330 135 49 factus:
932 1330 74 49 et
969 1330 86 49 non
1019 1330 135 49 haberet
1117 1330 135 49 aliquod
1203 1330 111 49 instans

394 1372 115 56 primum
474 1372 80 56 sui
520 1372 92 56 esse
577 1372 137 56 postquam
680 1372 80 56 non
726 1372 103 56 fuit.
794 1372 69 56 et
829 1372 80 56 ita
875 1372 149 56 possibile
989 1372 80 56 est
1035 1372 69 56 de
1069 1372 80 56 vno
1115 1372 80 56 qui
1161 1372 126 56 numquam
1241 1372 69 56 fue-

383 1417 97 51 rit.
443 1417 73 51 vt
480 1417 158 51 videlibet
601 1417 97 51 deus
662 1417 73 51 in
698 1417 85 51 hoc
746 1417 145 51 instanti
856 1417 85 51 non
904 1417 121 51 faciat
989 1417 109 51 ipsum
1062 1417 109 51 esse:
1134 1417 73 51 et
1171 1417 121 51 faciat
1243 1417 61 51 eum

393 1464 94 50 esse
452 1464 70 50 in
487 1464 94 50 toto
545 1464 140 50 sequenti
650 1464 140 50 tempore.
756 1464 58 50 ⁋
779 1464 70 50 5a
814 1464 152 50 conclusio
931 1464 94 50 est:
989 1464 94 50 quod
1048 1464 152 50 possibile
1165 1464 82 50 est
1200 1464 105 50 aliquam

389 1507 123 42 formam
475 1507 222 42 impartibiliter
660 1507 148 42 parditam
771 1507 86 42 seu
821 1507 86 42 rem
870 1507 111 42 aliam
944 1507 222 42 impartibiliter
1129 1507 160 42 corruptam
1240 1507 62 42 vel

384 1548 200 48 adnihilatam
544 1548 93 48 non
597 1548 133 48 habere
690 1548 120 48 neque
770 1548 160 48 habuisse
891 1548 160 48 primipum
1011 1548 147 48 instans
1117 1548 93 48 sui
1171 1548 93 48 non
1211 1548 93 48 esse.

388 1596 165 47 probatur.
515 1596 102 47 quia
579 1596 165 47 possibile
706 1596 89 47 est
757 1596 140 47 aliquam
859 1596 127 47 formam
948 1596 102 47 esse
1011 1596 76 47 in
1050 1596 127 47 aliquo
1139 1596 165 47 instanti:
1253 1596 51 47 et

382 1635 115 56 post
454 1635 101 56 nec
511 1635 130 56 ipsam
598 1635 101 56 nec
656 1635 159 56 aliquid
771 1635 115 56 eius
843 1635 130 56 fore:
930 1635 87 56 vt
973 1635 130 56 patet
1060 1635 101 56 per
1117 1635 144 56 primam
1204 1635 101 56 harum

390 1680 187 53 conclusionem:
544 1680 88 53 ergo
599 1680 88 53 etc.
655 1680 99 53 patet
721 1680 176 53 consequentia
864 1680 88 53 quia
919 1680 99 53 alias
985 1680 121 53 instans
1073 1680 143 53 immediate
1173 1680 132 53 succederet

391 1719 174 46 instanti.
524 1719 67 46 ⁋
551 1719 134 46 Contra
645 1719 107 46 ista
711 1719 147 46 multius
818 1719 134 46 potest
912 1719 134 46 argui.
1006 1719 80 46 Et
1046 1719 120 46 primo
1126 1719 134 46 quidem
1206 1719 107 46 contra

393 1765 94 43 vltimo
458 1765 84 43 dicta
514 1765 112 43 scilicet
599 1765 56 43 de
627 1765 112 43 potentia
711 1765 75 43 dei.
758 1765 75 43 vnde
805 1765 94 43 contra
871 1765 94 43 primam
936 1765 56 43 et
964 1765 66 43 2am
1002 1765 150 43 conclusionem
1124 1765 122 43 similiter
1208 1765 103 43 arguitur.

379 1802 64 55 ⁋
405 1802 116 55 Primo
482 1802 77 55 si
520 1802 128 55 aliqua
610 1802 90 55 res
662 1802 116 55 esset
739 1802 90 55 per
790 1802 103 55 vnum
854 1802 141 55 instans
957 1802 141 55 tantum:
1060 1802 90 55 aut
1111 1802 116 55 etiam
1188 1802 77 55 si
1214 1802 90 55 esset

403 1852 76 51 per
447 1852 119 51 tempus.
533 1852 76 51 dum
577 1852 98 51 tamen
642 1852 119 51 haberet
729 1852 119 51 vltimum
816 1852 119 51 instans
902 1852 76 51 sui
946 1852 98 51 esse:
1011 1852 87 51 post
1065 1852 87 51 quod
1119 1852 98 51 nihil
1185 1852 87 51 eius
1228 1852 76 51 esset

388 1894 88 50 ipsa
443 1894 176 50 destrueretur
586 1894 88 50 tota
641 1894 99 50 simul
707 1894 66 50 et
740 1894 220 50 indiuisibiliter.
928 1894 66 50 et
961 1894 77 50 per
1005 1894 154 50 consequens
1126 1894 66 50 in
1159 1894 143 50 instanti.
1258 1894 55 50 Non

392 1940 106 51 enim
458 1940 119 51 aliud
537 1940 211 51 intelligitur
708 1940 92 51 cum
761 1940 145 51 dicitur
867 1940 145 51 aliquid
972 1940 79 51 in
1012 1940 158 51 instanti
1131 1940 158 51 generari
1236 1940 66 51 vel

391 1979 135 47 corrumpi
492 1979 90 47 quam
549 1979 101 47 ipsum
616 1979 214 47 indiuisibiliter
797 1979 68 47 et
830 1979 79 47 non
876 1979 158 47 successiue
1000 1979 79 47 per
1045 1979 113 47 partem
1124 1979 90 47 ante
1180 1979 113 47 partem
1248 1979 56 47 cor

383 2028 121 49 rumpi
463 2028 94 49 vel
517 2028 175 49 generari.
651 2028 94 49 aut
705 2028 108 49 ergo
772 2028 81 49 in
813 2028 161 49 instanti
934 2028 81 49 in
974 2028 94 49 quo
1028 2028 134 49 vltimo
1122 2028 148 49 ponitur
1216 2028 94 49 esse:

387 2066 89 46 aut
438 2066 76 46 in
476 2066 114 46 alio:
552 2066 89 46 non
603 2066 76 46 in
641 2066 76 46 io
679 2066 102 46 quia
743 2066 76 46 in
781 2066 165 46 quocumque
908 2066 152 46 instanti
1023 2066 140 46 aliquid
1124 2066 114 46 indiu
1188 2066 114 46 distrui

394 2110 74 56 tur
437 2110 63 56 in
468 2110 95 56 eodem
531 2110 74 56 est
573 2110 158 56 destrucium.
699 2110 63 56 et
731 2110 74 56 per
773 2110 147 56 consequens
888 2110 95 56 ipsum
951 2110 74 56 non
993 2110 84 56 est:
1046 2110 84 56 ergo
1098 2110 95 56 simul
1161 2110 95 56 esset
1224 2110 63 56 et
1245 2110 53 56 non

395 2151 132 55 esset:
487 2151 92 55 nec
540 2151 79 55 in
579 2151 119 55 alio:
659 2151 106 55 quia
725 2151 92 55 nec
777 2151 79 55 in
817 2151 106 55 alio
883 2151 106 55 huic
949 2151 79 55 in
988 2151 92 55 quo
1041 2151 92 55 est
1094 2151 185 55 immediato:
1226 2151 79 55 quia

379 2199 111 45 non
442 2199 189 45 succedit
584 2199 174 45 instans
711 2199 205 45 immediate
869 2199 205 45 instanti:
1027 2199 111 45 nec
1090 2199 95 45 in
1137 2199 158 45 aliquo
1232 2199 63 45 me

394 2238 130 54 diato:
485 2238 104 54 quia
550 2238 104 54 tunc
615 2238 104 54 illa
679 2238 91 54 res
731 2238 117 54 foret
809 2238 91 54 per
861 2238 130 54 tempus
952 2238 143 54 medians
1056 2238 117 54 inter
1133 2238 117 54 illa.
1211 2238 78 54 et
1237 2238 65 54 per

395 2284 165 48 consequens
525 2284 83 48 est
572 2284 106 48 illud
643 2284 83 48 non
691 2284 95 48 fuit
750 2284 130 48 vltimum
844 2284 130 48 instans
939 2284 83 48 sui
986 2284 95 48 esse
1045 2284 118 48 contra
1128 2284 142 48 positum.
1234 2284 59 48 ⁋
1258 2284 71 48 2o

392 2325 92 48 si
438 2325 153 48 aliqua
545 2325 138 48 forma
636 2325 107 48 sic
698 2325 153 48 habeat
805 2325 168 48 vltimum
927 2325 168 48 instans
1049 2325 107 48 sui
1110 2325 138 48 esse:
1187 2325 107 48 subie

391 2368 100 64 ctum
454 2368 225 64 transmutabitur
642 2368 75 64 ab
679 2368 100 64 illa
742 2368 100 64 tota
804 2368 113 64 simul
879 2368 75 64 et
917 2368 238 64 impartibiliter:
1117 2368 113 64 alias
1179 2368 113 64 aliquid

383 2418 93 41 eius
441 2418 104 41 esset
511 2418 93 41 post
569 2418 104 41 illud
638 2418 127 41 instans
731 2418 116 41 contra
812 2418 151 41 possitum:
928 2418 93 41 ergo
985 2418 208 41 transmutabitur
1159 2418 69 41 in
1182 2418 116 41 instanti

384 2455 134 56 tamquam
481 2455 73 56 in
518 2455 134 56 mensura
615 2455 98 56 sibi
676 2455 158 56 adequata:
798 2455 85 56 aut
847 2455 98 56 ergo
908 2455 73 56 in
945 2455 146 56 instanti
1054 2455 122 56 eodem:
1140 2455 98 56 quod
1188 2455 110 56 ponitur

393 2504 139 47 vltimum
495 2504 89 47 sui
545 2504 114 47 esse:
621 2504 76 47 et
659 2504 101 47 tunc
723 2504 89 47 cum
773 2504 101 47 omne
837 2504 101 47 quod
900 2504 228 47 idiuisibiliter
1090 2504 203 47 transmutatur
1242 2504 51 47 ab

389 2548 130 42 aliqua
480 2548 117 42 simul
558 2548 208 42 transmutetur
727 2548 78 42 et
766 2548 91 42 sit
818 2548 208 42 transmutatum
986 2548 78 42 ab
1025 2548 117 42 illo.
1103 2548 78 42 Et
1142 2548 130 42 rursus
1220 2548 78 42 omne

396 2589 98 49 quod
457 2589 195 49 transmutatum
615 2589 85 49 est
664 2589 122 49 quando
750 2589 110 49 primo
823 2589 195 49 transmutatum
982 2589 85 49 est
1030 2589 85 49 sit
1079 2589 73 49 in
1116 2589 73 49 eo
1153 2589 73 49 ad
1189 2589 98 49 quod
1238 2589 61 49 est

391 2631 204 46 transmutatum.
559 2631 72 46 vt
595 2631 204 46 demonstratur.
764 2631 72 46 6.
800 2631 96 46 phy.
860 2631 72 46 in
896 2631 144 46 quolibet
1004 2631 144 46 griesere
1101 2631 204 46 transmutatonis:

390 2673 84 53 hoc
438 2673 108 53 autem
510 2673 84 53 fit
557 2673 191 53 transmutatio
713 2673 72 53 de
748 2673 96 53 esse
808 2673 72 53 in
844 2673 84 53 non
892 2673 108 53 esse:
963 2673 143 53 sequitur
1071 2673 96 53 quod
1131 2673 72 53 in
1167 2673 96 53 illo
1214 2673 84 53 eodem

391 2716 174 52 instanti
521 2716 188 52 subiectum
665 2716 116 52 erit
738 2716 101 52 sub
796 2716 101 52 non
854 2716 116 52 esse
926 2716 130 52 forme
1013 2716 101 52 seu
1071 2716 101 52 non
1128 2716 159 52 habebit
1230 2716 72 52 for

378 2760 112 48 mam.
448 2760 84 48 et
490 2760 98 48 sic
546 2760 126 48 forma
630 2760 112 48 illa
700 2760 126 48 simul
784 2760 112 48 erit
854 2760 84 48 et
896 2760 98 48 non
952 2760 126 48 erit.
1036 2760 98 48 aut
1078 2760 224 48 transmutabitur

391 2804 80 52 in
431 2804 107 52 alio
498 2804 174 52 instanti.
632 2804 80 52 et
672 2804 80 52 si
712 2804 107 52 sic:
779 2804 107 52 ergo
846 2804 94 52 vel
900 2804 80 52 in
940 2804 161 52 instanti
1061 2804 188 52 immediato:
1208 2804 80 52 et
1235 2804 67 52 hoc

384 2846 114 53 non.
455 2846 99 53 cum
512 2846 142 53 nullum
611 2846 99 53 sit
668 2846 213 53 immediatum:
838 2846 99 53 vel
895 2846 85 53 in
937 2846 170 53 instanti
1065 2846 156 53 mediato
1178 2846 85 53 ea
1207 2846 85 53 tunc

393 2890 142 47 sequitur
499 2890 94 47 quod
558 2890 83 47 per
606 2890 118 47 tempus
688 2890 118 47 medium
771 2890 94 47 erit
830 2890 83 47 sub
877 2890 118 47 forma.
960 2890 71 47 et
995 2890 83 47 per
1042 2890 165 47 consequens
1172 2890 106 47 illud
1231 2890 59 47 non

392 2933 118 50 fuit
466 2933 162 50 vltimum
584 2933 162 50 instans
701 2933 118 50 esse
775 2933 147 50 forme.
878 2933 74 50 ⁋
908 2933 103 50 Per
966 2933 103 50 hoc
1025 2933 132 50 etiam
1114 2933 147 50 potest
1202 2933 103 50 argui

390 2979 134 46 contra
484 2979 108 46 5am.
551 2979 202 46 Impossibile
712 2979 108 46 enim
779 2979 94 46 est
833 2979 108 46 quod
900 2979 175 46 subiectum
1035 2979 188 46 transmutet
1182 2979 67 46 a
1196 2979 94 46 forma

388 3023 121 60 quam
463 3023 166 60 habuit:
584 3023 121 60 quin
659 3023 91 60 in
705 3023 151 60 aliqua
810 3023 166 60 mensura
931 3023 136 60 primo
1021 3023 241 60 transmuteum:
1218 3023 91 60 et
1248 3023 60 60 si

1342 236 272 57 indiuisibiliter
1570 236 114 57 quin
1642 236 172 57 transmus
1771 236 86 57 in
1814 236 172 57 instanti
1942 236 143 57 maxime
2042 236 186 57 supposito
2171 236 100 57 conti

1353 280 92 52 nuo
1405 280 131 52 fluxum
1497 280 171 52 temporis:
1628 280 118 52 illud
1707 280 118 52 autem
1786 280 144 52 instans
1891 280 105 52 erat
1956 280 131 52 primum
2048 280 92 52 non
2101 280 105 52 esse
2153 280 105 52 forme:

1344 323 122 55 alias
1426 323 177 55 subiectum
1562 323 245 55 transmutaretur
1766 323 68 55 a
1793 323 122 55 forma
1874 323 109 55 quam
1942 323 95 55 nec
1997 323 122 55 habet
2078 323 95 55 nec
2119 323 136 55 immedia-

1350 371 85 49 te
1392 371 127 49 prius
1477 371 155 49 habuit:
1589 371 113 49 quod
1660 371 99 49 est
1716 371 225 49 impossibile.
1900 371 99 49 cum
1956 371 225 49 transmutatio
2139 371 99 49 sit
2195 371 85 49 de
2224 371 56 49 op

1352 410 127 62 posito
1441 410 76 62 in
1479 410 178 62 oppositum.
1619 410 64 62 ⁋
1645 410 127 62 Contra
1734 410 89 62 3am
1784 410 114 62 etiam
1861 410 76 62 et
1899 410 89 62 4am
1950 410 127 62 potest
2039 410 114 62 argui
2115 410 114 62 primo
2178 410 102 62 quidem

1355 456 94 59 quia
1414 456 141 59 secundum
1520 456 141 59 vtramque
1625 456 188 59 conclusionem
1778 456 94 59 erit
1836 456 94 59 dare
1895 456 129 59 vltimum
1989 456 129 59 instans
2083 456 82 59 non
2130 456 94 59 esse
2177 456 82 59 illi-

1344 497 82 52 us
1385 497 96 52 rei
1440 497 109 52 quae
1509 497 123 52 indiu
1591 497 109 52 fit.
1659 497 96 52 aut
1714 497 109 52 ergo
1782 497 109 52 illa
1851 497 96 52 fit
1905 497 82 52 in
1946 497 164 52 instanti
2069 497 192 52 immediato:
2206 497 55 52 et

1350 543 102 53 hoc
1409 543 116 53 non:
1481 543 87 53 vt
1525 543 145 53 supra.
1626 543 102 53 vel
1684 543 87 53 in
1728 543 174 53 instanti
1859 543 174 53 mediato:
1989 543 87 53 et
2033 543 116 53 tunc
2105 543 160 53 instans
2207 543 58 53 da

1349 584 91 53 tum
1401 584 91 53 non
1453 584 104 53 fuit
1518 584 143 53 vltimum
1622 584 91 53 sui
1674 584 91 53 non
1726 584 117 53 esse:
1804 584 143 53 quoniam
1908 584 78 53 et
1947 584 91 53 per
1999 584 117 53 totum
2077 584 130 53 tempus
2155 584 104 53 medium

1352 638 121 46 inter
1432 638 108 46 illa
1500 638 175 46 instantia
1634 638 94 46 res
1688 638 108 46 illa
1755 638 94 46 non
1809 638 121 46 fuit:
1890 638 94 46 nec
1944 638 81 46 in
1984 638 121 46 eode:
2065 638 108 46 quia
2132 638 108 46 tunc
2186 638 94 46 simul

1352 677 106 47 esset
1423 677 71 47 et
1458 677 83 47 non
1506 677 118 47 esset.
1588 677 59 47 ⁋
1612 677 71 47 2o
1647 677 94 47 quia
1706 677 142 47 secundum
1813 677 83 47 hoc
1860 677 189 47 sequaeretur:
2013 677 94 47 quod
2072 677 83 47 duo
2119 677 118 47 angeli
2190 677 71 47 sint

1345 718 198 51 factibiles
1501 718 71 51 a
1529 718 99 51 deo
1586 718 113 51 vnus
1656 718 184 51 immediate
1798 718 127 51 puius
1883 718 142 51 alium:
1982 718 85 51 et
2024 718 156 51 vterque
2138 718 85 51 in
2166 718 99 51 mensu

1352 761 81 50 ra
1392 761 228 50 indiuisibili:
1580 761 81 50 et
1620 761 121 50 eadem
1700 761 148 50 ratione
1808 761 81 50 3s
1848 761 107 50 erit
1915 761 188 50 factibilis
2063 761 174 50 immediate
2183 761 81 50 prus

1352 810 87 44 2m:
1401 810 75 44 et
1439 810 75 44 4o
1476 810 112 44 prius
1551 810 87 44 3m:
1601 810 75 44 et
1639 810 87 44 sic
1689 810 75 44 de
1726 810 175 44 quocumque.
1863 810 75 44 et
1901 810 87 44 sic
1951 810 112 44 erunt
2026 810 162 44 instantia
2138 810 125 44 immedia-

1350 848 76 48 ta:
1394 848 65 48 et
1426 848 109 48 tempus
1502 848 152 48 compositum
1622 848 65 48 ex
1654 848 174 48 instantibus.
1796 848 130 48 probatur
1893 848 174 48 consequentia
2035 848 87 48 quia
2089 848 76 48 sit
2132 848 65 48 b.
2154 848 98 48 vltimum

1340 894 149 51 instans
1449 894 95 51 non
1503 894 108 51 esse
1570 894 135 51 angeli
1665 894 203 51 producendi:
1827 894 108 51 quia
1895 894 149 51 angelus
2003 894 95 51 sit
2057 894 81 51 a.
2098 894 81 51 et
2138 894 95 51 sit
2179 894 81 51 itan

1351 935 103 54 quod
1415 935 77 54 b.
1454 935 90 54 sit
1505 935 141 54 initium
1608 935 103 54 diei
1672 935 167 54 crastine:
1800 935 128 54 certum
1890 935 90 54 est
1941 935 103 54 quod
2005 935 77 54 in
2044 935 154 54 instanti
2159 935 77 54 b.
2185 935 77 54 pote

1349 979 88 51 rit
1400 979 101 51 deus
1463 979 164 51 producere
1589 979 139 51 quendam
1689 979 113 51 alium
1765 979 151 51 angelum.
1878 979 126 51 vbieci
1966 979 139 51 gratia.
2067 979 126 51 dicens
2155 979 88 51 hoc
2193 979 63 51 fa-

1344 1018 107 60 cto
1405 1018 137 60 exquo
1496 1018 92 60 b.
1542 1018 122 60 erit
1618 1018 168 60 vltimum
1740 1018 168 60 instans
1862 1018 107 60 non
1923 1018 122 60 esse
2000 1018 153 60 angeli
2091 1018 168 60 alterius:

1357 1065 87 51 puta
1411 1065 65 51 a.
1444 1065 130 51 sequitur
1542 1065 87 51 quod
1596 1065 65 51 a.
1628 1065 87 51 fiet
1683 1065 141 51 immediate
1791 1065 98 51 post.
1856 1065 108 51 dicens
1932 1065 65 51 et
1964 1065 98 51 tamen
2030 1065 76 51 ita
2073 1065 130 51 inditur:
2171 1065 98 51 sicut
2225 1065 54 51 fi-

1353 1108 67 55 et.
1392 1108 95 55 dicens
1458 1108 76 55 ergo
1506 1108 57 55 et
1534 1108 57 55 in
1563 1108 114 55 instanti
1649 1108 86 55 sicut
1706 1108 57 55 et
1734 1108 95 55 dicens
1801 1108 57 55 et
1830 1108 67 55 sic
1868 1108 105 55 probata
1944 1108 67 55 est
1982 1108 162 55 consequentia.
2115 1108 48 55 ⁋
2134 1108 57 55 3o
2153 1108 105 55 sequitur:

1357 1158 111 50 puod
1426 1158 124 50 talis
1509 1158 97 50 res
1564 1158 111 50 erit
1633 1158 180 50 immediate
1772 1158 111 50 post
1841 1158 152 50 vltimum
1951 1158 152 50 instans
2062 1158 97 50 sui
2117 1158 97 50 non
2158 1158 97 50 esse.

1356 1198 79 50 vel
1401 1198 90 50 ergo
1457 1198 68 50 in
1491 1198 135 50 instanti
1592 1198 158 50 immediate:
1716 1198 68 50 et
1750 1198 79 50 hoc
1795 1198 79 50 est
1840 1198 169 50 impossibile
1975 1198 68 50 vt
2008 1198 113 50 dictum
2087 1198 90 50 est.
2143 1198 68 50 et
2166 1198 90 50 nihilo

1348 1242 100 54 minus
1414 1242 133 54 habentur
1514 1242 155 54 propositum
1636 1242 111 54 contra
1713 1242 77 54 te:
1757 1242 88 54 quia
1813 1242 100 54 illud
1879 1242 88 54 erit
1934 1242 111 54 primum
2012 1242 122 54 instans
2100 1242 77 54 sui
2144 1242 100 54 esse.
2200 1242 55 54 vel

1353 1281 87 53 erit
1407 1281 65 53 in
1440 1281 119 53 tempore
1526 1281 151 53 immediato.
1645 1281 65 53 et
1678 1281 76 53 hoc
1721 1281 76 53 est
1764 1281 173 53 impossibile.
1905 1281 76 53 cum
1948 1281 141 53 quodlibet
2056 1281 108 53 tempus
2132 1281 76 53 sit
2165 1281 97 53 diuisi-

1348 1327 91 48 bile
1404 1327 68 48 et
1439 1327 91 48 eius
1495 1327 91 48 pars
1552 1327 80 48 sit
1598 1327 102 48 prior
1666 1327 80 48 eo:
1711 1327 68 48 et
1745 1327 80 48 per
1791 1327 159 48 consequens
1916 1327 114 48 nullum
1995 1327 114 48 tempus
2075 1327 114 48 potest
2154 1327 91 48 esse
2199 1327 80 48 imme-

1355 1370 139 51 diatum
1452 1370 181 51 instanti.
1591 1370 69 51 ⁋
1619 1370 83 51 Ad
1661 1370 139 51 primum
1758 1370 97 51 cum
1814 1370 167 51 infertur
1939 1370 111 51 quod
2008 1370 125 51 talis
2091 1370 97 51 res
2133 1370 125 51 destrue

1354 1415 101 48 retur
1421 1415 90 48 tota
1477 1415 112 48 simul.
1555 1415 90 48 dico
1611 1415 90 48 quod
1667 1415 101 48 illud
1735 1415 157 48 consequens
1858 1415 112 48 potest
1936 1415 112 48 accipi
2015 1415 123 48 proprie
2104 1415 67 48 et
2127 1415 134 48 improprie-

1349 1464 144 50 proprie
1454 1464 157 50 acceptum
1571 1464 144 50 denotat
1676 1464 92 50 vel
1728 1464 131 50 saltem
1820 1464 157 50 infertur
1937 1464 105 50 quod
2003 1464 170 50 aliquando
2120 1464 131 50 continge

1357 1504 83 53 ret
1405 1504 95 53 vere
1464 1504 71 53 et
1499 1504 130 53 proprie
1594 1504 154 53 enunciare
1713 1504 71 53 de
1748 1504 154 53 praesenti
1867 1504 95 53 quod
1926 1504 71 53 b.
1962 1504 178 53 distruitur.
2104 1504 83 53 Sit
2151 1504 71 53 b.
2175 1504 83 53 nomen

1348 1550 154 52 proprium
1464 1550 128 52 illius
1553 1550 90 52 rei
1604 1550 192 52 destruende:
1758 1550 77 52 et
1797 1550 77 52 in
1835 1550 90 52 hoc
1886 1550 115 52 sensu
1963 1550 103 52 nego
2027 1550 231 52 consequentiam.
2207 1550 51 52 et

1355 1590 96 50 dico
1415 1590 96 50 quod
1475 1590 72 50 b.
1510 1590 131 50 numquam
1606 1590 179 50 destruetur:
1749 1590 84 50 nec
1797 1590 215 50 diuisibiliter:
1976 1590 84 50 nec
2024 1590 131 50 indius.
2120 1590 72 50 et
2155 1590 96 50 quod
2203 1590 60 50 non

1357 1635 198 47 diuisibiliter:
1522 1635 99 47 patet
1588 1635 66 47 ex
1620 1635 121 47 posito.
1708 1635 77 47 Sed
1752 1635 88 47 quod
1807 1635 77 47 nec
1851 1635 209 47 indiuisibiliter
2027 1635 110 47 patet:
2103 1635 88 47 quia
2158 1635 88 47 quod
2202 1635 66 47 pro-

1359 1677 89 50 prie
1415 1677 134 50 loquendo
1515 1677 212 50 indiuisibiliter
1693 1677 167 50 distruitur:
1827 1677 89 50 tunc
1882 1677 100 50 primo
1949 1677 78 50 est
1994 1677 167 50 distructum:
2127 1677 67 50 et
2161 1677 78 50 non
2194 1677 67 50 fuit

1361 1721 111 47 prius
1435 1721 185 47 destructum:
1582 1721 74 47 et
1619 1721 98 47 tunc
1681 1721 111 47 primo
1754 1721 86 47 non
1804 1721 98 47 est:
1865 1721 74 47 et
1902 1721 160 47 immediate
2025 1721 111 47 prius
2099 1721 111 47 fuit:
2173 1721 86 47 sed
2210 1721 49 47 b.

1357 1774 129 43 numquam
1451 1774 94 43 erit
1510 1774 106 43 primo
1580 1774 164 43 destructum
1709 1774 82 43 nec
1756 1774 117 43 vnquam
1839 1774 106 43 primo
1909 1774 82 43 non
1956 1774 106 43 erit:
2026 1774 94 43 ergo
2085 1774 82 43 non
2120 1774 153 43 destruetur.

1367 1808 184 52 simproprie
1512 1808 119 52 autem
1591 1808 132 52 potest
1683 1808 158 52 denotare
1802 1808 105 52 quod
1868 1808 79 52 b.
1907 1808 105 52 erit
1973 1808 119 52 totum
2052 1808 119 52 simul
2118 1808 158 52 destructum

1361 1850 70 49 et
1396 1850 129 49 concedo
1490 1850 93 49 tunc
1548 1850 164 49 consequens
1677 1850 70 49 et
1712 1850 140 49 vlterius
1817 1850 82 49 est
1864 1850 93 49 quod
1922 1850 93 49 erit
1981 1850 164 49 destructum
2109 1850 70 49 in
2132 1850 129 49 instantim

1343 1894 74 53 in
1380 1894 111 53 nullo
1454 1894 111 53 tamen
1528 1894 148 53 instanti
1638 1894 99 53 erit
1700 1894 111 53 primo
1774 1894 185 53 destructum.
1922 1894 74 53 Et
1959 1894 148 53 vlterius
2070 1894 123 53 patet:
2156 1894 99 53 quod
2205 1894 62 53 est

1353 1939 242 55 concedendum:
1550 1939 121 55 quod
1625 1939 121 55 erit
1701 1939 212 55 destructum
1867 1939 91 55 in
1913 1939 182 55 instanti
2049 1939 182 55 mediato:
2170 1939 91 55 immo

1357 1984 75 55 et
1394 1984 75 55 in
1431 1984 174 55 infinitis:
1568 1984 100 55 quia
1630 1984 75 55 in
1668 1984 149 55 quolibet
1780 1984 149 55 instanti
1892 1984 149 55 temporis
2004 1984 162 55 sequentis
2128 1984 75 55 in
2165 1984 87 55 quo
2203 1984 62 55 non

1349 2025 122 58 erit.
1430 2025 95 58 nec
1484 2025 162 58 sequitur
1605 2025 108 58 quod
1673 2025 149 58 infert:
1781 2025 108 58 quia
1848 2025 81 58 in
1889 2025 122 58 nullo
1970 2025 108 58 erit
2037 2025 122 58 primo
2105 2025 176 58 destructum.

1361 2074 73 53 ⁋
1391 2074 87 53 Ad
1434 2074 87 53 2m
1478 2074 219 53 conformiter
1653 2074 117 53 dico
1726 2074 117 53 quod
1799 2074 189 53 subiectum
1944 2074 102 53 non
2003 2074 262 53 transmutabitur
2207 2074 58 53 ab

1351 2111 111 54 illa:
1425 2111 86 54 sed
1474 2111 99 54 erit
1536 2111 198 54 transmutatum
1697 2111 74 54 ab
1734 2111 111 54 illa.
1808 2111 74 54 et
1845 2111 124 54 vtique
1931 2111 99 54 tota
1993 2111 124 54 simul:
2080 2111 99 54 quia
2141 2111 86 54 non
2179 2111 86 54 prius

1355 2158 75 54 ab
1393 2158 88 54 vna
1443 2158 125 54 parte:
1531 2158 100 54 quam
1594 2158 63 54 a
1619 2158 113 54 tota:
1694 2158 88 54 sed
1744 2158 138 54 numquam
1845 2158 113 54 primo
1920 2158 100 54 erit
1983 2158 201 54 transmutatum
2146 2158 75 54 ab
2171 2158 88 54 illa.

1352 2202 76 59 Et
1390 2202 139 59 quamuis
1492 2202 89 59 non
1542 2202 152 59 videatur
1657 2202 190 59 naturaliter
1809 2202 177 59 contingere
1948 2202 101 59 quod
2011 2202 89 59 sit
2062 2202 76 59 de
2100 2202 127 59 aliquo
2176 2202 89 59 verum

1347 2243 138 49 dicere
1444 2243 96 49 hoc
1499 2243 96 49 est
1554 2243 220 49 transmutatum
1732 2243 83 49 ab
1774 2243 124 49 illo:
1856 2243 96 49 aut
1911 2243 124 49 etiam
1994 2243 96 49 hoc
2049 2243 110 49 fuit
2104 2243 165 49 transmuta-

1342 2285 88 49 tum
1393 2285 76 49 ab
1431 2285 113 49 illo:
1506 2285 101 49 quin
1569 2285 164 49 aliquando
1695 2285 126 49 fuerit
1783 2285 113 49 verum
1858 2285 126 49 dicere
1946 2285 76 49 de
1984 2285 176 49 praesenti.
2123 2285 88 49 hoc
2160 2285 101 49 trans-

1346 2332 136 53 mutatur
1445 2332 74 53 ab
1482 2332 111 53 illo.
1556 2332 74 53 Et
1593 2332 161 53 similiter
1717 2332 87 53 non
1766 2332 161 53 contingit
1890 2332 99 53 quod
1952 2332 136 53 aliquid
2051 2332 87 53 sit
2088 2332 173 53 transmutatum

1351 2377 87 45 ad
1395 2377 131 45 aliud
1482 2377 87 45 de
1526 2377 102 45 quo
1584 2377 102 45 non
1642 2377 145 45 fuerit
1744 2377 131 45 verum
1832 2377 145 45 dicere
1933 2377 204 45 aliquando.
2093 2377 102 45 hoc
2137 2377 131 45 transmu

1351 2419 99 53 tatur
1417 2419 66 53 ad
1450 2419 110 53 illud:
1527 2419 66 53 et
1560 2419 99 53 eodem
1625 2419 88 53 modo
1680 2419 66 53 si
1713 2419 77 53 est
1757 2419 99 53 verum
1823 2419 143 53 aliquando
1933 2419 121 53 dicere:
2021 2419 77 53 hoc
2064 2419 77 53 est
2108 2419 154 53 acquisitum
2218 2419 55 53 vel

1348 2466 149 47 genitum
1457 2466 95 47 aut
1511 2466 135 47 factum
1606 2466 95 47 aut
1660 2466 189 47 corruptum:
1809 2466 176 47 aliquando
1944 2466 108 47 fuit
2011 2466 122 47 verum
2093 2466 149 47 dicere.
2187 2466 68 47 hoc

1350 2510 188 43 acquiritur.
1501 2510 88 43 hoc
1551 2510 175 43 generatur.
1689 2510 88 43 hoc
1739 2510 100 43 fit.
1801 2510 88 43 hoc
1851 2510 200 43 corrumpitur:
2014 2510 88 43 ita
2064 2510 75 43 vt
2102 2510 88 43 non
2152 2510 88 43 sit
2189 2510 63 43 da-

1351 2548 81 48 re
1392 2548 149 48 mutatum
1500 2548 108 48 esse
1568 2548 95 48 aut
1622 2548 135 48 factum
1717 2548 108 48 esse
1784 2548 108 48 quod
1852 2548 95 48 non
1906 2548 189 48 praecessit
2055 2548 135 48 moueri
2150 2548 95 48 aut
2190 2548 68 48 fie

1355 2595 78 55 ri
1394 2595 117 55 iuxta
1472 2595 117 55 modum
1549 2595 168 55 loquendi.
1679 2595 78 55 P.
1718 2595 78 55 et
1757 2595 143 55 Commen.
1860 2595 91 55 vel
1912 2595 130 55 saltem
2003 2595 91 55 cum
2055 2595 91 55 quo
2107 2595 117 55 simul
2171 2595 91 55 esset

1343 2635 134 55 mutari
1436 2635 93 55 aut
1490 2635 120 55 fieri
1570 2635 147 55 quantum
1676 2635 80 55 ad
1717 2635 80 55 ea
1757 2635 93 55 que
1810 2635 254 55 indiuisibiliter
2024 2635 120 55 fiut.
2104 2635 107 55 vnde
2171 2635 80 55 et
2197 2635 67 55 su-

1355 2678 94 61 per
1408 2678 94 61 hoc
1462 2678 147 61 fundaui
1569 2678 201 61 probationes
1729 2678 228 61 praecedentium
1917 2678 228 61 conclusionem.
2104 2678 94 61 per
2145 2678 120 61 diuinam

1344 2729 109 52 tamen
1417 2729 158 52 potentiam
1538 2729 158 52 oppositum
1660 2729 85 52 est
1709 2729 170 52 possibile:
1842 2729 122 52 vtpote
1928 2729 122 52 nullam
2013 2729 158 52 implicans
2122 2729 134 52 contradi-

1344 2767 163 58 ctionem.
1467 2767 68 58 ⁋
1494 2767 109 58 Quod
1562 2767 95 58 est
1617 2767 190 58 declaratur
1766 2767 82 58 ex
1807 2767 122 58 casum
1889 2767 150 58 secunde
1997 2767 163 58 rationis
2120 2767 122 58 facte
2188 2767 68 58 pro

1340 2815 78 51 2a
1379 2815 196 51 conclusione
1536 2815 78 51 de
1575 2815 157 51 potentia
1692 2815 104 51 dei.
1757 2815 91 51 Nam
1810 2815 104 51 tale
1875 2815 130 51 corpus
1966 2815 104 51 erit
2031 2815 130 51 mutatu
2123 2815 78 51 ab
2162 2815 91 51 hoc
2201 2815 52 51 lo

1339 2854 78 60 co
1378 2854 117 60 medio
1456 2854 130 60 aliquo
1546 2854 194 60 demonstrato
1702 2854 168 60 mediorum:
1831 2854 78 60 et
1870 2854 143 60 numquam
1974 2854 117 60 tamen
2052 2854 104 60 erit
2116 2854 117 60 verum
2181 2854 78 60 dice

1346 2895 80 52 re
1386 2895 106 52 quod
1452 2895 80 52 ab
1492 2895 106 52 illo
1558 2895 159 52 mutatur:
1678 2895 106 52 quia
1744 2895 93 52 nec
1797 2895 80 52 in
1837 2895 106 52 isto
1903 2895 159 52 instanti
2023 2895 80 52 in
2063 2895 93 52 quo
2116 2895 93 52 est
2169 2895 80 52 in
2196 2895 66 52 eo:

1338 2945 84 51 qui
1386 2945 84 51 cum
1434 2945 84 51 non
1482 2945 132 51 mutetur
1577 2945 72 51 ab
1613 2945 96 51 illo
1673 2945 203 51 diuisibiliter
1840 2945 108 51 simul
1912 2945 108 51 esset
1984 2945 132 51 mutatum
2080 2945 72 51 ab
2115 2945 84 51 eo.
2163 2945 72 51 et
2187 2945 60 51 per

1341 2984 167 50 consequens
1472 2984 95 50 nunc
1532 2984 83 50 non
1579 2984 107 50 esset
1651 2984 71 50 in
1686 2984 83 50 eo:
1734 2984 107 50 cuius
1806 2984 155 50 oppositum
1925 2984 143 50 ponitur.
2032 2984 71 50 et
2067 2984 131 50 constat
2163 2984 95 50 quod
2210 2984 48 50 in

1333 3030 129 61 nullo
1419 3030 115 61 alio
1491 3030 173 61 instanti
1620 3030 187 61 mutabitur
1764 3030 86 61 ab
1807 3030 129 61 illo:
1893 3030 129 61 sicut
1980 3030 101 61 nec
2037 3030 86 61 in
2080 3030 144 61 aliquo
2167 3030 86 61 erit
