2433 3540
379 261 104 53 quod
444 261 143 53 nullius
548 261 117 53 forme
625 261 78 53 de
664 261 182 53 praedictis
807 261 91 53 est
859 261 143 53 aliquod
963 261 143 53 minimum
1066 261 156 53 secundum
1170 261 104 53 exten-

375 308 150 49 sionem
480 308 135 49 primo
570 308 120 49 modo
645 308 210 49 accipiendo
810 308 180 49 minimum:
944 308 90 49 et
989 308 180 49 loquendo
1124 308 90 49 de
1154 308 120 49 formis

375 353 267 52 partibilibus
593 353 234 52 extensiue.
776 353 134 52 hanc
860 353 150 52 probo
960 353 134 52 sic.
1044 353 134 52 omni
1128 353 150 52 forma
1211 353 67 52 ex

383 392 121 57 tensa
463 392 81 57 et
504 392 162 57 qualibet
625 392 108 57 eius
693 392 121 57 parte
774 392 94 57 est
828 392 135 57 aliqua
922 392 108 57 eius
989 392 108 57 pars
1057 392 135 57 minor.
1151 392 108 57 ergo
1205 392 81 57 nul-

381 439 120 44 lius
456 439 135 44 talis
546 439 135 44 forme
635 439 105 44 est
695 439 120 44 dare
770 439 165 44 aliquam
890 439 150 44 partem
995 439 180 44 minimam:
1129 439 105 44 qua
1174 439 105 44 nulla

379 484 76 46 sit
422 484 108 46 minor:
498 484 173 46 consequentia
638 484 97 46 patet
703 484 65 46 et
735 484 151 46 antecedens
854 484 108 46 probat
930 484 65 46 ex
962 484 76 46 eo:
1005 484 86 46 quod
1059 484 130 46 quelibet
1156 484 97 46 talis
1210 484 76 46 forma

376 528 78 47 et
415 528 157 47 quelibet
533 528 105 47 eius
598 528 105 47 pars
664 528 92 47 est
716 528 144 47 extensa
820 528 78 47 et
860 528 196 47 diuisibilis
1017 528 78 47 in
1056 528 131 47 semper
1134 528 144 47 diuisibi-

376 567 108 48 lia:
443 567 121 48 sicut
524 567 108 48 eius
591 567 135 48 primum
685 567 189 48 subiectum:
834 567 162 48 alioquin
955 567 81 48 vt
995 567 148 48 arguit.
1103 567 81 48 P.
1143 567 81 48 in
1184 567 81 48 de
1211 567 67 48 sen

366 612 87 49 su
409 612 87 49 et
452 612 173 49 sensato.
582 612 101 49 vbi
640 612 159 49 quaerit
755 612 87 49 an
798 612 202 49 qualitates
957 612 202 49 sensibiles
1101 612 173 49 diuidantur

367 655 78 46 in
406 655 170 46 infinita:
537 655 78 46 et
576 655 183 46 determinat
719 655 104 46 quod
784 655 104 46 sic:
850 655 78 46 in
889 655 130 46 partes
980 655 222 46 inexistentes:
1163 655 104 46 quas
1215 655 65 46 vo-

377 699 83 49 cat
425 699 119 49 partes
508 699 71 49 in
544 699 155 49 potentia:
663 699 143 49 sequitur
770 699 95 49 quod
829 699 119 49 aliqua
912 699 95 49 pars
972 699 143 49 corporis
1079 699 167 49 sensibilis
1198 699 83 49 quali

376 749 108 42 tate
443 749 188 42 sensibili.
591 749 121 42 verbi
671 749 134 42 grata.
766 749 134 42 aliqua
860 749 108 42 pars
927 749 121 42 ignis
1008 749 94 42 non
1061 749 121 42 esset
1142 749 148 42 calida:
1236 749 54 42 et

374 786 121 53 aliqua
459 786 97 53 pars
519 786 109 53 niuis
592 786 85 53 non
641 786 109 53 esset
713 786 109 53 alba:
786 786 73 53 si
822 786 85 53 tam
871 786 109 53 calor
944 786 97 53 quam
1004 786 121 53 albedo
1089 786 109 53 esset
1162 786 73 53 in
1186 786 97 53 partes

371 833 162 51 minimas
489 833 88 51 et
533 833 250 51 indiuisibiles
739 833 235 51 resolubilis.
930 833 74 51 ⁋
959 833 118 51 Item
1033 833 118 51 eius
1107 833 147 51 primum
1195 833 88 51 sub-

367 876 126 47 iectum
456 876 88 47 non
506 876 113 47 esset
581 876 101 47 sibi
644 876 176 47 adequatum:
783 876 76 47 et
821 876 88 47 per
871 876 176 47 consequens
1010 876 88 47 nec
1060 876 126 47 primum
1135 876 139 47 subiectum

377 919 140 50 secundum
483 919 129 50 partem.
576 919 58 50 ⁋
600 919 152 50 Praeterea
717 919 105 50 esset
787 919 117 50 aliqua
869 919 94 50 pars
927 919 105 50 forme
997 919 105 50 mimma
1067 919 140 50 secundum
1173 919 94 50 hunc
1220 919 58 50 mod

369 959 87 59 dum
418 959 99 59 illa
480 959 112 59 esset
555 959 223 59 indiuisibilis:
741 959 74 59 et
778 959 99 59 eius
840 959 161 59 subiectum
964 959 112 59 esset
1039 959 137 59 aliquod
1126 959 161 59 indiuisibi-

376 1001 80 51 le:
421 1001 103 51 sicut
490 1001 114 51 aliqui
570 1001 148 51 opinantur
684 1001 137 51 punctum.
787 1001 160 51 consequens
912 1001 80 51 est
958 1001 126 51 falsum:
1049 1001 80 51 tum
1095 1001 91 51 quia
1152 1001 103 51 talia
1209 1001 80 51 indi-

374 1051 168 54 uisibilia
503 1051 90 54 non
555 1051 103 54 sunt
619 1051 77 54 in
658 1051 116 54 rerum
736 1051 142 54 natura.
839 1051 77 54 vt
878 1051 181 54 probabitur
1020 1051 77 54 in
1059 1051 155 54 secundo:
1175 1051 90 54 tum
1214 1051 77 54 quia

372 1090 108 45 esto
440 1090 108 45 quod
508 1090 136 45 essent
603 1090 95 45 non
657 1090 136 45 posset
752 1090 149 45 aliquid
861 1090 122 45 eorum
942 1090 108 45 esse
1010 1090 176 45 subiectum
1145 1090 122 45 forme
1213 1090 68 45 na-

370 1134 109 47 lis:
438 1134 122 47 sicut
520 1134 163 47 probatur
642 1134 136 47 tertio
737 1134 81 47 de
778 1134 95 47 ece
832 1134 81 47 et
873 1134 109 47 mun.
941 1134 109 47 vnde
1008 1134 149 47 punctum
1117 1134 95 47 nec
1158 1134 122 47 aliquod

374 1178 223 51 indiuisibile
555 1178 139 51 potest
653 1178 111 51 esse
722 1178 125 51 durum
806 1178 97 51 vel
861 1178 139 51 molle.
959 1178 84 51 et
1001 1178 97 51 sic
1056 1178 84 51 de
1098 1178 139 51 aliis:
1196 1178 84 51 vt
1223 1178 70 51 ibi

368 1224 140 47 dicitur
470 1224 64 47 ⁋
496 1224 140 47 Secunda
598 1224 166 47 conclusio
725 1224 102 47 quod
789 1224 115 47 eodem
865 1224 102 47 modo
929 1224 153 47 loquendo
1044 1224 76 47 de
1082 1224 140 47 minimo:
1171 1224 115 47 nullius

376 1264 124 48 forme
459 1264 194 48 partibilis
611 1264 166 48 secundum
736 1264 207 48 intensionem
902 1264 97 48 est
957 1264 111 48 dare
1026 1264 152 48 minimum
1123 1264 166 48 intensiue:

375 1308 90 43 hoc
427 1308 168 43 probatur:
556 1308 103 43 quia
621 1308 78 43 si
659 1308 142 43 daretur
763 1308 142 43 aliquod
866 1308 103 43 tale
931 1308 142 43 minimum
1034 1308 116 43 illud
1112 1308 116 43 esset
1177 1308 103 43 omnino

376 1349 202 52 indiuisibile
541 1349 177 52 intensiue:
680 1349 177 52 consequens
819 1349 88 52 est
869 1349 139 52 falsum:
970 1349 88 52 tum
1021 1349 101 52 quia
1084 1349 114 52 sicut
1147 1349 139 52 indiuisi-

373 1392 111 46 bile
443 1392 167 46 secundum
568 1392 209 46 extensionem
735 1392 153 46 additum
846 1392 139 46 alteri
943 1392 97 46 non
999 1392 125 46 facit
1082 1392 139 46 maius:
1180 1392 97 46 sic
1221 1392 56 46 ne

380 1436 209 48 indiuisibile
550 1436 157 48 secundum
667 1436 196 48 intensionem
823 1436 143 48 additum
928 1436 130 48 alteri
1019 1436 117 48 facit
1097 1436 183 48 intensius:
1228 1436 52 48 et

367 1480 99 52 per
424 1480 199 52 consequens
580 1480 128 52 forma
665 1480 99 52 non
722 1480 227 52 intenderetur
906 1480 85 52 ex
949 1480 184 52 additione
1090 1480 142 52 talium
1176 1480 114 52 mimmo-

372 1524 119 46 rum:
446 1524 89 46 et
491 1524 104 46 cum
551 1524 119 46 tota
625 1524 134 46 forma
714 1524 104 46 sit
774 1524 223 46 resolubilis
952 1524 89 46 in
997 1524 134 46 talia
1086 1524 149 46 minima
1190 1524 89 46 si
1220 1524 59 46 po

366 1565 151 49 nantur:
476 1565 192 49 sequeretur
627 1565 110 49 quod
695 1565 123 49 nulla
777 1565 123 49 forma
859 1565 123 49 esset
942 1565 178 49 intensior
1079 1565 123 49 alia:
1161 1565 96 49 tum
1202 1565 82 49 quia

369 1612 147 52 quodlibet
482 1612 113 52 talium
561 1612 181 52 acquireretur
708 1612 113 52 subito
787 1612 68 52 et
821 1612 68 52 in
855 1612 147 52 instanti:
968 1612 68 52 et
1001 1612 79 52 per
1047 1612 158 52 consequens
1171 1612 79 52 vel
1205 1612 79 52 nulla

377 1660 141 45 ltensio
480 1660 115 45 esset
557 1660 167 45 continua:
685 1660 115 45 cuius
762 1660 167 45 oppositum
890 1660 90 45 est
941 1660 167 45 probatum:
1069 1660 90 45 vel
1120 1660 141 45 aliquis
1210 1660 64 45 mo-

377 1697 100 50 tus
434 1697 185 50 continuus
576 1697 128 50 esset
661 1697 199 50 compositus
818 1697 85 50 ex
860 1697 228 50 mutationibus
1045 1697 100 50 vel
1102 1697 156 50 mutatis
1202 1697 85 50 esse

383 1741 159 46 praecise:
505 1741 98 46 quod
567 1741 86 46 est
616 1741 184 46 reprobatum.
763 1741 74 46 6.
799 1741 184 46 physicorum:
946 1741 74 46 et
983 1741 98 46 ambe
1044 1741 159 46 praedicte
1155 1741 123 46 rationes

372 1788 78 48 suo
416 1788 89 48 modo
472 1788 123 48 possent
561 1788 100 48 fieri
628 1788 78 48 pro
673 1788 156 48 praecedeti
795 1788 178 48 conclusione.
940 1788 56 48 ⁋
962 1788 111 48 Tertia
1040 1788 145 48 conclusio
1151 1788 78 48 est
1196 1788 67 48 de
1218 1788 56 48 mi-

367 1827 107 48 nimo
433 1827 160 48 secundum
553 1827 187 48 extensione
700 1827 80 48 2o
740 1827 67 48 o
766 1827 187 48 accipiendo
913 1827 147 48 minimum
1020 1827 160 48 scilicet
1126 1827 160 48 seperabile

385 1872 66 49 et
418 1872 144 49 possibile
529 1872 166 49 naturaliter
662 1872 122 49 seorsum
750 1872 144 49 existere.
861 1872 66 49 Et
894 1872 77 49 est
938 1872 144 49 conclusio
1049 1872 89 49 hec:
1104 1872 89 49 quod
1148 1872 133 49 cuiuslibet

369 1914 137 46 talis
460 1914 137 46 forme
551 1914 106 46 est
612 1914 121 46 dare
688 1914 167 46 minimum
809 1914 197 46 possibile
961 1914 121 46 etc.
1037 1914 106 46 vel
1098 1914 167 46 maximum
1204 1914 76 46 non

372 1958 177 55 possibile
509 1958 123 55 minus
590 1958 109 55 omni
658 1958 123 55 parte
740 1958 95 55 sua
795 1958 177 55 possibili
931 1958 95 55 per
985 1958 82 55 se
1026 1958 163 55 existere
1149 1958 82 55 in
1176 1958 109 55 specie

371 2009 117 47 illa.
449 2009 104 47 vnde
514 2009 78 47 in
553 2009 169 47 albedine:
683 2009 117 47 licet
761 2009 91 47 non
813 2009 91 47 sit
864 2009 130 47 aliqua
955 2009 104 47 pars
1020 2009 104 47 mima
1085 2009 195 47 inexistens:
1228 2009 52 47 vt

366 2049 98 54 patet
431 2049 65 54 ex
464 2049 98 54 prima
529 2049 174 54 conclusione:
671 2049 76 54 non
714 2049 174 54 quantumlibet
856 2049 98 54 tamen
921 2049 98 54 parua
986 2049 87 54 pars
1041 2049 87 54 eius
1095 2049 109 54 posset
1171 2049 109 54 diuisa
1236 2049 44 54 ab

372 2093 112 47 aliis
446 2093 87 47 per
496 2093 74 47 se
533 2093 186 47 naturaliter
681 2093 161 47 existere.
805 2093 87 47 sed
855 2093 87 47 est
904 2093 99 47 dare
966 2093 136 47 minimam
1065 2093 99 47 quae
1127 2093 136 47 posset:
1214 2093 62 47 vel

366 2136 129 46 earum
452 2136 100 46 que
509 2136 100 46 non
566 2136 157 46 possent
680 2136 100 46 est
738 2136 114 46 dare
809 2136 172 46 maximam:
938 2136 100 46 ita
995 2136 114 46 quod
1066 2136 129 46 omnis
1152 2136 114 46 alia
1209 2136 72 46 ma-

364 2182 95 48 ior
419 2182 150 48 posset.
528 2182 82 48 Et
568 2182 122 48 sicut
650 2182 109 48 dico
718 2182 82 48 de
759 2182 82 48 ea
800 2182 95 48 que
854 2182 109 48 est:
922 2182 82 48 si
963 2182 218 48 diuideretur:
1140 2182 95 48 sic
1181 2182 95 48 etiam

365 2221 107 47 dico
432 2221 81 47 de
472 2221 201 47 generabili.
633 2221 121 47 valet
714 2221 107 47 quod
781 2221 94 47 non
835 2221 81 47 in
875 2221 175 47 quacumque
1009 2221 121 47 parua
1090 2221 188 47 quantitate
1224 2221 54 47 ma

368 2263 119 49 terie
447 2263 93 49 vel
500 2263 159 49 subiecti
619 2263 93 49 per
672 2263 79 49 se
712 2263 145 49 seorsum
817 2263 172 49 existente
949 2263 132 49 potest
1042 2263 132 49 aliqua
1135 2263 119 49 talis
1201 2263 79 49 for-

370 2308 75 44 ma
407 2308 187 44 naturaliter
557 2308 162 44 generari:
681 2308 87 44 sed
731 2308 75 44 in
769 2308 150 44 qualibet
881 2308 125 44 specie
968 2308 125 44 talium
1056 2308 150 44 formarum
1168 2308 87 44 est
1205 2308 75 44 dare

369 2349 137 46 minimam
468 2349 187 46 quantitatem
618 2349 162 46 subiecti:
743 2349 75 46 in
781 2349 87 46 qua
831 2349 125 46 potest
918 2349 187 46 naturaliter
1068 2349 125 46 recipi
1155 2349 75 46 et
1180 2349 100 46 existe

369 2394 82 50 re:
416 2394 82 50 vel
463 2394 129 50 maximam
556 2394 70 50 in
591 2394 82 50 qua
638 2394 82 50 non
685 2394 117 50 potest
767 2394 70 50 et
802 2394 70 50 in
837 2394 94 50 omni
895 2394 117 50 maiori
977 2394 129 50 potest.
1071 2394 94 50 hanc
1117 2394 164 50 conclusionem

367 2440 136 42 reputo
462 2440 231 42 probabiliorem
653 2440 176 42 opposita:
788 2440 81 42 et
829 2440 122 42 magis
910 2440 163 42 consonam
1033 2440 149 42 dicitis
1128 2440 149 42 auctorum:

364 2483 153 43 quamuis
476 2483 167 43 opposita
601 2483 153 43 virtute
713 2483 167 43 rationum
838 2483 98 43 non
894 2483 140 43 possit
992 2483 181 43 euidenter
1118 2483 153 43 impugnari

375 2526 76 52 ⁋
405 2526 137 52 Arguo
496 2526 122 52 ergo
572 2526 122 52 sic.
648 2526 91 52 in
694 2526 197 52 aliquanta
846 2526 228 52 magnitudine
1028 2526 182 52 subiecti
1149 2526 122 52 potest

363 2570 187 54 naturaliter
512 2570 137 54 saluari
612 2570 112 54 forma
687 2570 162 54 naturalis
812 2570 162 54 eiusmodi:
937 2570 75 54 et
974 2570 75 54 in
1012 2570 162 54 aliquanta
1137 2570 125 54 minore
1212 2570 62 54 non

365 2618 147 46 potest.
471 2618 107 46 ergo
538 2618 93 46 est
591 2618 107 46 dare
658 2618 147 46 minimam
764 2618 80 46 in
804 2618 93 46 qua
858 2618 147 46 potest:
964 2618 93 46 vel
1018 2618 147 46 maximam
1124 2618 80 46 in
1164 2618 93 46 qua
1204 2618 80 46 non:

364 2652 66 48 ad
397 2652 110 48 sensum
474 2652 165 48 praemissum.
605 2652 176 48 consequentia
748 2652 143 48 probatur:
858 2652 121 48 quoniam
946 2652 66 48 si
979 2652 132 48 signetur
1077 2652 99 48 stilo
1143 2652 110 48 aliqua
1209 2652 66 48 pars

361 2699 169 54 subiecti
487 2699 84 54 in
530 2699 98 54 qua
586 2699 155 54 seorsum
698 2699 98 54 non
754 2699 140 54 posset
853 2699 126 54 forma
937 2699 183 54 existere:
1077 2699 98 54 aut
1134 2699 84 54 in
1162 2699 112 54 quali-

366 2738 101 48 bet
423 2738 87 48 ea
467 2738 159 48 maiore:
582 2738 87 48 et
625 2738 101 48 eam
683 2738 202 48 includente
842 2738 144 48 possit
943 2738 130 48 forma
1030 2738 173 48 saluari:
1160 2738 87 48 et
1188 2738 87 48 tunc

358 2784 114 46 illa
429 2784 100 46 est
486 2784 143 46 maxima
586 2784 86 46 in
629 2784 114 46 quae
700 2784 114 46 non.
771 2784 100 46 Aut
828 2784 86 46 in
871 2784 143 46 aliqua
971 2784 143 46 maiore
1070 2784 100 46 non
1127 2784 143 46 posset
1213 2784 71 46 sal

363 2828 128 53 uari:
448 2828 85 53 et
491 2828 114 53 tunc
562 2828 171 53 vlterius
690 2828 171 53 trahendo
818 2828 171 53 stillum:
946 2828 185 53 aliquando
1088 2828 171 53 deuentum
1202 2828 85 53 erit

373 2875 78 52 ad
412 2875 129 52 primam
502 2875 78 52 in
541 2875 90 52 qua
593 2875 155 52 poterit:
709 2875 78 52 et
748 2875 103 52 illa
813 2875 103 52 erit
877 2875 116 52 mimma
955 2875 78 52 in
994 2875 90 52 qua
1045 2875 103 52 sic:
1110 2875 90 52 vel
1162 2875 78 52 ad
1188 2875 90 52 vlti-

368 2914 96 53 mam
423 2914 82 53 in
464 2914 96 53 qua
519 2914 96 53 non
574 2914 165 53 poterit:
697 2914 82 53 et
739 2914 110 53 illa
807 2914 110 53 erit
876 2914 137 53 maxima
972 2914 82 53 in
1013 2914 96 53 qua
1068 2914 110 53 non.
1136 2914 96 53 Non
1177 2914 110 53 potest

368 2961 117 56 autem
446 2961 155 56 vtrumque
562 2961 104 56 dari
627 2961 155 56 scilicet
744 2961 130 56 maxima
834 2961 78 56 in
873 2961 91 56 qua
925 2961 104 56 non:
990 2961 78 56 et
1029 2961 130 56 minima
1120 2961 78 56 in
1158 2961 91 56 qua
1197 2961 78 56 sic.

372 3002 102 52 qui
431 3002 117 52 tunc
504 3002 146 52 minima
606 3002 88 52 in
650 3002 102 52 qua
708 3002 117 52 sic:
781 3002 102 52 vel
839 3002 190 52 excederet
985 3002 160 52 maximam
1102 3002 88 52 in
1146 3002 102 52 qua
1189 3002 88 52 non:

364 3049 153 61 aliquapo
479 3049 140 61 excessu
581 3049 192 61 diuisibili:
735 3049 77 61 et
773 3049 89 61 hoc
824 3049 102 61 non:
888 3049 140 61 quoniam
990 3049 140 61 seclusa
1092 3049 128 61 aliqua
1169 3049 102 61 poste

1320 244 136 65 riore
1411 244 136 65 parte
1501 244 151 65 illius
1607 244 197 65 excessus:
1758 244 136 65 adhuc
1849 244 181 65 residuum
1985 244 181 65 includit
2106 244 136 65 maximam

1335 308 82 46 in
1376 308 95 46 qua
1431 308 109 46 non:
1499 308 82 46 et
1539 308 163 46 amplius:
1662 308 95 46 aut
1716 308 109 46 ergo
1784 308 82 46 in
1825 308 109 46 illo
1893 308 150 46 residuo
2002 308 150 46 poterit
2111 308 109 46 esse
2165 308 68 46 for

1331 347 95 48 ma:
1386 347 82 48 et
1427 347 109 48 tunc
1494 347 122 48 prima
1576 347 109 48 data
1644 347 95 48 non
1698 347 109 48 fuit
1766 347 136 48 minima
1861 347 82 48 in
1902 347 109 48 quae
1970 347 109 48 sic:
2038 347 95 48 aut
2092 347 95 48 non
2133 347 95 48 pote-

1318 387 107 60 rit:
1385 387 80 60 et
1425 387 107 60 tunc
1492 387 161 60 sequitur
1612 387 107 60 quod
1679 387 107 60 alia
1746 387 94 60 non
1799 387 107 60 fuit
1866 387 134 60 maxima
1960 387 80 60 in
2000 387 94 60 qua
2054 387 107 60 non.
2121 387 94 60 non
2161 387 80 60 ergo

1322 434 143 49 excedit
1426 434 91 49 eam
1478 434 78 49 in
1517 434 143 49 excessu
1621 434 195 49 diuisibili:
1777 434 91 49 sed
1830 434 91 49 nec
1882 434 104 49 etia
1947 434 221 49 indiuisibili:
2129 434 104 49 quia
2181 434 65 49 in-

1340 482 144 48 diuisibile
1453 482 72 48 non
1494 482 103 48 reddit
1565 482 103 48 maius.
1637 482 92 48 patet
1699 482 82 48 ergo
1750 482 164 48 consequentia
1883 482 62 48 et
1914 482 92 48 prima
1975 482 82 48 pars
2027 482 164 48 antecedentis
2160 482 72 48 est
2191 482 51 48 no-

1337 522 79 52 ta
1376 522 79 52 ad
1416 522 144 52 sensum.
1521 522 66 52 ⁋
1547 522 144 52 Secunda
1652 522 105 52 vero
1718 522 171 52 probatur:
1849 522 105 52 quia
1915 522 92 52 sic
1967 522 131 52 dicit.
2059 522 79 52 P.
2098 522 79 52 2o
2138 522 79 52 de
2164 522 92 52 anima

1331 563 76 50 et
1369 563 191 50 experientia
1522 563 127 50 docet:
1611 563 191 50 vnusquisque
1764 563 114 50 actus
1840 563 76 50 in
1878 563 153 50 potentia
1992 563 165 50 existente
2107 563 127 50 disposi-

1329 605 74 56 ta
1366 605 74 56 et
1402 605 74 56 in
1439 605 135 56 propria
1537 605 135 56 materia
1635 605 110 56 aptus
1709 605 110 56 natus
1783 605 86 56 est
1832 605 123 56 fieri:
1918 605 74 56 et
1955 605 86 56 non
2004 605 147 56 quilibet
2102 605 147 56 indifferen

1328 652 89 48 ter
1379 652 76 48 in
1417 652 165 48 qualibet:
1544 652 139 48 materia
1645 652 114 48 autem
1721 652 114 48 nulli
1797 652 114 48 forme
1873 652 76 48 in
1911 652 76 48 ea
1949 652 76 48 de
1987 652 101 48 nouo
2050 652 177 48 generabili
2177 652 63 48 est

1329 695 136 50 secundum
1431 695 68 50 se
1464 695 136 50 absolute
1566 695 68 50 et
1600 695 136 50 quolibet
1702 695 68 50 se
1736 695 113 50 habens
1815 695 124 50 propria
1906 695 136 50 potentia
2008 695 79 50 seu
2053 695 136 50 proprium
2143 695 91 50 susce-

1328 741 134 53 ptiuum:
1425 741 85 53 sed
1474 741 134 53 taliter
1571 741 85 53 vel
1620 741 134 53 taliter
1717 741 170 53 disposita:
1851 741 73 53 et
1888 741 110 53 inter
1961 741 110 53 omnes
2034 741 207 53 dispositiones
2192 741 49 53 ma

1326 790 132 46 terie
1415 790 88 46 ad
1459 790 236 46 suscipiendum
1650 790 147 46 formas
1753 790 191 46 quantitas
1900 790 103 46 est
1959 790 147 46 prima.
2062 790 118 46 Unde
2136 790 88 46 et
2165 790 74 46 for

1319 825 91 55 me
1364 825 137 55 prime
1456 825 228 55 elemntorum:
1638 825 106 55 est
1699 825 122 55 sibi
1775 825 228 55 determinant
1957 825 182 55 proprias
2079 825 167 55 magnitudi

1327 870 97 50 nes
1383 870 83 50 et
1424 870 208 50 quantitates
1591 870 83 50 in
1632 870 180 50 materiis:
1771 870 125 50 sicut
1854 870 83 50 ex
1895 870 222 50 attestatione
2076 870 139 50 sensus
2159 870 83 50 pro-

1330 916 103 44 bat
1389 916 162 44 Commen.
1507 916 88 44 in
1551 916 88 44 de
1595 916 177 44 subiecta
1727 916 147 44 orbis:
1830 916 162 44 videmus
1948 916 147 44 inquit
2051 916 118 44 quod
2125 916 132 44 forma
2198 916 59 44 ca

1320 956 189 47 liditatis
1466 956 145 47 quando
1567 956 116 47 agit
1640 956 87 47 in
1683 956 131 47 aquam
1770 956 160 47 incipit
1887 956 116 47 aqua
1959 956 145 47 augeri
2061 956 87 47 et
2090 956 145 47 crescere

1320 1001 83 51 in
1362 1001 248 51 dimensionibus:
1568 1001 83 51 et
1610 1001 165 51 vicinari
1734 1001 234 51 dimensionibus
1927 1001 138 51 aeris.
2023 1001 97 51 cum
2079 1001 110 51 ergo
2134 1001 110 51 perue-

1332 1043 140 50 nterit
1430 1043 84 50 ad
1472 1043 154 50 maximam
1584 1043 210 50 quantitatem
1752 1043 126 50 aque:
1835 1043 112 50 tunc
1905 1043 182 50 subiectum
2045 1043 210 50 denudabitur
2199 1043 42 50 a

1333 1087 121 52 forma
1413 1087 107 52 aque
1480 1087 80 52 et
1520 1087 188 52 quantitate
1668 1087 201 52 dimensionum
1829 1087 121 52 aquae
1909 1087 161 52 propria:
2030 1087 80 52 et
2070 1087 161 52 recipiet
2177 1087 67 52 for

1335 1133 95 45 mam
1390 1133 123 45 aeris
1472 1133 82 45 et
1512 1133 204 45 quantitatem
1676 1133 204 45 dimensionum
1839 1133 191 45 propriarum
1989 1133 123 45 forme
2071 1133 136 45 aeris:
2166 1133 95 45 sed

1319 1174 90 47 si
1364 1174 135 47 forma
1454 1174 105 47 non
1514 1174 240 47 determinaret
1709 1174 120 47 sibi
1785 1174 150 47 certam
1890 1174 225 47 quantitatem
2070 1174 90 47 in
2100 1174 135 47 minimo:

1328 1217 84 49 sed
1376 1217 72 49 in
1412 1217 204 49 quantumcumque
1580 1217 108 49 parua
1652 1217 132 49 saluari
1748 1217 132 49 posset:
1844 1217 156 49 superflua
1964 1217 108 49 esset
2036 1217 108 49 actio
2108 1217 132 49 naturae
2192 1217 48 49 in

1331 1261 135 51 augendo
1429 1261 185 51 dimensiones
1577 1261 99 51 aqua
1639 1261 135 51 propter
1737 1261 197 51 generationem
1897 1261 123 51 aeris.
1983 1261 62 51 ⁋
2008 1261 160 51 Praeterea
2119 1261 123 51 absurdum

1326 1304 129 51 esset
1412 1304 157 51 dicere:
1526 1304 114 51 quod
1597 1304 129 51 forma
1683 1304 200 51 elephantis
1841 1304 143 51 posset
1941 1304 157 51 seruari
2055 1304 86 51 in
2098 1304 100 51 tam
2141 1304 100 51 modi-

1321 1347 76 50 ca
1359 1347 178 50 quantitate
1499 1347 127 50 quanta
1588 1347 89 50 est
1639 1347 165 50 quantitas
1767 1347 115 50 grani
1843 1347 153 50 synapis:
1957 1347 76 50 et
1996 1347 115 50 tamen
2072 1347 165 50 oporteret
2186 1347 64 50 hoc

1318 1391 174 50 dicere:
1444 1391 126 50 nisi
1523 1391 174 50 ponatur
1650 1391 126 50 quod
1728 1391 142 50 forma
1823 1391 221 50 determinat
1997 1391 95 50 in
2044 1391 142 50 mimmo
2123 1391 126 50 certam

1334 1435 188 56 quantitatem
1484 1435 163 56 subiecti:
1609 1435 75 56 et
1646 1435 113 56 sicut
1721 1435 88 56 est
1771 1435 75 56 de
1809 1435 125 56 formis
1896 1435 163 56 perfectis
2021 1435 75 56 et
2059 1435 150 56 corporum
2159 1435 88 56 ethe-

1327 1483 191 47 rogeneorum:
1480 1483 89 47 sic
1531 1483 76 47 et
1569 1483 89 47 est
1620 1483 76 47 de
1658 1483 127 47 formis
1747 1483 191 47 quibuslibet
1900 1483 102 47 quae
1963 1483 76 47 de
2001 1483 102 47 nouo
2065 1483 76 47 in
2103 1483 140 47 materia
2192 1483 51 47 re

1332 1524 197 49 cipiuntur:
1487 1524 155 49 quamuis
1600 1524 127 49 forte
1684 1524 99 49 non
1741 1524 99 49 sit
1797 1524 113 49 eque
1868 1524 155 49 patens.
1980 1524 70 49 ⁋
2008 1524 99 49 Nec
2065 1524 127 49 valet
2135 1524 99 49 dice-

1324 1569 88 52 re:
1375 1569 101 52 quod
1438 1569 88 52 hoc
1488 1569 88 52 non
1539 1569 88 52 est
1589 1569 139 52 simile:
1690 1569 88 52 cum
1741 1569 114 52 forma
1817 1569 177 52 elephantis
1955 1569 151 52 requirat
2069 1569 126 52 corpus
2145 1569 88 52 ethe-

1338 1614 140 56 rogeneum
1444 1614 70 56 id
1479 1614 82 56 est
1525 1614 175 56 dissimilium
1666 1614 140 56 partium.
1771 1614 82 56 Nam
1818 1614 70 56 si
1853 1614 117 56 partes
1935 1614 175 56 homogenesse
2075 1614 94 56 quas
2122 1614 117 56 requirit

1329 1655 144 49 corpus
1429 1655 201 49 elephantis
1587 1655 158 49 possint
1702 1655 115 49 esse
1774 1655 144 49 semper
1875 1655 172 49 minores:
2004 1655 172 49 poterunt
2133 1655 86 49 in
2162 1655 72 49 tam

1326 1698 123 56 parua
1408 1698 110 56 sumi
1477 1698 192 56 quantitate
1628 1698 110 56 quod
1696 1698 205 56 constituent
1860 1698 137 56 corpus
1956 1698 219 56 etherogeneum
2134 1698 82 56 in
2162 1698 82 56 quam

1324 1748 129 48 titate
1414 1748 141 48 synapis
1517 1748 141 48 eiusdem
1620 1748 154 48 rationis
1736 1748 90 48 cum
1787 1748 141 48 corpore
1890 1748 103 48 quod
1954 1748 103 48 nunc
2019 1748 116 48 habet
2096 1748 154 48 elephas:
2199 1748 51 48 et

1330 1786 82 45 in
1371 1786 109 45 illo
1440 1786 150 45 poterit
1549 1786 150 45 saluari
1658 1786 123 45 forma
1740 1786 205 45 elephantis:
1904 1786 82 45 si
1945 1786 123 45 dicta
2027 1786 137 45 opinio
2123 1786 96 45 vra
2164 1786 68 45 sit

1340 1832 54 52 ⁋
1362 1832 65 52 Ad
1394 1832 86 52 hanc
1448 1832 162 52 intentionem
1578 1832 86 52 est.
1631 1832 65 52 P.
1664 1832 97 52 primo
1729 1832 205 52 philosophicorum
1901 1832 108 52 contra
1977 1832 97 52 Anax.
2041 1832 76 52 vbi
2084 1832 108 52 dicens
2160 1832 86 52 quod
2203 1832 54 52 est

1335 1873 110 47 pare
1404 1873 152 47 minimam
1515 1873 152 47 carnem:
1625 1873 83 47 et
1666 1873 124 47 mimam
1749 1873 138 47 aquam:
1846 1873 83 47 et
1887 1873 97 47 sic
1942 1873 83 47 de
1984 1873 124 47 aliis
2053 1873 179 47 naturalibus

1338 1919 71 48 ⁋
1366 1919 85 48 Ad
1409 1919 100 48 hoc
1466 1919 156 48 dicitur
1580 1919 114 48 quod
1651 1919 85 48 ex
1693 1919 128 48 dicto
1779 1919 114 48 illo
1850 1919 100 48 non
1907 1919 156 48 cogimur
2021 1919 142 48 ponere
2120 1919 114 48 tale
2177 1919 57 48 mi

1331 1960 128 47 nimum.
1421 1960 102 47 Nam.
1484 1960 77 47 P.
1523 1960 115 47 satis
1599 1960 115 47 habet
1676 1960 77 47 si
1714 1960 89 47 per
1765 1960 166 47 ablatione
1893 1960 64 47 a
1919 1960 102 47 toto
1983 1960 166 47 minoretur
2110 1960 128 47 totum:
2187 1960 51 47 et

1336 2005 84 44 ta
1378 2005 112 44 quod
1448 2005 98 44 non
1505 2005 140 44 semper
1603 2005 84 44 de
1645 2005 84 44 eo
1687 2005 140 44 possit
1785 2005 140 44 equale
1884 2005 183 44 abstrahi.
2024 2005 183 44 Dportebat
2151 2005 84 44 enim

1324 2051 122 43 Anax.
1405 2051 135 43 dicere
1499 2051 122 43 sicut
1580 2051 81 43 ei
1621 2051 176 43 impoteit.
1756 2051 81 43 P.
1796 2051 108 43 quod
1864 2051 122 43 facta
1945 2051 216 43 segregatione
2120 2051 68 43 a
2134 2051 95 43 carne

1322 2094 234 48 cuiuscumque
1510 2094 234 48 generabilis
1697 2094 94 48 de
1744 2094 140 48 carne
1837 2094 140 48 adhuc
1931 2094 203 48 remaneret
2087 2094 125 48 caro
2149 2094 94 48 tan-

1324 2136 88 52 ta:
1375 2136 76 52 vt
1413 2136 76 52 ex
1450 2136 76 52 ea
1488 2136 126 52 posset
1576 2136 151 52 vlterius
1689 2136 164 52 segregari
1815 2136 176 52 quodcumque
1954 2136 189 52 generabile.
2105 2136 76 52 et
2142 2136 88 52 hoc
2180 2136 63 52 est

1336 2177 173 59 mpossibile:
1474 2177 127 59 quoniam
1566 2177 196 59 quantumcumque
1727 2177 92 59 caro
1784 2177 115 59 posset
1865 2177 69 59 in
1899 2177 150 59 infinitum
2014 2177 115 59 diuidi
2095 2177 69 59 et
2118 2177 127 59 minorari:

1327 2221 142 48 saltem
1426 2221 99 48 non
1483 2221 184 48 remaneret
1625 2221 128 48 tanta
1710 2221 85 48 vt
1752 2221 142 48 posset
1852 2221 85 48 ex
1894 2221 85 48 ea
1937 2221 199 48 quodcumque
2079 2221 170 48 generabile

1322 2267 169 51 generari:
1452 2267 104 51 quia
1517 2267 182 51 generabile
1659 2267 182 51 quodcumque
1802 2267 156 51 requirit
1919 2267 208 51 determinatam
2074 2267 169 51 quantitatem

1319 2315 117 49 illius
1401 2315 70 49 ex
1436 2315 82 49 quo
1483 2315 163 49 generatur:
1611 2315 117 49 maxime
1692 2315 70 49 si
1727 2315 152 49 generatio
1844 2315 82 49 sit
1890 2315 117 49 tantum
1972 2315 175 49 segregatio:
2112 2315 93 49 quod
2158 2315 82 49 impo-

1332 2358 109 54 nitur
1405 2358 109 54 Anax.
1478 2358 73 54 et
1514 2358 109 54 vltra
1587 2358 182 54 quantitatem
1733 2358 109 54 istam
1806 2358 73 54 ex
1843 2358 85 54 qua
1891 2358 170 54 gietenatur
2025 2358 146 54 minuetur
2135 2358 97 54 caro
2183 2358 61 54 per

1334 2400 157 54 potinuam
1451 2400 222 54 segregationem
1634 2400 143 54 aliorum
1738 2400 78 54 ex
1777 2400 117 54 ipsa.
1856 2400 91 54 Non
1908 2400 104 54 ergo
1973 2400 143 54 propter
2064 2400 170 54 intentionem

1331 2439 135 56 Aristo.
1429 2439 86 56 ibi
1478 2439 135 56 oportet
1577 2439 123 56 ponere
1663 2439 123 56 minium
1749 2439 74 56 in
1786 2439 197 56 naturalibus:
1946 2439 86 56 est
1995 2439 160 56 separatum
2118 2439 74 56 et
2155 2439 86 56 per
2192 2439 49 56 se

1325 2485 158 49 existens.
1446 2485 61 49 ⁋
1471 2485 85 49 hec
1519 2485 158 49 responsio
1641 2485 85 49 non
1690 2485 85 49 est
1738 2485 146 49 secundum
1848 2485 134 49 mentem.
1945 2485 73 49 P.
1982 2485 97 49 quod
2042 2485 109 49 patet
2115 2485 73 49 ex
2140 2485 97 49 verbis

1322 2532 101 51 eius
1386 2532 152 51 apartis:
1500 2532 76 51 et
1538 2532 177 51 rationibus
1677 2532 101 51 quas
1741 2532 152 51 adducit.
1855 2532 76 51 Ex
1893 2532 127 51 verbis
1981 2532 127 51 quidem
2070 2532 89 51 nam
2121 2532 89 51 ait
2172 2532 89 51 sic

1327 2571 76 48 si
1365 2571 101 48 omne
1429 2571 126 48 corpus
1517 2571 126 48 remoto
1606 2571 152 48 quaedam:
1719 2571 101 48 quod
1783 2571 114 48 minus
1859 2571 139 48 necesse
1960 2571 89 48 est
2010 2571 126 48 fieri:
2099 2571 126 48 carnis
2175 2571 63 48 aut

1324 2617 204 50 determinata
1487 2617 95 50 est
1542 2617 190 50 quantitas.
1691 2617 81 50 et
1731 2617 217 50 magnitudinie
1908 2617 81 50 et
1949 2617 190 50 peruitate:
2084 2617 163 50 manifestum

1326 2660 96 45 est
1381 2660 110 45 quod
1450 2660 82 45 ex
1491 2660 110 45 mima
1560 2660 124 45 carne
1642 2660 137 45 nullum
1738 2660 220 45 segregabitur
1917 2660 151 45 corpus:
2027 2660 110 45 erit
2095 2660 110 45 enim
2150 2660 69 45 min

1321 2703 164 47 minimo.
1440 2703 74 47 ⁋
1470 2703 89 47 Et
1514 2703 164 47 Commen.
1633 2703 104 47 ibi
1693 2703 119 47 hanc
1767 2703 178 47 rationem
1901 2703 193 47 declarans
2050 2703 119 47 ait.
2124 2703 89 47 Et
2154 2703 74 47 cum

1316 2749 85 52 sit
1364 2749 121 52 manium
1449 2749 85 52 per
1497 2749 85 52 se:
1546 2749 97 52 quod
1606 2749 97 52 omne
1667 2749 121 52 corpus
1751 2749 121 52 quando
1836 2749 73 52 ex
1872 2749 73 52 eo
1908 2749 169 52 diminuitur
2042 2749 133 52 aliquid
2138 2749 85 52 fit
2175 2749 60 52 mi-

1327 2792 97 50 nus:
1388 2792 73 50 et
1424 2792 109 50 etiam
1497 2792 85 50 est
1546 2792 134 50 manitum
1643 2792 85 50 per
1691 2792 73 50 se
1728 2792 97 50 quod
1789 2792 158 50 quantitas
1910 2792 121 50 carnis
1995 2792 85 50 est
2044 2792 146 50 termiata
2153 2792 73 50 in
2177 2792 61 50 ma-

1322 2837 194 48 gnitudine
1471 2837 89 48 et
1516 2837 209 48 peruitate.
1680 2837 104 48 Nam
1739 2837 149 48 manium
1844 2837 119 48 est:
1918 2837 119 48 quod
1993 2837 89 48 ex
2037 2837 149 48 minima
2127 2837 104 48 carne

1332 2881 82 48 qua
1379 2881 105 48 nulla
1449 2881 94 48 caro
1508 2881 82 48 est
1555 2881 117 48 minor:
1637 2881 176 48 impossibile
1777 2881 82 48 est
1824 2881 105 48 exire
1894 2881 117 48 corpus
1976 2881 152 48 consimile
2093 2881 129 48 omnino.
2175 2881 59 48 Nam

1327 2924 117 45 quando
1409 2924 117 45 exitus
1491 2924 140 45 procedit
1596 2924 117 45 semper
1678 2924 70 45 et
1713 2924 140 45 mioratio
1818 2924 140 45 corporis
1923 2924 70 45 ex
1958 2924 82 45 quo
2004 2924 82 45 est
2051 2924 117 45 exitus
2121 2924 117 45 procedit

1331 2964 109 50 sper:
1403 2964 133 50 necesse
1500 2964 85 50 est
1548 2964 72 50 vt
1585 2964 109 50 illud
1657 2964 121 50 corpus
1742 2964 60 50 a
1766 2964 97 50 quae
1826 2964 121 50 exiunt
1911 2964 85 50 hec
1959 2964 145 50 corpera:
2068 2964 157 50 perueniat
2189 2964 72 50 ad

1322 3012 106 45 mimam
1393 3012 177 45 quantitatem
1535 3012 118 45 illius
1618 3012 130 45 speciei
1712 3012 154 45 corporis:
1830 3012 71 45 et
1866 3012 95 45 tunc
1925 3012 95 45 erit
1984 3012 177 45 impossibile
2126 3012 71 45 vt
2161 3012 71 45 ex
2185 3012 47 45 eo

1318 3050 100 58 exeat
1385 3050 134 58 aliquid:
1485 3050 123 58 quoniam
1574 3050 111 58 fieret
1652 3050 89 58 tunc
1708 3050 100 58 minus
1775 3050 89 58 quam
1831 3050 123 58 deberet
1920 3050 100 58 esse:
1987 3050 89 58 quod
2042 3050 78 58 est
2087 3050 111 58 contra
2154 3050 78 58 posi
