2483 3537
154 275 106 66 tum.
220 275 92 66 hoc
273 275 119 66 patet
352 275 132 66 primo:
444 275 106 66 quia
510 275 145 66 vterque
616 275 132 66 aperte
708 275 132 66 dicit:
801 275 106 66 quod
867 275 92 66 est
919 275 106 66 dare
972 275 119 66 minimam

167 328 147 57 carnem:
274 328 80 57 et
314 328 94 57 per
367 328 187 57 consequens
515 328 107 57 quod
582 328 107 57 caro
649 328 94 57 est
702 328 201 57 determinata
863 328 80 57 in
890 328 187 57 magnitudinie

165 371 86 46 et
208 371 200 46 paruitate:
365 371 86 46 et
408 371 100 46 his
465 371 143 46 verbis
565 371 215 46 contradicit
737 371 229 46 responsioni.
908 371 172 46 Cotradicit

172 405 124 62 etiam
255 405 166 62 rationi.
379 405 97 62 Nam
434 405 83 62 si
476 405 152 62 negetur
586 405 110 62 tale
655 405 152 62 minimum
766 405 97 62 nec
821 405 152 62 ponatur
931 405 138 62 minima
1014 405 69 62 ca-

165 461 88 42 ro
209 461 147 42 potens
312 461 103 42 per
371 461 88 42 se
415 461 220 42 subsistere:
591 461 103 42 vel
649 461 103 42 non
708 461 161 42 ponatur
825 461 161 42 maximum
942 461 117 42 quod
1001 461 88 42 non:

167 502 115 51 ratio
244 502 115 51 nihil
320 502 140 51 probat:
422 502 140 51 quoniam
525 502 102 51 ipsa
588 502 115 51 super
665 502 89 51 hoc
716 502 204 51 sustentatur:
882 502 77 51 et
920 502 102 51 tunc
971 502 115 51 deducit

156 544 119 46 quod
231 544 119 46 erit
305 544 119 46 dare
379 544 134 46 minus
469 544 164 46 minimo.
588 544 119 46 vnde
662 544 208 46 negaretur.
826 544 89 46 P.
871 544 89 46 et
900 544 179 46 Commentato

150 590 82 51 ri
191 590 109 51 quod
260 590 96 51 per
314 590 178 51 continuum
451 590 137 51 exitum
546 590 164 51 corporum
669 590 68 51 a
697 590 137 51 carne:
792 590 82 51 et
833 590 178 51 continuam
956 590 123 51 minora:

164 628 163 62 tionem
278 628 163 62 carnis
392 628 229 62 deueniatur
572 628 98 62 ad
621 628 180 62 minimam
752 628 163 62 carnem
867 628 98 62 ex
916 628 114 62 qua
965 628 114 62 nihi-

158 672 130 57 posset
249 672 130 57 exire.
340 672 78 57 et
379 672 91 57 sic
431 672 156 57 haberent
548 672 130 57 negare
640 672 91 57 qui
692 672 182 57 praemissam
835 672 130 57 ponunt
913 672 169 57 respositio-

164 716 129 56 sionem:
258 716 70 56 et
293 716 94 56 tunc
352 716 106 56 ratio
422 716 106 56 nihil
493 716 141 56 valeret.
598 716 59 56 â‹
622 716 152 56 Praeterea
739 716 82 56 hoc
786 716 94 56 idem
844 716 106 56 patet
915 716 70 56 ex
950 716 94 56 alia
997 716 82 56 ratio

159 763 90 56 ne
204 763 120 56 quam
279 763 210 56 praemittit
444 763 120 56 ibi.
519 763 90 56 P.
564 763 135 56 super
653 763 120 56 eode
728 763 210 56 fundamento
893 763 180 56 fundata.
1013 763 75 56 Sed

163 801 157 61 differt
277 801 86 61 ab
320 801 86 61 ea
362 801 100 61 que
419 801 114 61 nunc
491 801 171 61 recitata
619 801 114 61 est:
690 801 157 61 quoniam
804 801 114 61 ista
875 801 157 61 accipit
975 801 114 61 minimu

169 841 114 51 eius
240 841 85 51 ex
283 841 100 51 quo
340 841 214 51 segregatur:
510 841 114 51 alia
582 841 114 51 vero
653 841 157 51 accipit
767 841 157 51 minimum
881 841 114 51 eius
952 841 114 51 quod
1009 841 71 51 se-

161 889 164 55 gregatur:
288 889 76 55 et
326 889 88 55 est
376 889 126 55 ratio.
464 889 76 55 P.
502 889 101 55 quod
565 889 88 55 cum
616 889 88 55 sit
666 889 101 55 dare
730 889 139 55 minimam
831 889 139 55 carnem:
932 889 88 55 aut
982 889 76 55 ex
1007 889 76 55 aqua

159 939 84 48 non
207 939 132 48 poterit
303 939 120 48 semper
388 939 157 48 segregari
508 939 108 48 caro:
580 939 96 48 quod
641 939 84 48 est
689 939 120 48 contra
773 939 108 48 Anax.
845 939 72 48 et
881 939 84 48 est
929 939 157 48 intentum.
1038 939 48 48 P.

165 978 98 45 aut
221 978 84 45 in
263 978 112 45 aqua
333 978 112 45 quae
403 978 98 45 est
459 978 140 45 finite
557 978 210 45 quantitatis
726 978 126 45 erunt
810 978 154 45 corpora
922 978 154 45 equalia
1020 978 56 45 in

160 1019 109 48 finita
236 1019 131 48 secundum
335 1019 185 48 multitudinem:
487 1019 87 48 quod
542 1019 76 48 est
585 1019 174 48 impossibile.
727 1019 120 48 constat
814 1019 98 48 autem
880 1019 87 48 quod
934 1019 76 48 hec
978 1019 98 48 ratio
1032 1019 55 48 non

157 1069 202 47 concludit:
315 1069 115 47 nisi
387 1069 216 47 supponatur:
561 1069 115 47 quod
633 1069 101 47 sit
690 1069 216 47 determinata
864 1069 188 47 quantitas
993 1069 87 47 car-

163 1105 94 54 nis
216 1105 135 54 minima
311 1105 108 54 quae
378 1105 135 54 potest
473 1105 189 54 segregari:
621 1105 94 54 vel
675 1105 135 54 maxima
770 1105 108 54 quae
837 1105 94 54 non
891 1105 148 54 potest.
999 1105 67 54 â‹
1013 1105 67 54 Nam

162 1152 143 52 neutro
262 1152 128 52 horum
347 1152 143 52 posito
447 1152 157 52 dicetur
561 1152 114 52 quod
633 1152 114 52 post
704 1152 185 52 quamlibet
846 1152 200 52 segregatam
989 1152 100 52 segre

166 1196 159 52 gabitur
281 1196 130 52 minor
368 1196 87 52 in
412 1196 203 52 infinitum:
571 1196 87 52 et
614 1196 101 52 sic
672 1196 101 52 non
730 1196 174 52 cessabit
860 1196 217 52 segregatio:
1020 1196 72 52 nec

165 1236 128 49 erunt
250 1236 156 49 corpora
364 1236 156 49 equalia
478 1236 171 49 infinita
606 1236 85 49 in
648 1236 156 49 corpore
762 1236 156 49 finito:
876 1236 142 49 quando
961 1236 128 49 corpora

166 1279 195 61 segregata
316 1279 105 61 non
376 1279 135 61 erunt
465 1279 180 61 equalia.
600 1279 105 61 Sed
660 1279 90 61 si
705 1279 135 61 detur
795 1279 150 61 minima
899 1279 120 61 caro
959 1279 120 61 proce-

156 1328 101 51 dit
213 1328 101 51 ro:
271 1328 158 51 quoniam
386 1328 86 51 in
429 1328 173 51 qualibet
559 1328 231 51 segregatione
746 1328 231 51 segregabitur
934 1328 144 51 minima
1020 1328 72 51 ca-

171 1368 81 47 ro
212 1368 95 47 vel
266 1368 122 47 maior
348 1368 176 47 continens
483 1368 163 47 minimam:
605 1368 81 47 et
646 1368 163 47 sequitur
767 1368 108 47 tunc
835 1368 203 47 propositum:
998 1368 81 47 et
1025 1368 54 47 in

165 1408 98 58 hoc
221 1408 154 58 fundari
333 1408 168 58 rationem
459 1408 126 58 patet
543 1408 182 58 manifeste
684 1408 98 58 per
740 1408 154 58 Commen.
852 1408 154 58 ibidem.
964 1408 112 58 vnde
1020 1408 70 58 po-

167 1453 102 48 nens
231 1453 165 48 rationem.
358 1453 76 48 P.
396 1453 102 48 ait:
459 1453 127 48 quando
548 1453 76 48 ex
587 1453 102 48 aqua
650 1453 102 48 exit
714 1453 114 48 caro:
790 1453 127 48 deinde
879 1453 76 48 ab
917 1453 76 48 ea
955 1453 102 48 exit
1006 1453 76 48 alia

166 1500 114 43 caro:
242 1500 76 43 et
280 1500 88 43 sic
331 1500 76 43 in
368 1500 177 43 infinitum:
507 1500 139 43 necesse
608 1500 88 43 est
659 1500 114 43 autem
735 1500 76 43 vt
772 1500 126 43 exitus
861 1500 139 43 cesset:
962 1500 88 43 aut
1012 1500 76 43 vt
1038 1500 51 43 in

167 1544 145 55 corpore
272 1544 132 55 finito
364 1544 105 55 sint
430 1544 145 55 corpora
536 1544 158 55 infinita
654 1544 158 55 equalia:
773 1544 145 55 quoniam
878 1544 92 55 non
931 1544 132 55 potest
1010 1544 79 55 ali-

156 1584 120 49 quis
231 1584 150 49 dicere
335 1584 120 49 quod
410 1584 105 49 cum
470 1584 90 49 ex
515 1584 120 49 aqua
590 1584 150 49 exiuit
694 1584 135 49 prima
784 1584 135 49 caro:
874 1584 150 49 deinde
963 1584 120 49 exiuit

152 1630 106 48 alia
218 1630 119 48 caro:
298 1630 106 48 quod
364 1630 106 48 illa
430 1630 106 48 caro
497 1630 146 48 secunda
603 1630 93 48 est
656 1630 119 48 minor
735 1630 119 48 prima
815 1630 159 48 secundum
921 1630 159 48 minoratio-

166 1670 89 46 nem
217 1670 102 46 aque
281 1670 89 46 per
332 1670 127 46 exitum
421 1670 140 46 carnis.
523 1670 76 46 Et
561 1670 178 46 similiter.
701 1670 76 46 3a
739 1670 102 46 caro
802 1670 89 46 est
853 1670 127 46 minor.
942 1670 76 46 2a
968 1670 127 46 secundum

150 1711 227 48 minorationem
335 1711 114 48 aque
406 1711 100 48 per
463 1711 142 48 exitum
562 1711 85 48 2a
605 1711 156 48 carnis:
718 1711 85 48 et
761 1711 114 48 quod
832 1711 100 48 hic
889 1711 199 48 procederet
1031 1711 57 48 in

163 1755 156 53 infinitum
283 1755 144 53 scilicet
391 1755 144 53 peruitas
499 1755 96 53 aque
559 1755 72 53 et
595 1755 144 53 peruitas
702 1755 120 53 carnis
786 1755 156 53 exeuntis:
906 1755 96 53 caro
966 1755 96 53 enim
1014 1755 84 53 habet

149 1801 79 48 in
188 1801 172 48 peruitate
321 1801 212 48 magnitudinem
493 1801 185 48 terminatam
639 1801 106 48 quam
705 1801 93 48 non
758 1801 185 48 pertransit
904 1801 159 48 scilicet
1010 1801 79 48 quod

163 1847 97 50 non
219 1847 180 50 inuenitur
357 1847 111 50 caro
427 1847 139 50 habens
524 1847 153 50 minorem
635 1847 222 50 magnitudinem
815 1847 125 50 illa:
898 1847 111 50 ista
967 1847 111 50 ergo
1023 1847 69 50 ma-

163 1885 146 53 gnitudo
269 1885 173 53 terminata
402 1885 106 53 quae
468 1885 93 53 est
522 1885 133 53 carnis
615 1885 133 53 quando
708 1885 106 53 exit
774 1885 80 53 ex
814 1885 120 53 aqua:
894 1885 133 53 semper
973 1885 120 53 necesse

163 1930 97 59 est
219 1930 152 59 alterum
329 1930 152 59 istorum
440 1930 152 59 duorum:
551 1930 97 59 aut
606 1930 83 59 vt
648 1930 138 59 cesset
745 1930 194 59 generatio:
897 1930 97 59 aut
953 1930 83 59 in
980 1930 111 59 magni-

158 1976 154 47 tudine
265 1976 200 47 terminata
419 1976 184 47 scilicet
557 1976 92 47 in
603 1976 123 47 aqua
680 1976 138 47 erunt
772 1976 246 47 magnitudines
957 1976 138 47 equiles

163 2013 177 50 infinite:
300 2013 95 50 vel
354 2013 95 50 est
408 2013 123 50 minor
490 2013 177 50 magnitudo
626 2013 150 50 carnis:
735 2013 109 50 quod
803 2013 95 50 est
858 2013 218 50 impossibile.
1021 2013 68 50 hec

159 2061 226 48 commentator.
342 2061 85 48 In
385 2061 141 48 quibus
484 2061 141 48 verbis
583 2061 127 48 patet
667 2061 184 48 manifeste
809 2061 113 48 quod
879 2061 141 48 dictum
978 2061 113 48 est:
1035 2061 56 48 et

169 2103 75 54 per
212 2103 150 54 consequens
330 2103 140 54 responsio
438 2103 97 54 nulla
502 2103 75 54 est
545 2103 64 54 ad
577 2103 172 54 intentionem.
717 2103 64 54 P.
749 2103 64 54 Et
782 2103 86 54 quod
835 2103 118 54 dicitur
921 2103 86 54 quod
975 2103 140 54 sufficit:

157 2152 108 50 quod
225 2152 95 50 sic
279 2152 95 50 per
333 2152 176 50 continuam
469 2152 189 50 ablationem
617 2152 176 50 minoretur
753 2152 149 50 corpus:
861 2152 81 50 vt
902 2152 95 50 non
956 2152 135 50 semper
1037 2152 54 50 de

161 2190 75 54 eo
198 2190 124 54 possit
285 2190 124 54 equale
372 2190 162 54 abstrahi:
497 2190 87 54 non
546 2190 87 54 est
596 2190 124 54 verum:
683 2190 137 54 quoniam
783 2190 75 54 et
820 2190 75 54 si
858 2190 87 54 non
907 2190 124 54 semper
982 2190 112 54 possit.

149 2235 182 51 abstrahi
285 2235 167 51 equale:
406 2235 167 51 dummodo
528 2235 151 51 semper
634 2235 151 51 possit
740 2235 167 51 aliquod
861 2235 151 51 corpus
952 2235 136 51 eiusdem

170 2276 148 45 rationis
281 2276 160 45 abstrahi:
404 2276 86 45 non
453 2276 136 45 haberet
552 2276 185 45 propositum.
700 2276 74 45 P.
737 2276 123 45 contra
823 2276 123 45 Anaxa.
909 2276 86 45 non
958 2276 99 45 enim
1008 2276 86 45 dice-

167 2319 108 56 bat
228 2319 154 56 Anaxa.
336 2319 123 56 quod
413 2319 92 56 ex
459 2319 139 56 grano
551 2319 169 56 synapis
674 2319 154 56 possit
782 2319 200 56 segregari
936 2319 123 56 aqua
998 2319 92 56 tan-

158 2360 88 56 ta
202 2360 146 56 quanta
305 2360 102 56 est
363 2360 146 56 totius
466 2360 161 56 oceani:
583 2360 102 56 sed
641 2360 117 56 aqua
714 2360 176 56 alicuius
846 2360 234 56 quantitatis:
1022 2360 73 56 nec

165 2408 153 53 dicebat
277 2408 112 53 quod
346 2408 139 53 semper
444 2408 139 53 equale
541 2408 139 53 posset
639 2408 181 53 abstrahi:
778 2408 153 53 quamuis
890 2408 84 53 ad
932 2408 98 53 hoc
973 2408 112 53 dicen-

164 2457 112 46 dum
228 2457 223 46 compellat.
403 2457 96 46 P.
451 2457 207 46 supposita
610 2457 159 46 minima
722 2457 239 46 magnitudine
913 2457 143 46 aque:
992 2457 96 46 quod

160 2495 118 47 etiam
238 2495 118 47 addit
317 2495 170 47 responsio
448 2495 105 47 quod
513 2495 183 47 quodcumque
657 2495 183 47 generabile
800 2495 157 47 requirit
905 2495 183 47 determinatam

166 2541 198 56 quantitatem
324 2541 132 56 illius
416 2541 79 56 ex
456 2541 92 56 quo
509 2541 185 56 generatur:
654 2541 79 56 si
693 2541 171 56 generatio
825 2541 92 56 sit
878 2541 185 56 segregatio
1010 2541 66 56 non

162 2584 83 51 et
204 2584 125 51 verum
287 2584 111 51 nisi
357 2584 125 51 ipsum
440 2584 195 51 generabile
593 2584 195 51 determinet
746 2584 111 51 sibi
816 2584 153 51 minimam
927 2584 97 51 sui
969 2584 111 51 quanti

170 2627 116 43 tatem:
252 2627 93 43 quae
309 2627 116 43 potest
391 2627 81 43 per
437 2627 70 43 se
472 2627 174 43 subsistere:
611 2627 81 43 vel
657 2627 127 43 maximam
750 2627 93 43 quae
808 2627 81 43 non
854 2627 127 43 potest.
947 2627 81 43 Nam
993 2627 70 43 si
1016 2627 58 43 ge-

164 2665 151 61 nerabile
278 2665 126 61 possit
366 2665 101 61 esse
429 2665 126 61 minus:
518 2665 76 61 et
555 2665 76 61 eo
593 2665 114 61 aliud
669 2665 126 61 minus:
757 2665 76 61 et
795 2665 88 61 sic
845 2665 126 61 semper
934 2665 151 61 poterit:
1035 2665 50 61 et

170 2715 73 56 ex
206 2715 122 56 minori
291 2715 73 56 et
328 2715 122 56 minori
413 2715 158 56 segregari
534 2715 134 56 aliquod
632 2715 182 56 generabile:
777 2715 73 56 et
814 2715 85 56 sic
862 2715 109 56 patet
935 2715 97 56 quod
984 2715 85 56 respo

184 2757 122 50 nulla
266 2757 95 50 est
320 2757 81 50 ad
361 2757 203 50 intentionem
523 2757 203 50 philosophi.
686 2757 68 50 â‹
713 2757 122 50 huius
794 2757 136 50 quoque
889 2757 176 50 sententie
1011 2757 68 50 est

171 2797 200 51 Commentatoris.
338 2797 67 51 6.
371 2797 211 51 philosophiorum.
549 2797 78 51 vbi
593 2797 89 51 ait:
649 2797 89 51 quod
704 2797 100 51 mimus
771 2797 100 51 color
838 2797 78 51 est
882 2797 156 51 terminatus
1004 2797 78 51 per
1038 2797 44 51 se

170 2844 195 53 quemadmodum
326 2844 104 53 mima
391 2844 117 53 forma
469 2844 91 53 est
521 2844 169 53 terminata
651 2844 156 53 scilicet
768 2844 104 53 quod
833 2844 130 53 mimmum
924 2844 104 53 quod
976 2844 104 53 potest

182 2886 103 47 esse
247 2886 168 47 coloratum
376 2886 78 47 in
415 2886 116 47 actu:
492 2886 90 47 est
544 2886 194 47 terminatum:
699 2886 194 47 quemadmodum
854 2886 116 47 mimum
932 2886 103 47 quod
984 2886 103 47 potest

170 2930 98 58 esse
231 2930 135 58 aliquid
329 2930 196 58 demonstratum
488 2930 86 58 est
537 2930 172 58 terminatu.
672 2930 86 58 vbi
721 2930 123 58 gratia
807 2930 135 58 quoniam
905 2930 110 58 mimma
979 2930 98 58 aqua
1028 2930 61 58 est

174 2977 171 47 terminata:
308 2977 73 47 et
345 2977 159 47 similiter
467 2977 73 47 de
503 2977 110 47 aliis
577 2977 171 47 corporibus
711 2977 183 47 simplicibus
857 2977 73 47 et
894 2977 183 47 compositis.
1028 2977 49 47 Et

169 3020 82 47 in
210 3020 110 47 alio
279 3020 165 47 commento
403 3020 151 47 dixerat
513 3020 110 47 quod
581 3020 151 47 minimum
691 3020 82 47 de
733 3020 110 47 omni
801 3020 165 47 generato
925 3020 96 47 est
966 3020 110 47 termia

174 3064 74 52 te
211 3064 196 52 quantitatis.
370 3064 110 52 verbi
444 3064 135 52 gratia.
542 3064 98 52 mima
603 3064 98 52 pars
665 3064 110 52 ignis
738 3064 86 52 est
787 3064 160 52 terminata
910 3064 147 52 scilicet
1008 3064 74 52 mima

1131 286 95 59 pars
1191 286 95 59 quae
1250 286 119 59 potest
1334 286 95 59 esse
1393 286 119 59 ignis.
1477 286 60 59 â‹
1501 286 95 59 Item
1560 286 107 59 infra
1632 286 72 59 in
1668 286 95 59 alio
1727 286 143 59 commento
1834 286 95 59 ait.
1894 286 95 59 omne
1954 286 95 59 enim
2001 286 60 59 ge-

1122 338 138 44 nerabile
1226 338 138 44 naturale
1330 338 104 44 habet
1399 338 127 44 aliquam
1491 338 173 44 quantitatem
1630 338 173 44 naturaliter
1768 338 69 44 in
1802 338 115 44 initio
1872 338 161 44 generationis

1136 380 69 51 et
1171 380 104 51 fine.
1240 380 69 51 et
1275 380 92 51 ista
1333 380 150 51 quantitas
1448 380 104 51 habet
1517 380 138 51 extremum
1621 380 69 51 et
1656 380 127 51 medium.
1748 380 81 51 vbi
1794 380 115 51 gratia
1875 380 127 51 quoniam
1956 380 69 51 quam

1130 420 134 54 titates
1227 420 171 54 estbrionum
1362 420 98 54 sunt
1423 420 159 54 terminate
1545 420 146 54 scilicet
1655 420 122 54 maximi
1740 420 73 54 et
1777 420 134 54 minimi:
1874 420 73 54 et
1899 420 134 54 similiter

1124 461 140 59 hominum
1226 461 191 59 quantitates
1378 461 102 59 sunt
1442 461 165 59 terminate
1569 461 152 59 scilicet
1683 461 127 59 maximi
1772 461 76 59 et
1810 461 114 59 mimi.
1887 461 102 59 vnde
1937 461 102 59 impos-

1128 504 140 49 sibile
1226 504 98 49 est
1282 504 140 49 augeri
1380 504 84 49 in
1422 504 126 49 infin
1506 504 98 49 aut
1562 504 168 49 diminui.
1689 504 98 49 Nam
1745 504 84 49 si
1787 504 210 49 transiuerit
1941 504 98 49 quam-

1131 547 131 59 titatem
1226 547 142 59 naturale
1333 547 71 59 in
1368 547 154 59 divisione
1487 547 71 59 et
1523 547 71 59 in
1558 547 154 59 additione
1677 547 119 59 statim
1760 547 178 59 corrumpetur
1902 547 95 59 ens:
1950 547 83 59 actio

1128 594 99 54 enim
1189 594 173 54 cuiuslibet
1325 594 111 54 entis
1399 594 173 54 perficitur
1535 594 86 54 per
1584 594 185 54 quantitatem
1732 594 74 54 et
1769 594 160 54 qualitate
1880 594 148 54 terminatam

1132 634 95 51 sicut
1196 634 74 51 est
1238 634 148 51 dispositio
1355 634 63 51 in
1386 634 116 51 entibus
1471 634 201 51 artificialibus.
1640 634 74 51 hec
1682 634 190 51 Commentatoris.
1841 634 116 51 Similem
1915 634 127 51 sententiam

1139 678 110 56 ponit.
1216 678 66 56 8.
1249 678 209 56 philosophicorum
1425 678 66 56 et
1458 678 132 56 pluribus
1557 678 99 56 aliis
1622 678 110 56 locis.
1699 678 66 56 Si
1732 678 143 56 quaeratur
1842 678 99 56 autem
1908 678 88 56 quae
1963 678 121 56 partium

1125 726 109 38 huius
1198 726 182 38 disiunctiue
1344 726 85 38 sit
1392 726 146 38 tenenda:
1502 726 73 38 an
1538 726 146 38 scilicet
1648 726 85 38 sit
1696 726 97 38 dare
1757 726 122 38 mimmum
1842 726 73 38 in
1879 726 85 38 quo
1927 726 134 38 potest.
2012 726 49 38 an

1134 774 124 50 maximum
1224 774 67 50 in
1257 774 79 50 quo
1302 774 79 50 non
1347 774 124 50 potest:
1437 774 124 50 videtur
1527 774 101 50 mihi:
1595 774 90 50 quod
1651 774 124 50 secunda
1741 774 79 50 sit
1786 774 112 50 tutior
1864 774 124 50 quamuis
1943 774 90 50 primam

1134 809 114 61 magis
1210 809 126 61 sonent
1299 809 126 61 verba.
1387 809 76 61 P.
1425 809 76 61 vt
1463 809 114 61 patet
1538 809 76 61 ex
1576 809 177 61 allegatis.
1715 809 152 61 intentio
1829 809 114 61 tamen
1905 809 114 61 eius:
1968 809 63 61 ita

1129 849 130 63 saluatur
1227 849 76 63 per
1270 849 76 63 2am
1313 849 98 63 sicut
1378 849 76 63 per
1422 849 119 63 primam:
1508 849 65 63 vt
1541 849 98 63 patet
1606 849 184 63 consideranti.
1758 849 54 63 â‹
1779 849 65 63 4a
1812 849 141 63 conclusio
1920 849 76 63 est
1963 849 87 63 quod
2007 849 54 63 non

1119 892 197 60 cuiuslibet
1274 892 127 60 forme
1358 892 113 60 quae
1429 892 141 60 potest
1527 892 155 60 intendi
1640 892 84 60 et
1682 892 155 60 remitti
1795 892 99 60 est
1851 892 113 60 dare
1907 892 127 60 minimum

1123 942 178 47 seperatum
1261 942 192 47 intensiue.
1412 942 137 47 probo.
1508 942 82 47 et
1549 942 110 47 pono
1617 942 110 47 quod
1686 942 151 47 aliquod
1796 942 151 47 lucidum
1892 942 151 47 illuminet

1132 985 123 45 aerem
1214 985 123 45 summe
1296 985 191 45 dispositum
1446 985 82 45 ad
1487 985 123 45 lumen
1569 985 164 45 secundum
1692 985 232 45 quantamcumque
1869 985 164 45 distantiam

1134 1029 130 47 potest:
1229 1029 83 47 hoc
1276 1029 118 47 posito
1359 1029 118 47 arguo.
1442 1029 95 47 omni
1501 1029 107 47 parte
1572 1029 225 47 proportionabili
1762 1029 107 47 huius
1833 1029 130 47 luminis
1927 1029 95 47 dati
1975 1029 59 47 est

1118 1070 133 57 aliqua
1211 1070 186 57 remissior.
1357 1070 80 57 Et
1397 1070 133 57 loquor
1490 1070 80 57 de
1529 1070 159 57 partibus
1649 1070 159 57 secundum
1768 1070 199 57 extensionem
1914 1070 120 57 subiect

1125 1108 96 64 ergo
1185 1108 84 64 non
1233 1108 84 64 est
1281 1108 96 64 dare
1340 1108 132 64 minimum
1436 1108 108 64 lumen
1508 1108 155 64 intensiue
1627 1108 155 64 speratum.
1747 1108 108 64 patet
1819 1108 191 64 consequentia
1962 1108 72 64 quod

1129 1156 87 45 si
1172 1156 130 45 detur
1259 1156 159 45 minimum
1374 1156 130 45 lumen
1461 1156 87 45 eo
1505 1156 101 45 non
1563 1156 116 45 erit
1635 1156 130 45 aliud
1722 1156 130 45 minus
1809 1156 87 45 in
1852 1156 145 45 aliqua
1939 1156 101 45 parte

1137 1199 112 49 medii:
1215 1199 157 49 antecedens
1338 1199 145 49 probatur:
1450 1199 123 49 quoniam
1540 1199 67 49 in
1573 1199 90 49 casu
1629 1199 101 49 dato:
1696 1199 101 49 nulla
1763 1199 90 49 pars
1819 1199 101 49 medii
1886 1199 78 49 est
1931 1199 78 49 per
1965 1199 78 49 totum

1132 1243 216 51 vniformiter
1304 1243 158 51 lucida:
1419 1243 101 51 sed
1477 1243 115 51 quae
1548 1243 172 51 remotior
1678 1243 101 51 est
1735 1243 129 51 minus
1821 1243 101 51 est
1879 1243 158 51 lucida.
1980 1243 57 51 Et

1124 1284 84 54 qui
1172 1284 84 54 non
1220 1284 84 54 est
1267 1284 95 54 dare
1327 1284 131 54 vltimam
1422 1284 119 54 partem
1506 1284 179 54 simpliciter
1649 1284 95 54 quae
1709 1284 84 54 sit
1757 1284 167 54 illuminata
1888 1284 84 54 non
1936 1284 84 54 est
1971 1284 72 54 dare

1130 1331 130 55 aliquam
1224 1331 130 55 miorime
1319 1331 177 55 illuminatam
1460 1331 82 55 seu
1507 1331 200 55 remississime:
1672 1331 71 55 et
1707 1331 82 55 per
1755 1331 165 55 consequens
1884 1331 153 55 quaelibet
1990 1331 59 55 est

1133 1372 122 47 aliqua
1218 1372 159 47 remissior
1340 1372 98 47 pars
1401 1372 134 47 luminis
1499 1372 98 47 situ
1560 1372 171 47 distincta.
1694 1372 61 47 â‹
1719 1372 98 47 paet
1780 1372 98 47 ergo
1841 1372 98 47 quod
1902 1372 110 47 talis
1963 1372 73 47 for-

1136 1417 79 46 me
1175 1417 92 46 non
1228 1417 92 46 est
1281 1417 132 46 dandum
1373 1417 145 46 aliquod
1479 1417 106 46 tale
1545 1417 132 46 mimmum
1637 1417 185 46 intensiue.
1782 1417 79 46 Et
1822 1417 119 46 eadem
1901 1417 145 46 ratione
1993 1417 53 46 vt

1124 1458 135 45 videtur
1222 1458 122 45 posset
1307 1458 196 45 probabiliter
1467 1458 110 45 dici:
1540 1458 98 45 quod
1601 1458 135 45 nullius
1699 1458 147 45 alterius
1809 1458 208 45 corruptibilis
1969 1458 73 45 for-

1123 1500 84 48 me
1165 1500 225 48 suscipientis
1348 1500 197 48 intensione
1503 1500 84 48 et
1545 1500 211 48 remissionem
1714 1500 155 48 necesse
1826 1500 98 48 sit
1882 1500 112 48 tale
1939 1500 112 48 mimmum

1133 1548 99 50 dare.
1199 1548 55 50 â‹
1221 1548 110 50 Contra
1299 1548 144 50 praedicta
1409 1548 110 50 potest
1486 1548 99 50 argui
1553 1548 66 50 et
1586 1548 110 50 maxime
1663 1548 110 50 contra
1741 1548 177 50 conclusionem
1884 1548 77 50 3am
1928 1548 110 50 contra
1995 1548 66 50 quam

1138 1588 123 48 arguit
1224 1588 123 48 quidam
1310 1588 111 48 doco.
1384 1588 111 48 Primo
1458 1588 98 48 sic.
1519 1588 111 48 sicut
1593 1588 172 48 essentiale
1729 1588 86 48 est
1778 1588 123 48 quanto
1864 1588 111 48 posse
1938 1588 123 48 diuidi
2012 1588 49 48 in

1147 1629 117 54 pates:
1229 1629 82 54 ita
1276 1629 82 54 est
1323 1629 70 54 ei
1358 1629 176 54 essentiale:
1499 1629 94 54 quod
1557 1629 141 54 singulum
1663 1629 105 54 eorum
1733 1629 70 54 in
1768 1629 94 54 quae
1827 1629 129 54 diditur
1920 1629 117 54 possit
1991 1629 70 54 esse

1138 1663 88 58 hoec
1193 1663 132 58 aliquid.
1292 1663 88 58 ergo
1348 1663 99 58 nulli
1414 1663 99 58 eorum
1480 1663 132 58 repugnat
1579 1663 77 58 per
1624 1663 66 58 se
1657 1663 99 58 esse.
1723 1663 121 58 constat
1811 1663 99 58 autem
1877 1663 88 58 quod
1933 1663 99 58 omnis
1988 1663 55 58 for

1131 1716 68 49 ma
1165 1716 147 49 naturalis
1278 1716 79 49 est
1324 1716 125 49 quanta.
1414 1716 57 49 â‹
1437 1716 170 49 Confirmatur
1573 1716 79 49 hec
1619 1716 113 49 ratio.
1698 1716 68 49 et
1732 1716 182 49 consequentia
1879 1716 79 49 tum
1925 1716 91 49 quia
1970 1716 91 49 partes

1138 1760 95 61 sunt
1197 1760 130 61 eiusdem
1292 1760 142 61 rationis
1398 1760 130 61 quantum
1493 1760 71 61 ad
1529 1760 142 61 materiam
1635 1760 71 61 et
1671 1760 71 61 ad
1706 1760 118 61 formam
1789 1760 83 61 cum
1836 1760 106 61 toto.
1907 1760 95 61 ergo
1955 1760 106 61 possunt

1133 1803 103 48 habere
1205 1803 72 48 per
1246 1803 62 48 se
1277 1803 154 48 existentiam
1400 1803 93 48 sicut
1462 1803 62 48 et
1493 1803 93 48 totum
1554 1803 113 48 potest:
1636 1803 72 48 tum
1678 1803 82 48 quia
1729 1803 62 48 si
1760 1803 103 48 essent
1832 1803 72 48 per
1873 1803 62 48 se
1904 1803 103 48 essent
1965 1803 93 48 indidua

1145 1849 81 49 eius
1196 1849 122 49 speciei:
1287 1849 91 49 cuius
1348 1849 91 49 totum
1409 1849 71 49 est
1450 1849 142 49 indinduum:
1561 1849 122 49 absurdum
1653 1849 71 49 aut
1693 1849 122 49 videtur:
1785 1849 81 49 quod
1836 1849 112 49 aliquid
1917 1849 102 49 habeat
1988 1849 61 49 in
2008 1849 41 49 se

1141 1889 116 45 naturam
1226 1889 95 45 illam
1289 1889 84 45 vnde
1342 1889 74 45 sit
1384 1889 147 45 indinduum:
1500 1889 74 45 vel
1542 1889 105 45 possit
1616 1889 84 45 esse
1668 1889 137 45 indinduum
1774 1889 126 45 alicuius
1868 1889 126 45 speciei:
1963 1889 74 45 ita
1995 1889 63 45 quod

1138 1933 98 55 sibi
1199 1933 86 55 non
1248 1933 147 55 repugnet
1358 1933 73 55 ea
1395 1933 122 55 natura
1480 1933 110 55 posse
1554 1933 98 55 esse
1615 1933 159 55 indinduum
1737 1933 122 55 huius:
1823 1933 73 55 et
1859 1933 159 55 simpugnet
1969 1933 86 55 posse

1135 1983 77 54 esse
1184 1983 155 54 simpliciter:
1309 1983 58 54 et
1338 1983 68 54 hoc
1377 1983 97 54 saltem
1445 1983 58 54 de
1474 1983 68 54 ill
1512 1983 77 54 quae
1561 1983 68 54 non
1600 1983 77 54 sunt
1648 1983 135 54 accidenta:
1754 1983 87 54 sicut
1812 1983 77 54 sunt
1861 1983 116 54 subiecte
1938 1983 116 54 homogenee:

1142 2020 78 48 quae
1191 2020 68 48 non
1230 2020 117 48 inherent
1318 2020 176 48 essentialiter:
1465 2020 68 48 tum
1504 2020 78 48 quia
1553 2020 147 48 naturaliter
1670 2020 98 48 partes
1739 2020 78 48 sunt
1788 2020 108 48 priores
1866 2020 88 48 toto:
1925 2020 78 48 ideo
1974 2020 68 48 non
2003 2020 49 48 re-

1146 2065 124 46 pugnat
1232 2065 87 46 eis
1282 2065 223 46 contradictorie
1467 2065 99 46 esse
1529 2065 136 46 priores
1628 2065 148 46 tempore.
1739 2065 62 46 â‹
1764 2065 74 46 2o
1801 2065 235 46 circunscribatur
1987 2065 74 46 omne

1137 2104 157 57 continens
1257 2104 72 57 et
1293 2104 96 57 omne
1354 2104 193 57 corruptiuum.
1510 2104 72 57 et
1546 2104 84 57 sit
1595 2104 96 57 sola
1655 2104 96 57 aqua
1715 2104 72 57 in
1751 2104 157 57 vniuerso:
1871 2104 169 57 quaecumque
1992 2104 48 57 ad

1139 2150 85 47 data
1193 2150 117 47 didatur
1278 2150 96 47 sicut
1342 2150 139 47 possibile
1448 2150 85 47 est:
1502 2150 85 47 quia
1555 2150 75 47 est
1598 2150 117 47 quanta:
1683 2150 75 47 hoc
1725 2150 96 47 facto
1789 2150 85 47 illa
1843 2150 64 47 in
1875 2150 75 47 qua
1917 2150 75 47 fit
1949 2150 96 47 divisio

1146 2197 73 54 non
1187 2197 94 54 erunt
1250 2197 115 54 nihila:
1334 2197 84 54 quia
1386 2197 84 54 haec
1439 2197 73 54 est
1481 2197 105 54 contra
1554 2197 147 54 divisionis
1669 2197 136 54 rationem:
1774 2197 73 54 nec
1816 2197 94 54 erunt
1878 2197 73 54 non
1920 2197 94 54 aqua:
1983 2197 63 54 ex
2004 2197 42 54 so

1139 2236 66 46 la
1172 2236 111 46 ratioe
1250 2236 166 46 divisionis:
1383 2236 89 46 quia
1438 2236 89 46 tunc
1493 2236 89 46 aqua
1549 2236 177 46 componeretur
1693 2236 66 46 ex
1726 2236 78 46 non
1770 2236 111 46 aquis:
1848 2236 78 46 non
1892 2236 133 46 repugnat
1980 2236 78 46 etiam

1134 2278 105 51 forme
1205 2278 94 51 aqua
1263 2278 94 51 illa
1322 2278 141 51 peruitas
1427 2278 94 51 quae
1486 2278 82 51 iam
1533 2278 82 51 est
1579 2278 70 51 in
1615 2278 105 51 actu:
1685 2278 94 51 quia
1743 2278 82 51 ita
1790 2278 105 51 parua
1861 2278 152 51 praefuit:
1966 2278 82 51 licet

1138 2323 72 50 in
1174 2323 108 50 toto:
1246 2323 84 50 nec
1294 2323 84 50 per
1342 2323 108 50 ipsam
1413 2323 168 50 divisionem
1545 2323 180 50 corrumpetur
1689 2323 108 50 aqua:
1761 2323 96 50 quia
1821 2323 216 50 circunscriptum
1988 2323 60 50 est

1143 2370 91 44 omne
1199 2370 181 44 corruptiuum:
1346 2370 79 44 non
1392 2370 91 44 ergo
1448 2370 124 44 videtur
1539 2370 113 44 aliqua
1618 2370 102 44 ratio
1686 2370 158 44 intrinseca
1810 2370 102 44 quare
1878 2370 102 44 forme
1935 2370 113 44 naturali

1145 2411 133 55 repugnet
1245 2411 89 55 quin
1300 2411 111 55 semper
1378 2411 144 55 quocumque
1489 2411 78 55 per
1533 2411 67 55 se
1567 2411 144 55 existente
1678 2411 111 55 posset
1755 2411 122 55 aliquod
1844 2411 100 55 minus
1911 2411 89 55 esse
1966 2411 78 55 per
2000 2411 44 55 so

1140 2454 154 46 existens:
1258 2454 106 46 licet
1329 2454 106 46 forte
1400 2454 166 46 extrinseca
1530 2454 166 46 impeditiua
1661 2454 106 46 talis
1732 2454 83 46 per
1779 2454 71 46 se
1814 2454 166 46 existentie
1933 2454 106 46 assigne

1139 2495 92 47 tur
1191 2495 210 47 contrarietas
1362 2495 223 47 corrumpentis.
1545 2495 66 47 â‹
1571 2495 79 47 3o
1611 2495 79 47 si
1650 2495 118 47 esset
1729 2495 105 47 dare
1794 2495 105 47 tale
1860 2495 118 47 mimum
1938 2495 79 47 de
1964 2495 66 47 for

1138 2538 144 48 sequitur
1246 2538 96 48 quod
1306 2538 84 48 est
1354 2538 96 48 dare
1413 2538 120 48 primam
1497 2538 120 48 partem
1581 2538 108 48 motus
1653 2538 72 48 ad
1689 2538 120 48 formam
1773 2538 84 48 seu
1820 2538 120 48 mimmam
1904 2538 120 48 partem
1976 2538 60 48 for

1143 2585 72 50 quae
1188 2585 90 50 potest
1251 2585 90 50 induci
1313 2585 63 50 per
1349 2585 90 50 motum:
1412 2585 143 50 consequentia
1528 2585 90 50 patet:
1591 2585 72 50 quia
1636 2585 90 50 semper
1699 2585 81 50 prior
1752 2585 72 50 pars
1797 2585 81 50 motus
1851 2585 63 50 est
1887 2585 63 50 non
1923 2585 81 50 solum
1967 2585 72 50 natura

1144 2629 79 49 set
1189 2629 102 49 etiam
1257 2629 158 49 duratione:
1381 2629 136 49 antequam
1483 2629 79 49 sit
1528 2629 124 49 aliquid
1619 2629 158 49 sequentis.
1743 2629 79 49 Sed
1789 2629 158 49 consequens
1913 2629 113 49 probat
1981 2629 68 49 iste

1134 2671 86 52 doc.
1188 2671 108 52 infra.
1264 2671 65 52 in
1296 2671 97 52 eadem
1361 2671 151 52 quaestione
1480 2671 86 52 esse
1534 2671 119 52 falsum:
1621 2671 86 52 quia
1675 2671 65 52 si
1707 2671 119 52 ponatur
1793 2671 97 52 talis
1858 2671 97 52 prima
1923 2671 97 52 pars:
1977 2671 65 52 illa

1132 2713 88 61 erit
1187 2713 88 61 fcam
1243 2713 66 61 in
1276 2713 144 61 instanti:
1386 2713 66 61 et
1420 2713 77 61 cum
1464 2713 100 61 agens
1530 2713 133 61 praesens
1630 2713 133 61 existens
1729 2713 111 61 possit
1807 2713 111 61 iterum
1884 2713 122 61 causare
1962 2713 77 61 aliam

1134 2759 113 51 partem
1213 2759 102 51 forme
1281 2759 124 51 equalem
1371 2759 91 51 ipsi
1428 2759 113 51 prime:
1507 2759 79 51 aut
1552 2759 102 51 illam
1620 2759 136 51 causabit
1722 2759 102 51 simul
1790 2759 68 51 in
1824 2759 102 51 eodem
1892 2759 136 51 instanti
1982 2759 57 51 cum

1129 2804 105 58 prima:
1202 2804 63 58 et
1233 2804 94 58 eadem
1296 2804 115 58 ratione
1379 2804 73 58 3am
1421 2804 105 58 partem
1494 2804 73 58 est
1536 2804 125 58 causabit
1630 2804 63 58 in
1662 2804 125 58 instanti
1756 2804 105 58 eodem:
1829 2804 63 58 et
1860 2804 73 58 sic
1902 2804 63 58 de
1923 2804 115 58 qualibet:

1138 2843 63 55 et
1169 2843 73 55 per
1211 2843 146 55 consequens
1325 2843 94 55 totam
1388 2843 104 55 formam
1461 2843 125 55 causabit
1555 2843 63 55 in
1586 2843 136 55 instanti:
1691 2843 83 55 quod
1743 2843 73 55 est
1785 2843 115 55 falsum:
1868 2843 73 55 aut
1910 2843 94 55 illam
1962 2843 73 55 scdam

1131 2888 105 57 partem
1205 2888 126 57 causabit
1300 2888 63 57 in
1332 2888 84 57 alio
1384 2888 137 57 instanti:
1490 2888 63 57 et
1521 2888 74 57 sic
1563 2888 137 57 quamlibet
1669 2888 95 57 aliam
1732 2888 63 57 in
1764 2888 84 57 alio
1816 2888 126 57 instanti
1911 2888 53 57 a
1932 2888 116 57 priore:
2006 2888 42 57 et

1127 2941 93 48 tunc
1186 2941 82 48 vel
1232 2941 93 48 iste
1291 2941 117 48 partes
1372 2941 105 48 erunt
1442 2941 128 48 causate
1536 2941 93 48 sine
1594 2941 117 48 quiete
1675 2941 117 48 media:
1757 2941 70 48 et
1792 2941 82 48 per
1839 2941 163 48 consequens
1955 2941 82 48 totus

1133 2976 119 53 motus
1212 2976 106 53 erit
1279 2976 186 53 compositus
1424 2976 159 53 praecise
1544 2976 80 53 ex
1584 2976 212 53 mutationibus
1756 2976 93 53 vel
1809 2976 146 53 mutatis
1915 2976 119 53 esse:
1981 2976 80 53 quod

1139 3017 83 63 est
1186 3017 130 63 falsum.
1281 3017 71 63 vt
1316 3017 106 63 patet
1387 3017 83 63 ex.
1435 3017 71 63 6.
1470 3017 95 63 phy.
1529 3017 83 63 vel
1576 3017 106 63 inter
1647 3017 177 63 causationem
1789 3017 106 63 vnius
1860 3017 118 63 partio
1943 3017 71 63 et
1966 3017 95 63 causa-

1130 3062 118 72 tionem
1213 3062 141 72 alterius
1319 3062 94 72 erit
1378 3062 106 72 quies
1448 3062 118 72 medio.
1531 3062 71 72 Et
1566 3062 82 72 hoc
1613 3062 106 72 etiam
1684 3062 82 72 est
1731 3062 200 72 inconueniens:
1896 3062 141 72 tumnsqum
1990 3062 71 72 tunc
