2456 3546
381 258 137 74 habenti
480 258 87 74 est
530 258 225 74 communiunctum:
717 258 112 74 sicut
792 258 75 74 in
830 258 150 74 sequenti
942 258 187 74 responsione
1092 258 112 74 magis
1154 258 125 74 patebit.

410 325 68 56 â‹
438 325 82 56 Ad
479 325 82 56 5m
520 325 164 56 dicendum
643 325 109 56 quod
711 325 137 56 corpus
807 325 82 56 in
848 325 96 56 quo
903 325 123 56 debet
985 325 123 56 forma
1067 325 137 56 aliqua
1149 325 137 56 introdu-

390 363 66 56 ci
423 363 110 56 potest
500 363 166 56 tripliciter
633 363 66 56 se
666 363 110 56 habere
743 363 121 56 quantum
831 363 66 56 ad
865 363 155 56 propositum
986 363 132 56 spectat.
1085 363 77 56 Nam
1130 363 143 56 aliquando
1229 363 44 56 il

390 410 77 49 lud
434 410 121 49 corpus:
522 410 77 49 nec
567 410 132 49 secundum
666 410 110 49 totum:
743 410 77 49 nec
787 410 132 49 secundum
887 410 121 49 aliquam
975 410 110 49 partem
1052 410 88 49 eius
1107 410 77 49 est
1141 410 132 49 informatum

386 446 111 63 forma
460 446 99 63 tali
521 446 148 63 secundum
632 446 148 63 speciem:
743 446 111 63 neque
817 446 173 63 coniunctum
953 446 123 63 alicui
1039 446 111 63 forma
1113 446 99 63 tali
1163 446 123 63 informa-

382 500 85 51 to.
431 500 110 51 sicut
504 500 110 51 verbi
577 500 122 51 gratia
663 500 85 51 cum
711 500 110 51 forma
785 500 110 51 ignis
858 500 195 51 introducitur
1017 500 73 51 in
1053 500 147 51 stipulam
1163 500 85 51 vel
1200 500 73 51 stup

372 536 95 63 pam
427 536 95 63 per
481 536 136 63 radium
576 536 163 63 solarem:
698 536 95 63 vel
752 536 95 63 cum
806 536 149 63 aliquod
915 536 136 63 corpus
1010 536 95 63 non
1064 536 108 63 actu
1132 536 122 63 album
1200 536 81 63 pro-

374 579 133 54 iectum
467 579 80 54 in
507 579 120 54 ignem
586 579 93 54 fit
639 579 133 54 album.
732 579 173 54 aliquando
865 579 120 54 autem
945 579 133 54 corpus
1038 579 80 54 in
1078 579 93 54 quo
1118 579 159 54 introducen

378 623 65 57 da
411 623 76 57 est
454 623 98 57 forma
520 623 76 57 est
564 623 87 57 tale
618 623 131 57 secundum
716 623 109 57 partem
793 623 65 57 et
826 623 76 57 non
869 623 131 57 secundum
967 623 109 57 totum:
1044 623 98 57 sicut
1109 623 76 57 cum
1153 623 65 57 in
1175 623 98 57 alioquo

369 672 130 56 parte
455 672 159 56 materie
571 672 101 56 que
629 672 116 56 fuit
702 672 101 56 sub
760 672 130 56 forma
846 672 145 56 stuppe
948 672 101 56 iam
1006 672 203 56 introducta
1165 672 101 56 est
1209 672 72 56 for

381 712 71 54 ma
417 712 119 54 ignis:
500 712 154 54 aliquando
618 712 95 54 vero
678 712 95 54 tale
737 712 119 54 corpus
820 712 83 54 nec
867 712 83 54 est
915 712 95 54 tale
974 712 142 54 secundum
1081 712 107 54 totum
1152 712 83 54 nec
1187 712 107 54 secundu

377 755 134 60 partem:
475 755 86 60 est
523 755 110 60 tamen
597 755 159 60 coniuctum
719 755 122 60 alicui
804 755 110 60 tali.
878 755 110 60 verbi
951 755 122 60 gratia
1037 755 86 60 cum
1085 755 122 60 lignum
1159 755 122 60 proiectu

371 799 89 55 est
422 799 76 55 in
460 799 127 55 ignem.
549 799 76 55 In
587 799 114 55 primo
663 799 101 55 casu
726 799 101 55 dico
790 799 101 55 quod
853 799 165 55 subiectum
980 799 89 55 non
1030 799 114 55 totum
1107 799 139 55 mouetur
1195 799 89 55 parti

383 847 125 51 biliter:
476 847 73 51 sed
518 847 125 51 secundum
611 847 114 51 aliquam
694 847 104 51 partem
767 847 94 51 totum
830 847 94 51 simul
892 847 62 51 et
923 847 94 51 primo
986 847 177 51 transmutatur:
1131 847 125 51 secundum
1214 847 73 51 alias

370 892 112 48 vero
440 892 140 48 partes
538 892 140 48 potest
635 892 140 48 moueri
733 892 140 48 postea
831 892 210 48 successiue.
999 892 84 48 In
1041 892 154 48 secundo
1152 892 112 48 casu
1208 892 84 48 dico

374 935 84 55 quod
427 935 137 55 possibile
532 935 74 55 est
574 935 137 55 subiectum
679 935 158 55 transmutari
805 935 168 55 partibiliter
942 935 63 55 et
974 935 137 55 continue:
1079 935 63 55 et
1110 935 84 55 tunc
1163 935 74 55 non
1205 935 74 55 est
1236 935 53 55 in-

378 965 121 66 conue
458 965 121 66 niens
539 965 108 66 quod
607 965 121 66 minor
688 965 108 66 pars
755 965 108 66 quam
823 965 135 66 minima
917 965 121 66 forme
998 965 229 66 introducatur:
1174 965 121 66 quoniam

372 1022 80 49 non
417 1022 91 49 ipsa
474 1022 137 49 seorsum:
577 1022 80 49 sed
623 1022 137 49 coiuncta
725 1022 114 49 priori
805 1022 68 49 et
839 1022 194 49 praeexistenti
999 1022 103 49 habet
1067 1022 103 49 esse.
1136 1022 68 49 In
1170 1022 68 49 3o
1204 1022 80 49 aut
1238 1022 46 49 ca

384 1055 66 61 su
417 1055 120 61 propter
504 1055 109 61 eandem
581 1055 131 61 rationem
679 1055 88 61 dici
734 1055 109 61 potest
811 1055 88 61 quod
865 1055 142 61 aliquando
975 1055 98 61 totum
1040 1055 142 61 subiectum
1139 1055 153 61 transmutetur

380 1103 190 61 partibiliter
534 1103 95 61 etia
594 1103 154 61 continue:
712 1103 83 61 ita
760 1103 95 61 quod
819 1103 83 61 non
866 1103 83 61 sit
914 1103 95 61 dare
973 1103 119 61 primam
1056 1103 119 61 partem
1139 1103 107 61 forme
1198 1103 95 61 intro-

374 1150 127 52 ducte.
463 1150 89 52 Nam
514 1150 102 52 tunc
578 1150 102 52 pars
641 1150 76 52 de
680 1150 102 52 nouo
743 1150 153 52 generata
858 1150 140 52 eiusdem
959 1150 89 52 est
1010 1150 140 52 naturae
1112 1150 89 52 cum
1150 1150 140 52 generante

373 1187 78 54 et
412 1187 104 54 sibi
477 1187 170 54 continua:
608 1187 78 54 et
647 1187 91 54 cum
699 1187 78 54 eo
739 1187 196 54 constituens
895 1187 144 54 aliquod
1000 1187 118 54 totum
1078 1187 104 54 vnum
1143 1187 144 54 numero:
1235 1187 52 54 et

383 1233 85 61 per
431 1233 170 61 consequens
565 1233 85 61 non
613 1233 133 61 seorsum
710 1233 97 61 actu
770 1233 145 61 seperata
879 1233 157 61 existens.
1000 1233 61 61 â‹
1025 1233 109 61 Istud
1097 1233 109 61 patet
1170 1233 73 61 in
1194 1233 97 61 simili

379 1271 159 59 quantum
494 1271 87 59 ad
538 1271 101 59 hoc
595 1271 87 59 in
639 1271 202 59 nutritione
798 1271 87 59 et
841 1271 173 59 augmento
971 1271 217 59 animatorum.
1144 1271 101 59 Nam
1188 1271 101 59 humid

385 1320 100 51 tas
442 1320 158 51 cibalis
557 1320 144 51 diuisa
657 1320 86 51 et
700 1320 129 51 missa
787 1320 86 51 ad
830 1320 172 51 singulas
959 1320 144 51 partes
1059 1320 158 51 minimas
1160 1320 129 51 secutum

395 1362 130 60 formam
486 1362 130 60 aliti:
576 1362 143 60 minoris
680 1362 91 60 est
732 1362 194 60 quantitatis
887 1362 104 60 quam
952 1362 130 60 partes
1043 1362 104 60 ille
1108 1362 130 60 minime
1185 1362 104 60 quibus

384 1411 186 54 coniuncta
527 1411 100 54 est
584 1411 114 54 siue
655 1411 114 54 sint
727 1411 143 54 partes
827 1411 143 54 minime
927 1411 143 54 carnis
1027 1411 114 54 siue
1098 1411 186 54 sanguinis
1227 1411 71 54 aut

387 1453 137 46 aliorum
486 1453 162 46 alicuius.
611 1453 150 46 alioquin
724 1453 75 46 si
761 1453 112 46 esset
836 1453 150 46 qualibet
948 1453 100 46 pars
1011 1453 175 46 huiditatis
1148 1453 137 46 cibalis
1236 1453 62 46 sic

379 1498 114 53 misse
455 1498 139 53 equalis
556 1498 190 53 quantitatis
708 1498 89 53 cum
759 1498 114 53 parte
835 1498 114 53 aliti
911 1498 89 53 cui
961 1498 152 53 iungitur
1075 1498 127 53 quando
1164 1498 101 53 illa
1214 1498 89 53 esset

382 1537 158 55 conuersa
500 1537 132 55 alitum
593 1537 119 55 esset
672 1537 132 55 auctum
764 1537 79 55 in
803 1537 119 55 duplo
883 1537 105 55 siue
948 1537 119 55 maius
1027 1537 119 55 esset
1107 1537 79 55 in
1146 1537 132 55 duplo:
1225 1537 66 55 qua

380 1588 98 43 ante
441 1588 208 43 conuersionem.
612 1588 98 43 quod
674 1588 73 43 ad
710 1588 122 43 sensum
796 1588 110 43 patet
869 1588 135 43 falsum:
967 1588 73 43 et
1004 1588 110 43 tamen
1078 1588 86 43 non
1127 1588 147 43 obstante
1225 1588 73 43 quod

379 1620 90 54 sit
430 1620 141 54 minoris
533 1620 192 54 quantitatis
687 1620 77 54 ea
725 1620 128 54 minima
815 1620 90 54 cui
866 1620 205 54 coniungitur.
1033 1620 115 54 verbi
1110 1620 141 54 gratia.
1199 1620 90 54 mini-

379 1673 85 46 ma
421 1673 127 46 parte
506 1673 155 46 carnis:
619 1673 169 46 suscipit
745 1673 127 46 tamen
830 1673 85 46 in
872 1673 85 46 se
914 1673 155 46 materia
1027 1673 113 46 illa
1098 1673 141 46 formam
1182 1673 113 46 carnis

378 1715 103 47 qua
437 1715 88 47 si
481 1715 161 47 seorsum
598 1715 103 47 per
657 1715 88 47 se
701 1715 190 47 existeret
847 1715 103 47 non
906 1715 146 47 posset
1008 1715 132 47 forma
1096 1715 146 47 carnis
1198 1715 103 47 per
1242 1715 59 47 se

389 1750 183 58 introduci:
533 1750 79 58 et
572 1750 92 58 ita
625 1750 131 58 potest
716 1750 183 58 contingere
861 1750 79 58 in
900 1750 157 58 partibus
1018 1750 170 58 pluribus.
1149 1750 66 58 â‹
1175 1750 79 58 Ad
1201 1750 92 58 d6ium

389 1805 106 45 dico
455 1805 106 45 quod
521 1805 79 45 in
561 1805 106 45 casu
627 1805 106 45 illo
693 1805 132 45 sortes
785 1805 106 45 erit
851 1805 132 45 albior
944 1805 79 45 in
983 1805 79 45 a.
1023 1805 106 45 quam
1089 1805 119 45 Plato
1168 1805 106 45 erit
1221 1805 66 45 alb

402 1842 85 50 per
450 1842 109 50 nihil
523 1842 109 50 tamen
596 1842 158 50 albedinis
718 1842 146 50 praecise
827 1842 97 50 erit
888 1842 122 50 albior
973 1842 73 50 in
1009 1842 73 50 a.
1046 1842 97 50 quam
1107 1842 109 50 plato
1180 1842 97 50 erit
1228 1842 61 50 ali

389 1882 115 51 bus:
460 1882 100 51 nec
518 1882 100 51 per
575 1882 158 51 aliquem
690 1882 172 51 excessum
819 1882 187 51 albedinis
963 1882 230 51 determinatum
1135 1882 158 51 diuisibi-

389 1924 84 53 lem
437 1924 84 53 vel
485 1924 204 53 indiuisibilem
653 1924 96 53 erit
713 1924 120 53 albior
797 1924 96 53 quam
856 1924 108 53 plato
928 1924 96 53 erit
988 1924 120 53 albus:
1072 1924 72 53 et
1108 1924 108 53 causa
1180 1924 96 53 est:
1228 1924 72 53 quia

385 1966 112 58 non
449 1966 128 58 erit
529 1966 176 58 aliquis
658 1966 176 58 maximus
786 1966 160 58 gradus
898 1966 208 58 albedinis
1058 1966 112 58 vel
1123 1966 160 58 maxima
1219 1966 80 58 la-

377 2016 145 54 titudo
479 2016 102 54 seu
537 2016 145 54 maxima
639 2016 145 54 albedo
740 2016 102 54 per
798 2016 116 54 quam
871 2016 131 54 plato
958 2016 116 54 erit
1031 2016 145 54 albus:
1132 2016 87 54 et
1176 2016 116 54 quia
1234 2016 58 54 in

385 2059 124 53 nullo
468 2059 165 53 instanti
591 2059 124 53 plato
674 2059 110 53 erit
742 2059 137 53 tantum
839 2059 124 53 albus
921 2059 110 53 quin
990 2059 110 53 post
1058 2059 124 53 illud
1141 2059 110 53 erit
1196 2059 96 53 albi-

390 2098 87 57 or:
439 2098 100 57 quia
502 2098 150 57 secundum
614 2098 112 57 casum
689 2098 125 57 nullum
776 2098 137 57 vltimum
876 2098 137 57 instans
975 2098 100 57 erit
1038 2098 75 57 in
1075 2098 87 57 quo
1125 2098 100 57 erit
1187 2098 125 57 albus:

376 2143 93 60 per
429 2143 185 60 consequens
574 2143 79 60 in
614 2143 119 60 nullo
693 2143 159 60 instanti
812 2143 106 60 erit
878 2143 132 60 maxima
971 2143 132 60 albedo
1063 2143 159 60 platonis
1182 2143 93 60 vel
1222 2143 66 60 sum

378 2195 82 47 ma
419 2195 82 47 vt
460 2195 191 47 dicebatur.
610 2195 150 47 Iccirco
719 2195 95 47 cum
773 2195 191 47 comperatur
923 2195 136 47 albedo
1019 2195 136 47 sortes
1114 2195 109 47 quam
1168 2195 123 47 habebit

380 2229 175 55 instanti
511 2229 87 55 a.
555 2229 87 55 ad
599 2229 189 55 albedinem
744 2229 189 55 platonis:
890 2229 145 55 nullus
991 2229 102 55 est
1050 2229 233 55 determinatus
1224 2229 73 55 ex-

385 2277 136 50 cessus
480 2277 95 50 quo
535 2277 122 50 illum
616 2277 149 50 excedat
725 2277 176 50 praecise.
861 2277 81 50 Si
901 2277 95 50 aut
956 2277 217 50 comperaretur
1132 2277 136 50 albedo
1214 2277 81 50 quam

394 2320 137 51 sortes
490 2320 150 51 habebit
599 2320 82 51 in
641 2320 82 51 a.
682 2320 82 51 ad
723 2320 178 51 albedinem
859 2320 96 51 vel
914 2320 137 51 partem
1010 2320 150 51 aliquam
1106 2320 191 51 determinatam

389 2361 185 55 albedinis
531 2361 114 55 quam
602 2361 156 55 habebit
716 2361 128 55 plato
801 2361 85 55 in
843 2361 142 55 aliquo
943 2361 170 55 instanti
1071 2361 213 55 demonstrato
1227 2361 71 55 hoc

392 2405 85 55 vel
441 2405 97 55 illo
501 2405 207 55 singulariter:
672 2405 97 55 quod
733 2405 85 55 sit
782 2405 73 55 b.
818 2405 85 55 vel
867 2405 122 55 dicens
952 2405 97 55 tunc
1013 2405 134 55 aliquis
1110 2405 122 55 vtique
1183 2405 110 55 daretur

385 2452 249 50 determinatus
587 2452 186 50 excessus
727 2452 202 50 albedinis
883 2452 155 50 sortis
991 2452 93 50 ad
1038 2452 202 50 albedinem
1178 2452 124 50 plato-

387 2496 110 54 nis:
456 2496 82 54 et
497 2496 110 54 ille
566 2496 165 54 excessus
689 2496 124 54 esset
772 2496 137 54 aliqua
868 2496 165 54 latitudo
991 2496 206 54 diuisibilis
1142 2496 151 54 albedinis

396 2544 80 46 que
441 2544 184 46 acquireretur
591 2544 69 46 in
625 2544 126 46 tempore
717 2544 92 46 ante
775 2544 69 46 a.
809 2544 69 46 et
844 2544 69 46 in
878 2544 138 46 instanti
982 2544 69 46 a.
1016 2544 92 46 erit
1074 2544 138 46 complete
1166 2544 126 46 acquisita

394 2586 69 50 â‹
422 2586 82 50 Et
463 2586 82 50 si
504 2586 151 50 dicatur
614 2586 137 50 sortes
710 2586 110 50 erit
778 2586 137 50 albior
874 2586 82 50 in
915 2586 82 50 a.
956 2586 110 50 quam
1025 2586 123 50 plato
1107 2586 110 50 erit
1176 2586 123 50 albus
1244 2586 55 50 vt

384 2621 170 57 conceditur.
520 2621 91 57 ergo
577 2621 114 57 sortes
656 2621 91 57 erit
713 2621 80 57 per
759 2621 125 57 aliquod
850 2621 148 57 albedinis
963 2621 114 57 albior
1043 2621 68 57 in
1077 2621 68 57 a.
1111 2621 91 57 quam
1168 2621 102 57 plato
1224 2621 80 57 erit.

396 2668 114 52 albus:
475 2668 68 52 et
509 2668 114 52 vltra.
589 2668 91 52 ergo
646 2668 80 52 per
691 2668 125 52 aliquid
782 2668 114 52 sortes
862 2668 91 52 erit
919 2668 114 52 albior
998 2668 68 52 in
1032 2668 68 52 a.
1067 2668 91 52 quam
1123 2668 102 52 plato
1192 2668 91 52 erit
1237 2668 57 52 ali

394 2712 87 53 bus.
448 2712 108 53 Aliqui
524 2712 130 53 concedut
621 2712 108 53 primam
697 2712 173 53 consequentia
838 2712 65 53 et
870 2712 108 53 negant
946 2712 141 53 secundam.
1054 2712 65 53 Et
1086 2712 97 53 ratio
1151 2712 97 53 quare
1205 2712 87 53 secund

388 2751 170 59 consequentia
526 2751 74 59 non
569 2751 96 59 valet
633 2751 85 59 est:
686 2751 85 59 quia
739 2751 74 59 ly.
781 2751 127 59 aliquid.
877 2751 64 59 in
909 2751 159 59 antecedente
1036 2751 127 59 supponit
1132 2751 117 59 confuse
1206 2751 85 59 tantum

383 2797 68 54 in
417 2797 171 54 consequente
553 2797 91 54 vero
610 2797 182 54 determinate.
758 2797 57 54 â‹
781 2797 114 54 Posset
861 2797 102 54 tamen
929 2797 205 54 rationabiliter
1100 2797 125 54 concedi
1179 2797 114 54 secundum

384 2835 86 60 vnum
438 2835 162 60 intellictum
568 2835 86 60 quod
622 2835 76 60 per
665 2835 119 60 aliquid
751 2835 86 60 erit
805 2835 108 60 sortes
881 2835 108 60 albior
956 2835 65 60 in
989 2835 65 60 a.
1021 2835 86 60 quam
1075 2835 140 60 platonies
1183 2835 86 60 erit
1226 2835 76 60 albus

396 2886 99 52 quia
457 2886 86 52 per
507 2886 111 52 totam
581 2886 160 52 albedinem
704 2886 222 52 cathegoremahie
889 2886 99 52 quam
951 2886 136 52 habebit
1049 2886 74 52 in
1086 2886 74 52 a.
1123 2886 99 52 erit
1173 2886 123 52 albioqua

389 2924 77 55 quam
438 2924 116 55 platonis
525 2924 77 55 erit
573 2924 97 55 albus:
641 2924 68 55 Sed
680 2924 58 55 si
709 2924 68 55 ly.
747 2924 116 55 aliquid.
834 2924 97 55 staret
902 2924 68 55 pro
941 2924 106 55 excessu
1018 2924 97 55 tantum
1086 2924 77 55 quam
1134 2924 116 55 scilicet
1212 2924 87 55 praeci-

386 2974 76 49 se
424 2974 126 49 albedo
513 2974 126 49 sortes
601 2974 164 49 diceretur
727 2974 152 49 excedere
841 2974 164 49 albedinem
968 2974 164 49 platonios
1094 2974 101 49 tunc
1157 2974 101 49 illa
1208 2974 88 49 negam

392 3023 63 48 da
424 3023 95 48 esset
487 3023 63 48 et
519 3023 137 48 similiter
624 3023 116 48 secunda
708 3023 179 48 consequentia.
855 3023 53 48 â‹
876 3023 105 48 Nonium
949 3023 95 48 tamen
1012 3023 84 48 quod
1065 3023 63 48 id
1096 3023 84 48 quod
1149 3023 84 48 dixi
1201 3023 63 48 de
1222 3023 74 48 compa

382 3059 154 57 ratione
494 3059 182 57 albedinis
633 3059 140 57 sortes
731 3059 84 57 ad
773 3059 182 57 albedinem
913 3059 168 57 platonis
1039 3059 126 57 verum
1122 3059 98 57 est
1164 3059 140 57 supposi

1322 250 76 72 to
1360 250 101 72 quod
1423 250 76 72 in
1461 250 152 72 instanti
1575 250 76 72 a.
1613 250 126 72 albedo
1701 250 152 72 platonis
1815 250 88 72 non
1865 250 101 72 sit:
1928 250 114 72 sicut
2004 250 88 72 est
2055 250 101 72 ipse
2118 250 114 72 plato
2181 250 63 72 po-

1325 307 104 62 nitur
1395 307 81 62 non
1441 307 104 62 esse.
1510 307 69 62 Si
1545 307 104 62 autem
1614 307 69 62 in
1649 307 139 62 instanti
1753 307 69 62 a.
1788 307 104 62 plato
1857 307 81 62 non
1903 307 116 62 esset:
1984 307 116 62 albedo
2065 307 81 62 aut
2111 307 81 62 qua
2146 307 81 62 acqui

1325 346 141 60 rebatur
1428 346 64 60 a
1454 346 141 60 platone
1557 346 77 60 in
1595 346 141 60 tempore
1698 346 167 60 immediato
1827 346 129 60 esset:
1917 346 103 60 illa
1981 346 116 60 esset
2058 346 141 60 equalis
2148 346 90 60 albe-

1326 387 100 62 dini
1388 387 137 62 sortis.
1488 387 87 62 Sed
1538 387 112 62 tamen
1612 387 112 62 adhuc
1687 387 137 62 concedi
1787 387 112 62 debet
1862 387 100 62 quod
1924 387 125 62 sortes
2012 387 100 62 erit
2074 387 137 62 albior:
2161 387 75 62 quam

1320 449 118 53 plato
1398 449 104 53 erit
1464 449 131 53 albus:
1555 449 91 53 per
1607 449 118 53 nihil
1686 449 118 53 tamen
1764 449 170 53 albedinis
1894 449 144 53 precise
1999 449 104 53 erit
2064 449 144 53 albior:
2156 449 78 53 quod

1327 476 114 68 plato
1403 476 101 68 erit
1466 476 126 68 albus:
1555 476 101 68 quia
1618 476 76 68 in
1656 476 114 68 nullo
1732 476 152 68 instanti
1845 476 114 68 plato
1921 476 101 68 erit
1984 476 126 68 maxime
2073 476 126 68 albus:
2149 476 88 68 sicut

1332 529 124 51 dictum
1419 529 99 51 est.
1481 529 149 51 Exemplum
1593 529 112 51 horum
1667 529 124 51 potest
1754 529 99 51 poni
1816 529 75 51 in
1854 529 99 51 motu
1916 529 137 51 locali:
2015 529 137 51 ponatur
2115 529 99 51 enim
2164 529 75 51 quod

1327 567 133 58 sortes
1420 567 80 58 et
1459 567 119 58 plato
1539 567 106 58 nunc
1605 567 93 58 non
1658 567 186 58 moueantur:
1804 567 93 58 sed
1857 567 172 58 incipiant
1989 567 133 58 moueri
2082 567 66 58 a
2109 567 133 58 puncto
2188 567 53 58 a.

1331 607 146 66 spatii
1433 607 87 66 et
1477 607 117 66 eque
1550 607 189 66 velociter
1696 607 189 66 moueantur
1842 607 87 66 et
1885 607 219 66 regulariter
2060 607 102 66 per
2104 607 131 66 aliquod

1341 649 142 76 epristus
1448 649 107 76 vsque
1519 649 71 76 ad
1555 649 131 76 instans
1650 649 71 76 b.
1685 649 71 76 et
1721 649 71 76 in
1756 649 142 76 instanti
1863 649 71 76 b.
1899 649 178 76 adnihiletur
2041 649 119 76 plato:
2124 649 83 76 non
2160 649 83 76 autem

1329 696 129 62 sortes
1419 696 90 62 hoc
1471 696 129 62 posito
1561 696 116 62 verum
1638 696 90 62 est
1690 696 129 62 dicere
1780 696 103 62 quod
1845 696 129 62 sortes
1935 696 116 62 magis
2012 696 155 62 distabit
2128 696 64 62 a
2141 696 103 62 puncto

1327 747 66 52 a.
1360 747 109 52 spatii
1436 747 66 52 in
1469 747 131 52 instanti
1568 747 66 52 b.
1601 747 88 52 quam
1655 747 131 52 distabit
1754 747 109 52 plato:
1830 747 66 52 et
1863 747 77 52 per
1907 747 153 52 consequens
2027 747 109 52 sortes
2104 747 131 52 distabit
2191 747 55 52 per

1332 792 133 51 maiorem
1429 792 169 51 distantiam
1562 792 85 51 vel
1610 792 109 51 maius
1683 792 145 51 spatium:
1792 792 73 51 et
1828 792 109 51 tamen
1901 792 73 51 si
1937 792 157 51 quaeratur
2058 792 85 51 per
2107 792 97 51 quid
2155 792 97 51 spatii

1343 828 158 59 praecise:
1465 828 134 59 spatium
1562 828 85 59 quo
1611 828 146 59 distabit
1720 828 122 59 sortes
1806 828 73 59 ab
1842 828 73 59 a.
1879 828 73 59 in
1915 828 146 59 instanti
2025 828 73 59 b.
2061 828 97 59 erit
2122 828 110 59 maius
2183 828 73 59 quam

1342 874 142 58 spatium
1445 874 90 58 quo
1497 874 154 58 distabit
1612 874 129 58 plato:
1702 874 103 58 dari
1767 874 90 58 non
1818 874 142 58 potest:
1921 874 103 58 quia
1986 874 90 58 non
2037 874 90 58 per
2089 874 142 58 aliquod
2179 874 64 58 in-

1330 920 199 54 diuisibile.
1489 920 93 54 Nam
1542 920 93 54 per
1595 920 212 54 indiuisibile
1768 920 159 54 praecise
1887 920 106 54 vnum
1954 920 146 54 spatium
2060 920 93 54 non
2113 920 93 54 est
2153 920 93 54 maius

1334 965 111 50 alio:
1407 965 86 50 nec
1457 965 86 50 per
1506 965 123 50 spatiu
1592 965 184 50 diuisibile:
1740 965 98 50 quod
1801 965 123 50 potest
1887 965 123 50 simili
1973 965 98 50 modo
2035 965 148 50 probari:
2145 965 86 50 sic
2182 965 74 50 pro-

1329 1006 129 54 batur
1415 1006 86 54 in
1457 1006 186 54 argumento
1600 1006 114 54 quod
1672 1006 100 54 per
1729 1006 143 54 nullam
1829 1006 215 54 latitudinem
2001 1006 186 54 albedinis
2130 1006 114 54 albedo

1329 1055 145 51 sortes
1430 1055 116 51 quam
1502 1055 159 51 habebit
1618 1055 87 51 in
1661 1055 87 51 a.
1705 1055 159 51 excedet
1821 1055 188 51 albedinem
1965 1055 116 51 quam
2038 1055 159 51 habebit
2139 1055 116 51 platon

1338 1088 87 59 Et
1382 1088 87 59 ro
1426 1088 131 59 huius
1513 1088 117 59 est:
1586 1088 117 59 quia
1659 1088 131 59 nulla
1746 1088 117 59 erit
1819 1088 146 59 maxima
1921 1088 189 59 distantia
2067 1088 117 59 siue
2125 1088 131 59 maximum

1340 1131 152 66 spatium
1451 1131 83 66 in
1492 1131 97 66 quo
1548 1131 125 66 plato
1631 1131 166 66 distabit
1755 1131 69 66 a
1783 1131 138 66 puncto
1880 1131 83 66 a.
1921 1131 69 66 â‹
1949 1131 83 66 Ad
1990 1131 83 66 7m
2032 1131 97 66 cum
2087 1131 152 66 dicitur
2184 1131 83 66 quod

1339 1175 123 60 esset
1421 1175 177 60 possibile
1557 1175 150 60 aliquam
1666 1175 136 60 formam
1762 1175 82 60 in
1803 1175 177 60 infinitum
1939 1175 163 60 remitti.
2061 1175 177 60 Respondeo
2184 1175 68 60 co-

1340 1224 146 60 cedendo
1446 1224 186 60 consequens
1592 1224 93 60 sic
1646 1224 199 60 simpliciter
1805 1224 160 60 sumptum.
1925 1224 93 60 Nam
1978 1224 106 60 deus
2045 1224 133 60 posset
2124 1224 120 60 destrue

1342 1267 83 57 re
1384 1267 194 57 medietatem
1536 1267 208 57 latitudinis
1702 1267 180 57 intensiue
1841 1267 138 57 ipsius
1938 1267 125 57 forme
2021 1267 83 57 in
2062 1267 97 57 vna
2118 1267 111 57 hora
2173 1267 83 57 con-

1341 1306 158 62 tinua:
1452 1306 95 62 et
1499 1306 95 62 in
1546 1306 126 62 alia
1625 1306 126 62 hora
1704 1306 205 62 immediate
1862 1306 189 62 sequente
2004 1306 205 62 destruere
2146 1306 110 62 medie

1341 1356 134 52 tatem
1431 1356 209 52 medietatis
1595 1356 224 52 remanentis:
1774 1356 90 52 et
1819 1356 90 52 in
1864 1356 149 52 tertia
1968 1356 119 52 hora
2043 1356 209 52 medietatem
2192 1356 60 52 re

1335 1401 146 52 sidui:
1438 1401 88 52 et
1481 1401 102 52 sic
1540 1401 146 52 semper
1642 1401 175 52 continue
1773 1401 175 52 tardando
1905 1401 88 52 in
1948 1401 131 52 duplo
2021 1401 234 52 destructionem.

1347 1437 134 63 constat
1444 1437 110 63 autem
1517 1437 98 63 quod
1578 1437 73 63 si
1615 1437 85 63 sic
1664 1437 146 63 faceret:
1773 1437 110 63 sicut
1847 1437 85 63 est
1895 1437 98 63 sibi
1956 1437 158 63 possibile
2078 1437 110 63 talis
2139 1437 122 63 remissio

1337 1489 152 57 prpetua
1448 1489 166 57 duraret:
1572 1489 97 57 nec
1627 1489 138 57 dictum
1724 1489 124 57 Arum.
1807 1489 180 57 acceptari
1945 1489 124 57 debet
2028 1489 138 57 contra
2111 1489 152 57 potentiam

1340 1525 100 56 dei.
1402 1525 75 56 Si
1439 1525 112 56 tamen
1514 1525 199 56 intelligatur
1676 1525 100 56 quod
1738 1525 162 56 possibile
1863 1525 112 56 esset
1938 1525 125 56 formam
2025 1525 137 56 remitti
2125 1525 75 56 in
2150 1525 112 56 infini-

1348 1577 74 48 tum
1391 1577 74 48 per
1433 1577 95 48 agens
1496 1577 137 48 naturale.
1602 1577 84 48 nego
1654 1577 179 48 consequentia.
1802 1577 63 48 Et
1834 1577 74 48 est
1876 1577 95 48 ratio
1939 1577 84 48 quia
1992 1577 63 48 si
2024 1577 95 48 agens
2087 1577 127 48 naturale
2172 1577 84 48 remit-

1346 1624 90 48 tat
1397 1624 141 48 formam:
1500 1624 141 48 aliquam
1602 1624 128 48 partem
1692 1624 128 48 illius
1781 1624 115 48 forme
1858 1624 154 48 remittit
1974 1624 77 48 in
2012 1624 128 48 aliqua
2102 1624 115 48 parte
2166 1624 102 48 tempo-

1346 1658 112 59 ris:
1416 1658 84 59 et
1458 1658 84 59 in
1500 1658 112 59 alia
1570 1658 126 59 parte
1654 1658 168 59 temporis
1780 1658 140 59 equali
1879 1658 182 59 immediate
2019 1658 168 59 sequente
2131 1658 140 59 remittit

1342 1700 156 57 equalem
1455 1700 99 57 vel
1512 1700 156 57 maiorem
1625 1700 141 57 partem
1724 1700 141 57 forme:
1823 1700 99 57 cum
1879 1700 127 57 magis
1964 1700 99 57 vel
2021 1700 141 57 saltem
2120 1700 113 57 eque
2176 1700 85 57 pos-

1347 1747 87 61 sit
1396 1747 112 61 super
1471 1747 124 61 passum
1557 1747 74 61 et
1595 1747 124 61 formam
1681 1747 112 61 illam
1756 1747 74 61 in
1793 1747 136 61 secunda
1892 1747 112 61 parte
1966 1747 149 61 temporis
2078 1747 99 61 quam
2140 1747 74 61 in
2165 1747 99 61 prima:

1346 1791 80 52 et
1386 1791 94 52 cum
1439 1791 80 52 in
1479 1791 120 52 forma
1560 1791 94 52 non
1613 1791 107 52 sint
1680 1791 161 52 infinite
1801 1791 134 52 partes
1895 1791 147 52 equales
2002 1791 120 52 talis
2082 1791 161 52 remissio
2189 1791 67 52 non

1349 1830 109 55 durat
1422 1830 146 55 prpetuo:
1531 1830 85 55 nec
1579 1830 146 55 probatio
1689 1830 194 55 consequentie
1846 1830 121 55 valet.
1931 1830 133 55 Concedo
2028 1830 97 55 enim
2089 1830 97 55 quod
2150 1830 73 55 si
2174 1830 97 55 remis-

1354 1877 98 56 sio
1410 1877 126 56 forme
1494 1877 126 56 duret
1578 1877 168 56 quousque
1704 1877 126 56 forma
1788 1877 182 56 totaliter
1928 1877 210 56 corrumpatur
2096 1877 154 56 numquam
2194 1877 70 56 de-

1338 1919 159 63 uenitur
1453 1919 87 63 ad
1497 1919 246 63 remississimam
1699 1919 130 63 neque
1786 1919 87 63 ad
1830 1919 261 63 indiuisibilem:
2047 1919 116 63 quin
2119 1919 116 63 immo
2177 1919 87 63 post

1345 1961 170 56 quamlibet
1476 1961 157 56 remissam
1594 1961 92 56 est
1646 1961 183 56 remissior:
1790 1961 79 56 et
1829 1961 105 56 post
1895 1961 170 56 quodlibet
2025 1961 144 56 instans
2130 1961 79 56 in
2169 1961 92 56 quo
2209 1961 65 56 est

1344 2005 131 57 forma
1432 2005 160 57 remissa
1548 2005 131 57 adhuc
1635 2005 102 57 est
1694 2005 204 57 remissior:
1854 2005 102 57 nec
1912 2005 102 57 est
1970 2005 116 57 dare
2043 2005 160 57 instans
2159 2005 87 57 in
2188 2005 73 57 quo

1341 2052 100 52 sit
1398 2052 243 52 remississima.
1598 2052 100 52 Sed
1655 2052 86 52 ex
1698 2052 100 52 hoc
1755 2052 100 52 non
1813 2052 172 52 sequitur
1941 2052 114 52 quod
2013 2052 172 52 remissio
2141 2052 129 52 duret
2213 2052 57 52 in

1347 2097 145 52 infinitum
1459 2097 67 52 id
1492 2097 78 52 est
1537 2097 179 52 eternaliter:
1682 2097 78 52 sed
1727 2097 101 52 satis
1794 2097 89 52 cito
1850 2097 134 52 finietur
1951 2097 134 52 scilicet
2051 2097 67 52 in
2085 2097 134 52 instanti
2186 2097 67 52 in
2208 2097 56 52 quo

1346 2148 139 47 primo
1438 2148 139 47 nihil
1531 2148 139 47 forme
1623 2148 139 47 erit:
1716 2148 108 47 seu
1777 2148 93 47 in
1824 2148 108 47 quo
1885 2148 139 47 primo
1978 2148 123 47 erit
2055 2148 185 47 quelibet
2178 2148 93 47 pars

1339 2189 143 47 forme
1434 2189 206 47 corrupta.
1593 2189 95 47 Et
1640 2189 111 47 est
1704 2189 158 47 simile
1815 2189 95 47 in
1862 2189 127 47 motu
1941 2189 174 47 locali.
2068 2189 111 47 Nam
2131 2189 143 47 sicut
2211 2189 63 47 in

1338 2226 133 56 forma
1427 2226 104 56 non
1486 2226 104 56 est
1545 2226 163 56 minimum
1664 2226 207 56 intensiue:
1826 2226 104 56 sic
1885 2226 104 56 nec
1945 2226 89 56 in
1989 2226 148 56 spatio
2093 2226 104 56 est
2137 2226 133 56 minimum

1347 2277 199 49 extensiue:
1503 2277 99 49 nec
1560 2277 128 49 tamen
1645 2277 170 49 recessus
1773 2277 170 49 corporis
1901 2277 71 49 a
1929 2277 99 49 suo
1986 2277 114 49 loco
2057 2277 99 49 est
2100 2277 170 49 perpetuus:

1347 2310 149 60 quamuis
1456 2310 81 60 in
1497 2310 122 60 nullo
1578 2310 163 60 instanti
1700 2310 122 60 ipsum
1782 2310 163 60 retineat
1904 2310 149 60 minimam
2012 2310 136 60 partem
2107 2310 109 60 loci
2175 2310 81 60 in
2202 2310 68 60 quo

1352 2364 143 43 erat:
1447 2364 111 43 nec
1511 2364 111 43 est
1574 2364 174 43 aliquod
1701 2364 174 43 instans
1827 2364 174 43 vltimum
1954 2364 95 43 in
2002 2364 111 43 quo
2065 2364 143 43 ipsum
2144 2364 127 43 habeat

1348 2401 157 57 secundum
1465 2401 144 57 aliquod
1570 2401 91 57 sui
1622 2401 144 57 aliquam
1727 2401 131 57 partem
1818 2401 144 57 prioris
1922 2401 118 57 loci:
2001 2401 104 57 quia
2066 2401 118 57 tamen
2144 2401 91 57 est
2184 2401 78 57 ali-

1346 2445 126 57 quod
1425 2445 174 57 instans
1551 2445 158 57 primum
1662 2445 95 57 in
1709 2445 111 57 quo
1773 2445 158 57 nullam
1883 2445 158 57 partem
1994 2445 142 57 habet
2088 2445 142 57 eius:
2167 2445 95 57 ideo

1343 2499 195 47 recessus
1489 2499 97 47 ab
1538 2499 130 47 illo
1619 2499 114 47 non
1684 2499 114 47 est
1748 2499 227 47 perpetuus.
1927 2499 81 47 â‹
1959 2499 97 47 Ad
2008 2499 114 47 8am
2073 2499 195 47 rationem
2203 2499 81 47 di-

1347 2532 90 49 co
1392 2532 150 49 primo.
1497 2532 120 49 quod
1572 2532 135 49 etiam
1663 2532 210 49 suppositis
1828 2532 135 49 illis
1918 2532 150 49 duobus
2023 2532 226 49 fundamentis
2189 2532 75 49 il-

1352 2579 93 49 la
1398 2579 216 49 propositio
1568 2579 185 49 assumpta
1707 2579 108 49 non
1769 2579 108 49 est
1830 2579 139 49 vera:
1923 2579 108 49 cum
1985 2579 124 49 enim
2062 2579 139 49 forma
2139 2579 124 49 aliqua

1347 2623 229 53 partibiliter
1532 2623 86 53 et
1575 2623 171 53 continue
1704 2623 200 53 acquiritur
1861 2623 100 53 non
1918 2623 100 53 est
1975 2623 114 53 dare
2047 2623 143 53 primum
2132 2623 129 53 instans

1342 2662 87 52 in
1385 2662 101 52 quo
1443 2662 159 52 aliquid
1558 2662 116 52 eius
1631 2662 101 52 vel
1689 2662 116 52 ipsa
1761 2662 116 52 est:
1833 2662 101 52 sic
1891 2662 116 52 quod
1963 2662 116 52 ante
2036 2662 130 52 nihil
2122 2662 116 52 eius
2180 2662 87 52 fue-

1345 2710 105 50 rit:
1411 2710 158 50 secundum
1529 2710 105 50 quem
1594 2710 131 50 sensum
1686 2710 144 50 videtur
1791 2710 118 50 ratio
1870 2710 105 50 ista
1936 2710 184 50 procedere.
2080 2710 92 50 Sed
2133 2710 79 50 si
2172 2710 92 50 sit
2211 2710 66 50 mo-

1356 2760 94 45 tus
1409 2760 80 45 ex
1449 2760 121 45 forma
1530 2760 174 45 contraria
1664 2760 80 45 in
1704 2760 134 45 formam
1798 2760 188 45 contrariam
1945 2760 80 45 et
1986 2760 107 45 illa
2053 2760 214 45 partibiliter
2213 2760 54 45 et

1353 2805 139 45 continue
1458 2805 185 45 corrumpatur:
1608 2805 81 45 hoc
1654 2805 81 45 aut
1701 2805 104 45 etiam
1770 2805 185 45 partibiliter
1921 2805 69 45 et
1955 2805 139 45 continue
2060 2805 151 45 generetur
2175 2805 93 45 erit
2222 2805 46 45 da

1351 2846 68 49 re
1385 2846 126 49 vltimum
1476 2846 126 49 instans
1567 2846 126 49 prioris
1659 2846 103 49 forme
1727 2846 80 49 qua
1773 2846 137 49 scilicet
1875 2846 91 49 ipsa
1933 2846 91 49 erit
1990 2846 103 49 tota:
2058 2846 68 49 et
2092 2846 148 49 immediate
2195 2846 57 49 per

1346 2882 78 49 non
1390 2882 89 49 erit
1446 2882 100 49 tota:
1513 2882 67 49 et
1546 2882 100 49 illud
1613 2882 122 49 instans
1702 2882 122 49 vltimum
1791 2882 67 49 in
1825 2882 78 49 qua
1869 2882 167 49 corrumpenda
2003 2882 100 49 forma
2070 2882 78 49 est
2114 2882 100 49 tota:
2181 2882 78 49 est
2214 2882 45 49 vi

1356 2926 85 57 timum
1412 2926 104 57 instans
1488 2926 66 57 non
1526 2926 76 57 esse
1573 2926 94 57 formae
1639 2926 132 57 generande:
1743 2926 57 57 in
1771 2926 66 57 qua
1809 2926 113 57 scilicet
1894 2926 85 57 nihil
1950 2926 76 57 eius
1998 2926 76 57 est:
2045 2926 57 57 et
2073 2926 85 57 prius
2130 2926 76 57 quod
2168 2926 94 57 immediat

1353 2968 114 59 aliquid
1436 2968 83 59 eius
1488 2968 94 59 erit:
1550 2968 62 59 et
1581 2968 73 59 sic
1623 2968 114 59 prioris
1706 2968 94 59 forme
1768 2968 73 59 non
1810 2968 73 59 est
1851 2968 83 59 dare
1903 2968 104 59 primum
1976 2968 114 59 instans
2059 2968 62 59 in
2090 2968 73 59 quo
2132 2968 83 59 ipsa
2184 2968 73 59 non
2215 2968 52 59 est

1358 3012 97 57 tota:
1423 3012 75 57 sic
1466 3012 139 57 sequentis
1573 3012 75 57 non
1616 3012 75 57 est
1659 3012 86 57 dare
1712 3012 107 57 primum
1787 3012 64 57 in
1820 3012 75 57 qua
1862 3012 75 57 est
1905 3012 118 57 aliquid
1991 3012 97 57 eius.
2055 3012 64 57 Et
2088 3012 86 57 tunc
2141 3012 64 57 ad
2163 3012 107 57 rationem

1345 3059 104 66 factam
1418 3059 63 66 ad
1449 3059 136 66 probandum
1553 3059 94 66 illam
1616 3059 188 66 propositionem.
1772 3059 125 66 Dicendum
1866 3059 83 66 quod
1918 3059 115 66 tempora
2001 3059 115 66 istarum
2085 3059 125 66 formarum
2168 3059 94 66 possunt
