2467 3531
172 254 130 65 positio
266 254 94 65 illa
325 254 130 65 ratione
420 254 118 65 partis
502 254 94 65 eius
561 254 106 65 simul
632 254 71 65 et
667 254 224 65 indiuisibiliter
855 254 165 65 acquisite:
985 254 82 65 sed
1020 254 71 65 tunc

177 307 206 61 consequentia
345 307 142 61 neganda
448 307 103 61 est.
512 307 90 61 Nam
564 307 103 61 esto
629 307 103 61 quod
693 307 116 61 vnius
770 307 129 61 partis
861 307 116 61 forme
925 307 155 61 acquisitio

178 346 102 64 sit
236 346 160 64 subita:
352 346 174 64 intensio
482 346 131 64 tamen
569 346 145 64 illius
671 346 131 64 forme
758 346 102 64 seu
816 346 203 64 acquisitio
961 346 131 64 illarum

167 397 152 47 partium:
282 397 89 47 per
332 397 102 47 quas
396 397 114 47 forma
472 397 140 47 dicitur
574 397 140 47 intendi
675 397 127 47 potest
764 397 102 47 esse
828 397 102 47 tota
891 397 152 47 continua
1006 397 76 47 et
1031 397 51 47 in

173 440 127 52 tempore
266 440 150 52 immediato
381 440 92 52 illi
439 440 150 52 instanti:
555 440 69 52 et
589 440 69 52 in
624 440 81 52 hoc
670 440 104 52 sensu
739 440 92 52 dico
797 440 92 52 quod
855 440 81 52 non
901 440 81 52 est
936 440 150 52 impossibile

172 477 103 64 quod
236 477 129 64 aliqua
327 477 116 64 forma
404 477 180 64 acquiratur
545 477 129 64 subito
636 477 77 64 et
674 477 154 64 continue
790 477 77 64 id
829 477 90 64 est
880 477 103 64 sine
944 477 129 64 quiete
1022 477 64 64 me-

178 522 94 55 dia
231 522 188 55 intendatur
379 522 188 55 successiue
526 522 188 55 intensione
674 522 174 55 continua:
808 522 121 55 sicut
889 522 81 55 in
929 522 121 55 primo
996 522 94 55 arti.

173 560 121 59 dictum
257 560 96 59 est.
318 560 72 59 Et
354 560 84 59 cum
402 560 121 59 contra
486 560 84 59 hoc
535 560 133 59 dicitur
631 560 96 59 quod
691 560 84 59 non
739 560 84 59 est
788 560 96 59 dare
848 560 121 59 primum
932 560 133 59 instans
1017 560 60 59 ten

165 611 137 48 poris
256 611 229 48 mensurantis
439 611 137 48 motum
530 611 213 48 continuum:
698 611 183 48 dicendum
835 611 122 48 quod
896 611 183 48 accipiendo

171 654 137 48 proprie
270 654 75 48 et
308 654 137 48 precise
407 654 112 48 motum
482 654 174 48 continuum:
619 654 87 48 qui
669 654 150 48 scilicet
781 654 87 48 est
831 654 75 48 in
868 654 162 48 infinitum
980 654 100 48 parti-

168 696 136 58 bilis:
263 696 95 58 non
318 696 95 58 est
372 696 108 58 dare
440 696 136 58 primum
535 696 149 58 instans
643 696 95 58 in:
697 696 95 58 quo
752 696 163 58 scilicet
874 696 176 58 subiectum
996 696 81 58 quoc

158 739 153 58 mouetur
269 739 97 58 sit
325 739 153 58 mutatum
437 739 97 58 vel
492 739 167 58 moueatur
618 739 167 58 secundum
743 739 139 58 illud:
840 739 97 58 vel
896 739 153 58 aliquid
993 739 84 58 eius

160 782 157 52 secundum
278 782 105 52 quod
343 782 92 52 est
395 782 131 52 motus:
487 782 92 52 est
539 782 118 52 tamen
618 782 105 52 dare
683 782 131 52 primum
775 782 144 52 instans
880 782 79 52 in
919 782 92 52 quo
971 782 92 52 nec
1011 782 65 52 mo-

153 829 135 49 uetur
243 829 105 49 nec
303 829 105 49 est
363 829 180 49 mutatum:
498 829 105 49 sed
558 829 165 49 incipit
677 829 150 49 moueri
782 829 195 49 exponendo
932 829 105 49 ly.
977 829 105 49 inci-

154 869 90 61 pit
206 869 90 61 per
257 869 181 61 negationem
399 869 181 61 praesentis
541 869 77 61 et
580 869 181 61 positionem
722 869 142 61 futuri:
825 869 77 61 et
864 869 90 61 hoc
915 869 142 61 instans
1006 869 77 61 ali-

161 917 132 44 quado
249 917 103 44 est
308 917 161 44 vltimum
425 917 176 44 instans:
557 917 88 44 in
601 917 103 44 quo
660 917 147 44 mobile
762 917 132 44 habet
850 917 161 44 quietum
968 917 117 44 esse
1026 917 59 44 et

154 956 94 60 non
207 956 94 60 est
261 956 148 60 mutatum
368 956 161 60 secundum
489 956 161 60 aliquid:
610 956 174 60 aliquando
744 956 107 60 vero
811 956 94 60 est
864 956 94 60 vel
918 956 134 60 potest
999 956 80 60 esse

155 996 160 64 instans
272 996 87 64 in
315 996 102 64 quo
373 996 189 64 subiectum
519 996 160 64 mutatur
635 996 291 64 indiuisibiliter:
882 996 102 64 vel
940 996 102 64 est
984 996 87 64 pri-

149 1047 84 52 mo
191 1047 153 52 mutatum
302 1047 167 52 secundum
428 1047 153 52 aliquam
539 1047 153 52 formam:
651 1047 98 52 que
707 1047 125 52 tamen
790 1047 153 52 mutatio
902 1047 98 52 non
958 1047 98 52 est
999 1047 84 52 ali-

152 1091 121 46 quod
228 1091 197 46 pertinens
379 1091 91 46 ad
425 1091 137 46 motum
516 1091 212 46 sequentem:
683 1091 106 46 sed
743 1091 152 46 potius
850 1091 91 46 ad
880 1091 197 46 precedentem

149 1129 132 56 tamquam
245 1129 108 56 finis
317 1129 108 56 eius:
389 1129 108 56 sicut
461 1129 156 56 generatio
581 1129 132 56 dicitur
676 1129 108 56 finis
748 1129 192 56 alterationis
892 1129 180 56 praecedentis:

154 1173 85 54 et
196 1173 99 54 sic
253 1173 142 54 alique
353 1173 199 54 mutationes
509 1173 241 54 indiuisibiles
708 1173 170 54 dicuntur
836 1173 128 54 finis
907 1173 170 54 praeceden-

150 1215 111 60 tium
220 1215 139 60 motuum
317 1215 167 60 secundum
442 1215 167 60 Commmen.
566 1215 83 60 6.
608 1215 139 60 phyco.
705 1215 97 60 vel
761 1215 83 60 ad
802 1215 139 60 nullum
900 1215 167 60 pertinet
1011 1215 69 60 mo-

154 1259 88 51 tum
205 1259 75 51 si
242 1259 125 51 nullum
330 1259 88 51 per
380 1259 75 51 se
417 1259 163 51 sequatur:
542 1259 75 51 et
580 1259 100 51 ideo
643 1259 75 51 si
680 1259 138 51 sumatur
780 1259 150 51 praecise
893 1259 150 51 intensio
993 1259 75 51 for-

153 1305 89 47 me
198 1305 89 47 in
242 1305 119 47 casu
316 1305 134 47 dato.
405 1305 119 47 dico
480 1305 119 47 quod
554 1305 104 47 non
613 1305 104 47 est
672 1305 119 47 dare
747 1305 148 47 primum
850 1305 163 47 instans
969 1305 89 47 in
999 1305 74 47 quo

155 1347 116 56 forma
232 1347 193 56 intendatur:
387 1347 90 56 aut
438 1347 90 56 sit
490 1347 154 56 intensa:
606 1347 142 56 quamuis
709 1347 116 56 detur
786 1347 129 56 primum
876 1347 142 56 instans
979 1347 77 56 in
1005 1347 64 56 quo

155 1389 91 56 est
207 1389 183 56 acquisita:
351 1389 78 56 et
390 1389 78 56 in
429 1389 91 56 quo
481 1389 143 56 incipit
585 1389 157 56 intendi:
703 1389 170 56 exponendo
833 1389 91 56 ly.
885 1389 143 56 incipit
990 1389 78 56 vt
1016 1389 65 56 di-

145 1435 104 50 ctum
210 1435 104 50 est:
275 1435 78 50 et
314 1435 78 50 ex
353 1435 91 50 hoc
405 1435 91 50 non
457 1435 156 50 tollitur
574 1435 104 50 quin
638 1435 156 50 intensio
755 1435 91 50 sit
807 1435 104 50 vere
872 1435 169 50 continua:
989 1435 91 50 sicut

152 1477 103 50 non
211 1477 147 50 tollit
314 1477 118 50 quin
388 1477 132 50 motus
476 1477 162 50 localis
594 1477 103 50 sit
653 1477 118 50 vere
726 1477 206 50 continuus:
888 1477 162 50 quamuis
991 1477 74 50 tem

153 1521 124 60 poris
236 1521 207 60 mensurantis
402 1521 124 60 ipsum
484 1521 97 60 sit
540 1521 110 60 dare
609 1521 138 60 primum
705 1521 166 60 instans:
830 1521 83 60 in
871 1521 97 60 quo
926 1521 138 60 mobile
1009 1521 69 60 nec

146 1569 145 45 mouetur
251 1569 92 45 nec
304 1569 92 45 est
357 1569 132 45 motum:
449 1569 92 45 sed
502 1569 145 45 incipit
607 1569 145 45 moueri:
712 1569 79 45 si
752 1569 119 45 tamen
831 1569 171 45 improprie
949 1569 119 45 sumatur

150 1611 135 45 motus
240 1611 196 45 continuus
391 1611 105 45 pro
451 1611 196 45 aggregato
601 1611 90 45 ex
647 1611 196 45 mutatione
797 1611 135 45 prima
872 1611 196 45 indiuisibi-

143 1649 88 55 li
187 1649 88 55 et
231 1649 117 55 motu
305 1649 191 55 immediate
452 1649 176 55 sequente
584 1649 117 55 vere
657 1649 205 55 diuisibili
818 1649 88 55 et
863 1649 191 55 continuo:
995 1649 73 55 non

149 1697 89 46 est
200 1697 204 46 inconueniens
366 1697 166 46 concedere
493 1697 102 46 quod
557 1697 89 46 sit
608 1697 102 46 dare
672 1697 127 46 primum
761 1697 140 46 instans
863 1697 153 46 temporis
965 1697 102 46 mensu-

149 1739 133 46 rantis
242 1739 120 46 ipsum
322 1739 200 46 aggregatum:
482 1739 120 46 sicut
562 1739 80 46 si
602 1739 107 46 deus
669 1739 147 46 aliquod
776 1739 133 46 corpus
869 1739 200 46 transferret
1016 1739 53 46 de

146 1779 107 51 loco
213 1779 81 51 a.
253 1779 81 51 ad
293 1779 121 51 locum
374 1779 81 51 b.
414 1779 81 51 in
454 1779 175 51 instanti:
589 1779 81 51 et
629 1779 175 51 immediate
763 1779 188 51 successiue
911 1779 81 51 et
938 1779 134 51 continue

142 1822 239 53 transferret
333 1822 128 53 idem
413 1822 96 53 de
461 1822 128 53 loco
541 1822 96 53 b.
589 1822 96 53 ad
636 1822 144 53 locum
732 1822 96 53 c.
780 1822 96 53 in
828 1822 175 53 tempore
939 1822 128 53 totius

141 1864 145 56 istius
242 1864 203 56 aggregati:
401 1864 87 56 ex
445 1864 130 56 prima
532 1864 188 56 mutatione
677 1864 232 56 indiuisibili
865 1864 87 56 et
909 1864 116 56 motu
967 1864 101 56 imme-

146 1908 131 49 diate
234 1908 175 49 sequente
365 1908 204 49 diuisibili
526 1908 131 49 esset
613 1908 117 49 dare
686 1908 146 49 primum
788 1908 160 49 instans
905 1908 87 49 in
948 1908 102 49 quo
992 1908 73 49 mo-

139 1946 114 63 bile
210 1946 128 63 esset
296 1946 171 63 mutatum:
424 1946 100 63 sed
481 1946 100 63 sic
538 1946 128 63 nimis
623 1946 185 63 improprie
766 1946 157 63 sumitur
880 1946 128 63 motus
951 1946 114 63 conti-

137 1995 111 61 nuus.
211 1995 111 61 Solum
285 1995 99 61 enim
346 1995 99 61 ille
408 1995 136 61 proprie
507 1995 136 61 dicitur
605 1995 173 61 continuus:
741 1995 86 61 qui
790 1995 148 61 secundum
901 1995 160 61 quamlibet
1012 1995 62 61 sui

142 2044 125 54 partem
230 2044 88 54 est
280 2044 75 54 in
318 2044 163 54 infinitum
443 2044 200 54 diuisibilis:
605 2044 100 54 quod
668 2044 88 54 non
718 2044 150 54 conuenit
830 2044 163 54 huiusmodi
943 2044 125 54 aggrega-

150 2087 93 52 to.
229 2087 79 52 Ad
269 2087 79 52 4m
309 2087 93 52 cum
362 2087 146 52 dicitur
467 2087 185 52 cuiuslibet
613 2087 119 52 forme
692 2087 79 52 et
732 2087 172 52 naturalis
864 2087 93 52 que
917 2087 132 52 potest
997 2087 66 52 in-

145 2129 129 46 tendi
231 2129 86 46 et
274 2129 158 46 remitti
388 2129 100 46 est
446 2129 115 46 dare
517 2129 172 46 minimum.
675 2129 186 46 Respondeo
818 2129 115 46 quod
890 2129 86 46 si
919 2129 143 46 intellic

138 2174 127 55 gitur
223 2174 85 55 de
265 2174 141 55 minimo
364 2174 212 55 simpliciter
533 2174 198 55 propositio
688 2174 99 55 est
745 2174 141 55 falsa.
843 2174 85 55 Si
886 2174 113 55 vero
956 2174 85 55 de
984 2174 71 55 mi-

131 2217 104 55 nimo
196 2217 104 55 quod
261 2217 130 55 potest
353 2217 170 55 separatum
483 2217 91 55 per
535 2217 78 55 se
574 2217 157 55 existere
692 2217 157 55 secundum
809 2217 130 55 sensum
900 2217 117 55 supra
966 2217 91 55 datum

140 2257 243 49 distinguendum
339 2257 114 49 est:
411 2257 114 49 quia
482 2257 100 49 vel
539 2257 228 49 intelligitur
725 2257 86 49 de
767 2257 143 49 minimo
867 2257 185 49 extensiue
996 2257 71 49 vel

134 2301 181 52 intensiue:
276 2301 142 52 secundo
379 2301 103 52 modo
444 2301 181 52 propositio
586 2301 90 52 est
637 2301 129 52 falsa:
728 2301 77 52 vt
766 2301 116 52 patet
844 2301 129 52 supra.
934 2301 77 52 Si
960 2301 90 52 primo

131 2347 124 51 modo
209 2347 155 51 potest
318 2347 171 51 concedi
442 2347 93 51 de
488 2347 155 51 minimo
597 2347 109 51 vel
659 2347 155 51 maximo
767 2347 124 51 quod
845 2347 124 51 non:
922 2347 109 51 sed
969 2347 93 51 tunc

125 2389 189 50 consequentia
279 2389 83 50 non
326 2389 106 50 valet
397 2389 83 50 cum
444 2389 154 50 infertur:
562 2389 94 50 ergo
621 2389 106 50 nulla
692 2389 106 50 forma
763 2389 118 50 potest
845 2389 130 50 intendi
928 2389 130 50 continuem

134 2432 112 47 magis
208 2432 112 47 autem
282 2432 198 47 consequentia
443 2432 136 47 haberet
543 2432 186 47 apparentiam
691 2432 74 47 si
728 2432 173 47 diceretur.
865 2432 99 47 ergo
927 2432 112 47 nulla
989 2432 74 47 for-

145 2473 78 54 ma
184 2473 129 54 potest
274 2473 181 54 augmentari
417 2473 155 54 continue
533 2473 155 54 secundum
650 2473 207 54 extensionem.
818 2473 91 54 Sed
870 2473 116 54 tamen
947 2473 91 54 nec
986 2473 65 54 sic

139 2518 202 53 consequentia
303 2518 101 53 bona
366 2518 101 53 est:
429 2518 88 53 nec
480 2518 88 53 est
530 2518 76 53 si
568 2518 139 53 daretur
668 2518 139 53 minimum
769 2518 164 53 intensiue
895 2518 101 53 quod
946 2518 113 53 separa-

142 2566 91 48 tum
194 2566 65 48 a
220 2566 156 48 reliquis
337 2566 156 48 partibus
454 2566 156 48 secundum
571 2566 195 48 intensionem
728 2566 130 48 posset
819 2566 169 48 existere:
936 2566 117 48 valeret

150 2608 163 45 consequentia
282 2608 82 45 ergo
333 2608 92 45 nulla
394 2608 122 45 intensio
486 2608 102 45 potest
558 2608 82 45 esse
609 2608 133 45 continua:
710 2608 61 45 et
741 2608 92 45 ratio
802 2608 82 45 est:
853 2608 82 45 quia
904 2608 92 45 licem
965 2608 71 45 sit
996 2608 61 45 dare

145 2649 107 47 tale
212 2649 147 47 minimum
319 2649 174 47 extensiue
453 2649 107 47 quod
519 2649 174 47 separatum
653 2649 107 47 etc.
720 2649 94 47 non
774 2649 120 47 tamen
854 2649 94 47 est
908 2649 107 47 dare
961 2649 94 47 mini-

155 2694 82 52 mum
202 2694 165 52 inexistens
332 2694 71 52 et
367 2694 177 52 coniunctum:
508 2694 71 52 vt
544 2694 106 52 supra
614 2694 118 52 dictum
697 2694 94 52 est:
756 2694 71 52 et
791 2694 94 52 ideo
850 2694 71 52 id
885 2694 94 52 quod
944 2694 94 52 post
991 2694 59 52 mi-

152 2737 120 53 nimum
232 2737 133 53 potens
325 2737 173 53 separatum
458 2737 160 53 existere
578 2737 200 53 generabitur
737 2737 146 53 poterit
844 2737 133 53 vtique
937 2737 107 53 esse
990 2737 67 53 mi-

146 2779 106 51 nus
206 2779 121 51 tali
282 2779 166 51 minimo:
403 2779 136 51 sicut
493 2779 136 51 supra
584 2779 91 51 de
629 2779 211 51 nutritione
795 2779 91 51 et
825 2779 227 51 augmentatione

155 2820 179 59 animatorum
296 2820 89 59 est
347 2820 141 59 dictum:
449 2820 77 59 et
488 2820 89 59 sic
539 2820 115 59 talis
615 2820 192 59 augmentatio
769 2820 141 59 poterit
871 2820 102 59 esse
922 2820 128 59 continua

145 2864 87 49 in
188 2864 101 49 qua
246 2864 130 49 nulla
332 2864 116 49 pars
405 2864 116 49 erit
477 2864 130 49 primo
564 2864 159 49 genita:
679 2864 101 49 sed
737 2864 116 49 ante
809 2864 188 49 quamlibet
939 2864 116 49 genita

150 2911 96 45 erit
210 2911 119 45 aliqua
293 2911 119 45 minor.
401 2911 72 45 Et
437 2911 84 45 per
485 2911 84 45 hoc
532 2911 119 45 potest
616 2911 167 45 responderi
747 2911 72 45 ad
783 2911 143 45 rationem
879 2911 179 45 Commentators.

147 2952 71 48 8.
183 2952 95 48 phy.
242 2952 83 48 que
290 2952 119 48 contra
373 2952 83 48 hoc
421 2952 131 48 videtur
516 2952 167 48 procedere:
647 2952 83 48 vbi
694 2952 95 48 ait.
754 2952 95 48 quod
813 2952 95 48 quia
873 2952 119 48 minima
944 2952 107 48 partium

152 2998 207 45 magnitudinis
320 2998 155 45 factarum
436 2998 90 45 est
488 2998 194 45 determinata
643 2998 77 45 in
682 2998 181 45 intellectu
824 2998 77 45 in
862 2998 116 45 actu:
940 2998 77 45 et
966 2998 90 45 quae-

132 3035 111 67 libet
205 3035 111 67 earum
279 3035 86 67 fit
328 3035 74 67 in
365 3035 147 67 instanti
476 3035 86 67 cum
525 3035 86 67 sit
574 3035 209 67 indiuisibilis
746 3035 74 67 in
783 3035 160 67 factione:
906 3035 135 67 necesse
992 3035 61 67 est

1136 268 77 63 vt
1175 268 102 63 iste
1239 268 128 63 partes
1328 268 90 63 non
1380 268 205 63 continuentur
1546 268 77 63 in
1585 268 102 63 motu
1649 268 102 63 nisi
1713 268 231 63 continuarentur
1892 268 141 63 instantia

1140 320 68 55 ad
1174 320 136 55 inuicem.
1276 320 136 55 dicendum
1378 320 91 55 enim
1435 320 79 55 est
1480 320 91 55 quod
1537 320 148 55 quaelibet
1650 320 91 55 pars
1707 320 113 55 minima
1786 320 113 55 potens
1866 320 79 55 per
1911 320 68 55 se
1934 320 102 55 existe-

1128 365 87 55 re
1171 365 188 55 seperata:
1316 365 87 55 si
1359 365 130 55 detur
1446 365 159 55 minima:
1562 365 87 55 et
1605 365 101 55 non
1663 365 145 55 maxima
1764 365 101 55 non
1822 365 159 55 potens:
1923 365 116 55 vtique

1132 406 192 56 determinata
1286 406 103 56 est:
1350 406 90 56 non
1402 406 115 56 autem
1479 406 167 56 quaelibet
1607 406 103 56 pars
1671 406 128 56 potens
1761 406 128 56 alteri
1851 406 180 56 inexistere
1979 406 64 56 seu

1131 448 154 58 alteri
1238 448 200 58 coniuncta
1392 448 184 58 existere
1530 448 108 58 est
1592 448 230 58 determinata
1776 448 92 58 ad
1822 448 184 58 minimum:
1945 448 92 58 immo

1136 493 118 55 nulla:
1219 493 153 55 similiter
1336 493 153 55 quaelibet
1454 493 118 55 minima
1536 493 118 55 potens
1618 493 82 55 per
1665 493 71 55 se
1701 493 141 55 existere
1807 493 71 55 si
1842 493 82 55 per
1889 493 71 55 se
1924 493 94 55 fiat
1971 493 59 55 est

1139 535 163 56 generetur:
1267 535 70 56 et
1302 535 82 56 non
1349 535 116 56 infiat
1430 535 82 56 vel
1477 535 175 56 adgeneretur
1617 535 82 56 (si
1663 535 82 56 sic
1710 535 116 56 liceat
1791 535 128 56 loquius
1885 535 140 56 scilicet
1978 535 58 56 non

1130 583 169 50 generetur
1260 583 91 50 nec
1312 583 104 50 fiat
1377 583 169 50 comiuncta
1507 583 143 50 alteri:
1611 583 221 50 indiuisibilis
1793 583 91 50 est
1845 583 78 50 in
1884 583 156 50 factione
1988 583 52 50 et

1127 625 98 52 tota
1188 625 110 52 simul
1261 625 98 52 fit:
1322 625 86 52 nec
1371 625 122 52 potest
1457 625 110 52 fieri
1530 625 183 52 successiue:
1677 625 86 52 sed
1726 625 73 52 si
1762 625 122 52 alteri
1848 625 159 52 coniuncta
1958 625 73 52 gene

1132 665 97 60 retur
1197 665 108 60 vtique
1272 665 162 60 diuisibilis
1402 665 75 60 est
1445 665 65 60 in
1477 665 129 60 factione
1574 665 65 60 id
1606 665 75 60 est
1649 665 108 60 potest
1725 665 97 60 fieri
1789 665 183 60 partibiliter:
1940 665 65 60 et
1962 665 75 60 prius

1138 704 126 61 secundum
1232 704 84 61 vnam
1284 704 105 61 partem
1357 704 84 61 quam
1409 704 126 61 secundum
1504 704 105 61 aliam:
1577 704 63 61 et
1608 704 84 61 tunc
1660 704 84 61 fiet
1713 704 94 61 prius
1776 704 84 61 pars
1828 704 136 61 coniuncta
1932 704 94 61 minor
1985 704 52 61 mi-

1131 757 96 51 nima
1191 757 96 51 quae
1251 757 84 51 per
1298 757 72 51 se
1334 757 119 51 potest
1418 757 143 51 seperata
1525 757 119 51 fieri:
1609 757 84 51 vel
1657 757 84 51 per
1704 757 72 51 se
1740 757 155 51 sepaerata
1860 757 131 51 seorsum
1943 757 96 51 existe

1127 791 96 54 re:
1182 791 165 54 alioquin
1306 791 151 54 numquam
1415 791 96 54 res
1470 791 137 54 aliqua
1566 791 96 54 tam
1621 791 137 54 modice
1717 791 137 54 posset
1813 791 137 54 augeri
1896 791 137 54 loquendo

1128 836 84 57 de
1170 836 167 57 augmento
1295 836 195 57 animatorum
1449 836 112 57 quin
1518 836 84 57 in
1560 836 167 57 quolibet
1686 836 167 57 instanti
1811 836 98 57 quo
1867 836 125 57 esset
1936 836 98 57 aucta

1133 878 111 57 esset
1207 878 74 57 in
1244 878 111 57 duplo
1318 878 111 57 maior
1392 878 99 57 quam
1454 878 111 57 prius
1528 878 74 57 vt
1565 878 111 57 supra
1639 878 173 57 dicebatur:
1775 878 99 57 quod
1837 878 111 57 tamen
1911 878 86 57 est
1948 878 99 57 falsum

1131 923 73 54 vt
1167 923 122 54 sensui
1253 923 110 54 notum
1327 923 98 54 est:
1388 923 86 54 sic
1437 923 86 54 suo
1486 923 98 54 modo
1547 923 122 54 posset
1633 923 98 54 dici
1694 923 73 54 de
1731 923 171 54 intensione
1866 923 98 54 esto
1927 923 98 54 quod
1976 923 61 54 da-

1124 966 135 57 retur
1214 966 165 57 minimum
1334 966 195 57 intensiue
1484 966 150 57 potens
1589 966 105 57 per
1649 966 90 57 se
1694 966 165 57 seorsum
1799 966 165 57 existere.

1205 1000 482 64 Distinctionis.
1606 1000 214 64 XXI.
1740 1000 321 64 Questio.
1954 1000 80 64 I

1355 1059 154 89 Ertio
1458 1059 172 89 quero.
1578 1059 154 89 vtrum
1681 1059 154 89 forma
1784 1059 240 89 corporalis
1955 1059 86 89 im-

1538 1104 143 55 tendatur
1645 1104 83 55 per
1693 1104 190 55 depurationem
1847 1104 59 55 a
1871 1104 166 55 contrario:
1989 1104 48 55 et

1358 1145 188 57 remittatur
1505 1145 94 57 per
1559 1145 202 57 admixtionem
1721 1145 188 57 contrarii:
1896 1145 81 57 Et
1922 1145 108 57 argui-

1367 1188 69 45 tur
1407 1188 79 45 quod
1456 1188 79 45 sic.
1505 1188 49 45 p
1525 1188 138 45 auctoritas
1633 1188 59 45 P.
1663 1188 59 45 3o
1692 1188 99 45 topico
1761 1188 99 45 dicens
1830 1188 79 45 quod
1879 1188 79 45 quae
1919 1188 118 45 contrariis

1347 1232 117 47 sunt
1421 1232 264 47 impermixtiora:
1641 1232 117 47 sunt
1714 1232 132 47 magis
1802 1232 132 47 talia
1890 1232 88 47 vt
1920 1232 117 47 albius

1352 1274 101 55 quod
1415 1274 113 55 nigro
1491 1274 214 55 impermixtius.
1667 1274 75 55 Ex
1704 1274 88 55 quo
1755 1274 138 55 videtur
1855 1274 101 55 quod
1905 1274 126 55 intensi-

1350 1318 87 50 or
1393 1318 145 50 albedo
1494 1318 130 50 minus
1581 1318 101 50 est
1639 1318 174 50 permixta
1769 1318 203 50 nigredini:
1929 1318 87 50 et
1958 1318 72 50 re-

1126 1360 154 48 missior
1238 1360 140 48 magis:
1336 1360 112 48 immo
1405 1360 112 48 quod
1475 1360 98 48 non
1531 1360 98 48 sit
1587 1360 126 48 aliud
1671 1360 168 48 albedine
1797 1360 112 48 esse
1852 1360 182 48 intensiorem

1134 1400 95 59 quam
1193 1400 106 59 minus
1264 1400 95 59 esse
1323 1400 154 59 nigredini
1441 1400 130 59 mixtam.
1559 1400 71 59 2o
1595 1400 213 59 Commentatoris.
1772 1400 71 59 5.
1808 1400 95 59 phy.
1867 1400 95 59 ait.
1926 1400 95 59 quod
1973 1400 59 59 al-

1120 1444 89 53 bum
1171 1444 89 53 non
1222 1444 89 53 fit
1273 1444 114 53 minus
1349 1444 114 53 album
1425 1444 102 53 nisi
1488 1444 76 53 ex
1526 1444 152 53 mixtione
1641 1444 178 53 contrarii.
1780 1444 76 53 et
1818 1444 76 53 in
1856 1444 102 53 alio
1907 1444 127 53 commen.-

1119 1489 132 50 eiusdem
1215 1489 96 50 li.o
1275 1489 120 50 dicens
1359 1489 96 50 quod
1419 1489 156 50 diminutum
1539 1489 72 50 in
1575 1489 96 50 omni
1635 1489 120 50 genere
1719 1489 84 50 est
1767 1489 156 50 diminutum
1887 1489 84 50 per
1923 1489 108 50 mixtio-

1115 1533 85 47 nem
1163 1533 170 47 contrarii.
1321 1533 73 47 3o
1357 1533 97 47 idem
1418 1533 158 47 Commenta.
1539 1533 73 47 2o
1575 1533 73 47 de
1612 1533 182 47 generatione
1757 1533 121 47 volens
1842 1533 133 47 probare
1927 1533 109 47 quatuor

1126 1576 136 52 elementa
1228 1576 91 52 esse
1285 1576 68 52 in
1319 1576 114 52 mixto.
1398 1576 114 52 dicens
1478 1576 91 52 quod
1535 1576 68 52 si
1569 1576 125 52 calidum
1660 1576 80 52 non
1705 1576 102 52 esset
1774 1576 68 52 in
1808 1576 148 52 composito
1921 1576 80 52 non
1955 1576 80 52 esset

1129 1618 63 48 in
1161 1618 63 48 eo
1193 1618 127 48 frigidum
1288 1618 84 48 nisi
1341 1618 63 48 in
1372 1618 84 48 fine
1425 1618 63 48 id
1457 1618 74 48 est
1499 1618 63 48 in
1530 1618 106 48 summo:
1604 1618 63 48 ex
1636 1618 74 48 quo
1678 1618 116 48 videtur
1763 1618 127 48 secundum
1858 1618 95 48 ipsum
1921 1618 84 48 quod
1963 1618 74 48 purum

1116 1660 149 44 frigidum
1228 1660 87 44 est
1277 1660 149 44 frigidum
1389 1660 75 44 in
1427 1660 124 44 summo:
1514 1660 75 44 et
1551 1660 100 44 pura
1613 1660 174 44 frigiditas
1750 1660 87 44 est
1800 1660 124 44 summa:
1887 1660 75 44 et
1924 1660 87 44 per
1961 1660 75 44 con-

1119 1702 163 50 sequens
1238 1702 208 50 frigiditas
1401 1702 104 50 non
1461 1702 134 50 summa
1550 1702 104 50 sed
1609 1702 163 50 remissa
1728 1702 104 50 est
1788 1702 208 50 frigiditas
1936 1702 104 50 mixta

1109 1747 223 61 caliditati:
1287 1747 119 61 immo
1361 1747 163 61 videtur
1480 1747 119 61 quod
1554 1747 104 61 non
1614 1747 104 61 sit
1673 1747 134 61 aliud
1762 1747 237 61 frigiditatem
1940 1747 89 61 esse

1110 1788 191 48 summam:
1249 1788 139 48 quam
1335 1788 139 48 esse
1422 1788 156 48 puram
1526 1788 104 48 et
1561 1788 191 48 immixtam.

1093 1823 100 104 In
1143 1823 217 104 oppositum
1310 1823 217 104 arguitur:
1477 1823 133 104 quia
1560 1823 150 104 forme
1660 1823 217 104 contrarie
1827 1823 117 104 non
1877 1823 150 104 possunt

1515 1875 86 56 esse
1569 1875 97 56 simul
1634 1875 65 56 in
1666 1875 97 56 eodem
1731 1875 130 56 subiecto
1829 1875 108 56 primo:
1904 1875 86 56 siue
1958 1875 65 56 in
1980 1875 43 56 ea

1114 1920 88 45 dem
1165 1920 113 45 parte
1240 1920 163 45 subiecti.
1366 1920 100 45 ergo
1428 1920 113 45 nulla
1504 1920 113 45 forma
1579 1920 176 45 intenditur
1717 1920 88 45 per
1767 1920 163 45 mixtionem
1880 1920 151 45 contrarii.

1111 1956 145 53 Antecedens
1225 1956 104 53 patet:
1297 1956 62 53 ex
1329 1956 166 53 diffinitione
1463 1956 176 53 contrariorum:
1609 1956 62 53 et
1640 1956 166 53 consequentia
1775 1956 83 53 nota
1816 1956 52 53 est

1101 1999 88 97 In
1145 1999 118 97 hac.
1219 1999 88 97 q.
1263 1999 103 97 duo
1322 1999 132 97 erunt
1410 1999 132 97 arti.
1498 1999 88 97 In
1543 1999 147 97 quorum
1646 1999 132 97 primo
1734 1999 191 97 videbitur
1881 1999 88 97 de
1910 1999 118 97 quosi-

1372 2046 104 52 to:
1432 2046 89 52 In
1476 2046 89 52 2o
1521 2046 119 52 vero
1596 2046 194 52 inquiret:
1745 2046 89 52 an
1789 2046 134 52 forme
1864 2046 164 52 contrarie

1113 2094 125 53 possint
1203 2094 102 53 simul
1271 2094 91 53 esse
1328 2094 68 53 in
1362 2094 102 53 eodem
1430 2094 136 53 subiecto
1532 2094 113 53 primo:
1612 2094 79 53 ita
1657 2094 91 53 quod
1714 2094 91 53 idem
1770 2094 136 53 secundum
1872 2094 91 53 idem
1929 2094 79 53 vel
1963 2094 68 53 ean-

1107 2145 97 45 dem
1163 2145 139 45 partem
1260 2145 97 45 sit
1315 2145 180 45 subiectum
1454 2145 180 45 vtriusque
1592 2145 125 45 forme
1662 2145 166 45 contrarie.

1087 2178 165 95 Quantum
1207 2178 90 95 ad
1252 2178 150 95 primum
1358 2178 180 95 dixerunt
1493 2178 165 95 aliqui:
1613 2178 90 95 et
1658 2178 210 95 simplicius
1824 2178 165 95 dicitur
1929 2178 90 95 fuis

1364 2224 85 56 se
1406 2224 127 56 huius
1491 2224 198 56 opinionis:
1647 2224 113 56 quod
1718 2224 127 56 forma
1803 2224 99 56 non
1859 2224 170 56 suscipit
1972 2224 57 56 ma

1122 2268 80 51 gis
1167 2268 68 51 et
1201 2268 102 51 minus
1269 2268 102 51 neque
1337 2268 159 51 intenditur
1462 2268 68 51 et
1496 2268 170 51 remittitur:
1633 2268 91 51 nisi
1690 2268 80 51 per
1735 2268 80 51 hoc
1780 2268 148 51 praecise:
1894 2268 91 51 quia
1939 2268 80 51 magis

1114 2314 92 53 vel
1167 2314 119 53 minus
1246 2314 158 53 miscetur
1364 2314 119 53 forme
1443 2314 184 53 contrarie:
1588 2314 105 53 vnde
1654 2314 132 53 quanto
1746 2314 119 53 forma
1825 2314 92 53 est
1865 2314 158 53 permixtior

1114 2352 107 54 forme
1185 2352 155 54 contrarie
1304 2352 107 54 tanto
1376 2352 83 54 est
1423 2352 167 54 remissior:
1554 2352 119 54 quanto
1637 2352 107 54 autem
1709 2352 83 54 est
1756 2352 119 54 purior
1840 2352 83 54 vel
1887 2352 107 54 minus
1947 2352 71 54 per-

1104 2396 103 51 mixta
1172 2396 149 51 contrarie
1287 2396 103 51 tanto
1355 2396 80 51 est
1401 2396 160 51 intensior:
1527 2396 80 51 nec
1573 2396 80 51 est
1618 2396 103 51 aliud
1687 2396 114 51 formam
1767 2396 126 51 intendi
1858 2396 92 51 quam
1904 2396 126 51 contrario

1102 2434 117 60 minus
1180 2434 156 60 misceri:
1297 2434 78 60 et
1336 2434 91 60 eam
1387 2434 143 60 remitti
1491 2434 91 60 non
1543 2434 91 60 est
1595 2434 117 60 aliud
1673 2434 104 60 quam
1738 2434 169 60 contrarie
1867 2434 117 60 forme
1932 2434 91 60 magis

1116 2483 147 50 misceri:
1226 2483 98 50 quae
1287 2483 123 50 opinio
1373 2483 110 50 solum
1447 2483 172 50 auctoritas
1582 2483 147 50 probatur
1692 2483 147 50 superius
1802 2483 147 50 arguendo
1900 2483 135 50 inductis.

1126 2526 80 50 hec
1172 2526 114 50 opinio
1251 2526 102 50 falsa
1319 2526 91 50 est.
1376 2526 91 50 vnde
1433 2526 114 50 contra
1513 2526 80 50 eam
1558 2526 148 50 arguitur:
1672 2526 102 50 primo
1740 2526 102 50 quona
1808 2526 114 50 aliqua
1887 2526 102 50 forme
1944 2526 91 50 inten-

1104 2567 115 51 duntur
1184 2567 69 51 et
1218 2567 172 51 remittuntur
1356 2567 115 51 quibus
1437 2567 103 51 nulla
1506 2567 103 51 forma
1575 2567 80 51 est
1620 2567 161 51 contraria:
1747 2567 69 51 et
1781 2567 80 51 hoc
1827 2567 80 51 est
1873 2567 103 51 verum
1942 2567 69 51 de
1965 2567 69 51 for-

1113 2616 78 48 mis
1157 2616 190 48 corporalibus:
1314 2616 67 48 et
1347 2616 145 48 similiter
1459 2616 67 48 de
1492 2616 201 48 spiritualibus:
1660 2616 67 48 de
1693 2616 179 48 corporalibus
1838 2616 112 48 quidem
1916 2616 67 48 vt
1950 2616 67 48 de
1972 2616 56 48 lu-

1107 2657 86 44 mine
1161 2657 75 44 cui
1204 2657 96 44 nulla
1268 2657 96 44 forma
1332 2657 75 44 est
1375 2657 150 44 contraria:
1492 2657 64 44 et
1525 2657 96 44 tamen
1589 2657 150 44 intenditur
1706 2657 150 44 aliquando:
1824 2657 64 44 et
1856 2657 139 44 quandoque
1953 2657 53 44 re-

1097 2702 149 52 mittitur.
1234 2702 149 52 Similiter
1349 2702 126 52 visioni
1441 2702 103 52 nulla
1510 2702 103 52 forma
1579 2702 80 52 est
1625 2702 161 52 contraria:
1752 2702 149 52 inteditur
1867 2702 103 52 tamen
1936 2702 69 52 et
1959 2702 57 52 re-

1106 2745 153 48 mittitur.
1224 2745 82 48 Nam
1271 2745 153 48 aliquando
1389 2745 106 48 visio
1460 2745 82 48 est
1507 2745 165 48 perfectior
1636 2745 71 48 et
1671 2745 141 48 clarior:
1777 2745 71 48 et
1813 2745 153 48 aliquando
1919 2745 94 48 minus:

1103 2787 81 52 sic
1150 2787 81 52 cum
1196 2787 116 52 corpus
1278 2787 105 52 visum
1348 2787 105 52 prius
1418 2787 128 52 videtur
1511 2787 70 52 de
1546 2787 151 52 propinquo
1662 2787 70 52 et
1697 2787 93 52 post
1755 2787 58 52 a
1779 2787 128 52 remotis
1872 2787 81 52 vel
1907 2787 116 52 econtra.

1129 2829 141 47 Similiter
1237 2829 65 47 in
1270 2829 108 47 formis
1345 2829 184 47 spiritualibus
1497 2829 108 47 quales
1573 2829 87 47 sunt
1627 2829 87 47 quae
1681 2829 87 47 sunt
1735 2829 65 47 in
1768 2829 162 47 intellectum
1898 2829 65 47 et
1919 2829 87 47 volun-

1102 2866 90 52 tate.
1162 2866 80 52 vnde
1212 2866 160 52 delectationi
1342 2866 80 52 quae
1392 2866 70 52 est
1432 2866 60 52 in
1462 2866 110 52 sciendo
1542 2866 70 52 non
1581 2866 70 52 est
1621 2866 110 52 aliquod
1701 2866 140 52 contrarium
1811 2866 130 52 secundum.
1911 2866 60 52 P.
1941 2866 60 52 et
1961 2866 70 52 tamen

1104 2915 151 49 suscipit
1218 2915 113 49 magis
1293 2915 126 49 minus.
1406 2915 163 49 Praeterea
1532 2915 126 49 aliqua
1620 2915 113 49 forme
1695 2915 189 49 spirituales
1846 2915 101 49 esto
1909 2915 101 49 quod
1959 2915 63 49 ha-

1112 2957 113 51 beant
1188 2957 188 51 contrarium:
1339 2957 113 51 adhuc
1414 2957 151 51 intendut
1527 2957 75 51 et
1565 2957 188 51 remittuntur
1715 2957 101 51 sine
1778 2957 126 51 illius
1854 2957 163 51 admixtione:

1104 3001 90 47 quod
1160 3001 146 47 probatur:
1272 3001 90 47 quia
1328 3001 135 47 alioquin
1429 3001 157 47 sequeretur
1553 3001 90 47 quod
1609 3001 123 47 aliquis
1699 3001 112 47 carens
1777 3001 123 47 virtute
1867 3001 67 47 et
1901 3001 101 47 vitio
1957 3001 56 47 si-

1104 3045 70 75 bi
1139 3045 152 75 contrario
1256 3045 82 75 non
1303 3045 117 75 posset
1385 3045 152 75 acquirere
1502 3045 140 75 virtutem
1607 3045 105 75 illam
1678 3045 94 75 quae
1736 3045 117 75 caret:
1818 3045 82 75 aut
1865 3045 117 75 vitium
1935 3045 82 75 oppo
