2433 3508
265 227 169 83 causatur
392 227 155 83 noticia
505 227 226 83 conclusionis
689 227 85 83 in
731 227 127 83 alio.
816 227 71 83 ⁋
844 227 85 83 Ad
886 227 212 83 probationem
1056 227 85 83 de
1084 227 113 83 musica

266 273 182 82 respectu
402 273 242 82 arismetrice.
599 273 121 82 dico
675 273 121 82 quod
751 273 152 82 nullus
857 273 182 82 ignorans
978 273 212 82 arismetricam

277 322 86 74 nisi
331 322 140 74 principio
439 322 108 74 musice
514 322 75 74 per
557 322 183 74 experientiam:
708 322 75 74 aut
751 322 75 74 per
794 322 97 74 aliam
858 322 86 74 viam
912 322 118 74 noscet:
998 322 75 74 sed
1041 322 129 74 tantumo:
1127 322 54 74 cre

279 362 107 74 deret:
354 362 150 74 acquireret
472 362 118 74 musicam
558 362 86 74 quae
612 362 75 74 est
655 362 139 74 scientia:
762 362 75 74 sed
805 362 107 74 tantum
880 362 161 74 modoquendam
1009 362 118 74 habitum
1084 362 107 74 creditum

265 412 83 67 et
307 412 152 67 quandam
417 412 138 67 fidem:
514 412 111 67 quam
583 412 83 67 si
624 412 166 67 vellemus
749 412 166 67 possemus
873 412 180 67 appellare
1011 412 152 67 musicam
1108 412 83 67 cre-

260 454 150 77 ditiuam.
373 454 63 77 ⁋
398 454 75 77 Ad
436 454 113 77 aliam
511 454 150 77 dimissis
624 454 125 77 multis
711 454 138 77 aliorum
811 454 213 77 solutionibus.
987 454 100 77 Dico
1049 454 113 77 primo
1112 454 75 77 quod

268 491 126 79 ratio
352 491 140 79 peccat
450 491 84 79 in
492 491 126 79 forma
576 491 224 79 tripliciter:
758 491 98 79 tum
814 491 112 79 quia
884 491 98 79 est
940 491 84 79 in
982 491 84 79 3a
1024 491 140 79 figura
1108 491 70 79 mi-

255 541 110 65 nore
324 541 179 65 existente
462 541 179 65 negatiua:
600 541 97 65 tum
655 541 110 65 quia
724 541 138 65 altera
821 541 221 65 praemissarum
1000 541 179 65 existente
1124 541 55 65 ne

257 577 119 80 gatiua
341 577 155 80 conclusio
460 577 84 80 est
508 577 191 80 affirmatiua:
663 577 84 80 tum
711 577 119 80 etiam:
795 577 96 80 quia
854 577 119 80 medium
938 577 119 80 intrat
1010 577 167 80 conclusionem

261 629 73 66 Si
297 629 98 66 vero
358 629 158 66 reducatur
480 629 73 66 ad
517 629 134 66 debitam
614 629 122 66 formam
700 629 85 66 non
748 629 158 66 sequitur:
870 629 122 66 aliqua
956 629 158 66 conclusio
1077 629 73 66 ad
1102 629 73 66 suum

255 670 162 71 propositum
383 670 104 71 sicut
452 670 116 71 potest
533 670 151 71 faciliter
649 670 116 71 patere
730 670 185 71 inspicienti.
881 670 58 71 ⁋
904 670 69 71 2o
939 670 104 71 dico:
1008 670 93 71 quod
1066 670 104 71 sicut
1124 670 58 71 non

254 718 131 61 solum
342 718 160 61 habitus
458 718 218 61 scientifici
632 718 174 61 dicuntur
763 718 160 61 phisici
879 718 102 61 vel
937 718 232 61 metaphisici:
1111 718 73 61 sed

257 752 117 76 etiam
335 752 130 76 aliqui
426 752 156 76 opinati:
543 752 104 76 vnde
608 752 182 76 frequenter
752 752 195 76 philosophus
908 752 169 76 quorumdam
1025 752 156 76 antiquorum

253 795 199 78 opiniones:
409 795 128 78 licet
494 795 142 78 falsas
594 795 128 78 vocat
679 795 185 78 phisicas:
821 795 185 78 quorumdam
963 795 128 78 dicit
1048 795 99 78 non
1091 795 85 78 esse

242 850 164 65 phisicas:
369 850 88 65 sic
419 850 114 65 etiam
495 850 76 65 et
533 850 126 65 quidam
621 850 139 65 habitus
722 850 139 65 crediti
823 850 139 65 possunt
924 850 101 65 dici
987 850 189 65 metaphisici
1126 850 50 65 et

247 890 177 63 geometrici
386 890 76 63 et
424 890 202 63 arismetrici:
589 890 76 63 et
627 890 114 63 talis
702 890 114 63 esset
778 890 202 63 perspectiuus
943 890 101 63 ille
1006 890 139 63 habitus
1094 890 76 63 quem

251 936 107 66 quis
318 936 188 66 acquireret
465 936 201 66 simpliciter
627 936 148 66 credens
734 936 175 66 principia
868 936 215 66 perspectiue.
1043 936 67 66 ⁋
1070 936 94 66 hoc
1110 936 67 66 aut

242 978 161 63 prouenit:
365 978 99 63 quia
427 978 136 63 aliunde
526 978 161 63 nominatur
650 978 136 63 habitus
749 978 149 63 phisicus
861 978 87 63 vel
910 978 136 63 metaph.
1009 978 74 63 et
1034 978 136 63 huiusmodi

250 1021 72 64 et
286 1021 133 64 aliunde
383 1021 145 64 scientia
491 1021 133 64 dicitur
588 1021 84 64 Nam
636 1021 72 64 ex
672 1021 72 64 eo
708 1021 97 64 quod
769 1021 72 64 de
805 1021 133 64 talibus
902 1021 84 64 vel
950 1021 133 64 talibus
1046 1021 109 64 rebus
1107 1021 60 64 est

238 1064 169 66 obiectiue
368 1064 143 66 dicitur
472 1064 156 66 phisicus
589 1064 91 66 vel
641 1064 143 66 aliquis
745 1064 130 66 talis:
836 1064 78 66 vt
875 1064 117 66 patet
953 1064 78 66 6o
979 1064 182 66 metaphisice:

248 1103 63 70 ⁋
274 1103 138 70 Dicitur
374 1103 88 70 aut
425 1103 151 70 scientia
538 1103 75 70 ex
575 1103 88 70 eo:
626 1103 101 70 quod
689 1103 88 70 est
739 1103 176 70 habitualis
877 1103 138 70 noticia
978 1103 75 70 ex
1003 1103 151 70 actualibus

241 1153 115 58 vel
306 1153 99 58 ex
356 1153 115 58 his
422 1153 115 58 que
488 1153 115 58 per
554 1153 148 58 tales
652 1153 181 58 mediate
784 1153 115 58 vel
850 1153 214 58 immediate
998 1153 165 58 noticiis

240 1194 228 66 conclusionis
425 1194 171 66 causatis
553 1194 86 66 ex
596 1194 171 66 noticiis
724 1194 185 66 prioribus
867 1194 114 66 etc.
938 1194 128 66 iuxta
1009 1194 157 66 doctrinam

240 1239 158 58 philosophi
364 1239 90 58 prio
420 1239 169 58 posteriorum
555 1239 169 58 acquisitam.
690 1239 68 58 Et
724 1239 90 58 ideo
780 1239 124 58 praeter
870 1239 135 58 defectum
972 1239 135 58 rationis
1073 1239 79 58 quo
1118 1239 68 58 ad

239 1279 114 70 formam:
322 1279 73 70 est
363 1279 94 70 etiam
426 1279 135 70 deffectus
530 1279 62 70 in
561 1279 125 70 materia:
654 1279 114 70 quoniam
737 1279 114 70 vtraque
820 1279 125 70 istarum.
914 1279 166 70 perspectiuus
1039 1279 114 70 inquantum

239 1315 161 76 perspectiuus
370 1315 70 76 est
410 1315 111 76 sciens:
490 1315 181 76 perspedimentum
641 1315 131 76 inquantum
742 1315 141 76 perspectia
852 1315 70 76 est
893 1315 131 76 scientia:
993 1315 70 76 est
1033 1315 101 76 falsa.
1104 1315 50 76 ⁋
1124 1315 60 76 Ad

238 1371 114 61 primam
318 1371 194 61 confirmatione
478 1371 103 61 dico:
546 1371 91 61 quod
603 1371 80 61 non
649 1371 103 61 omnis
717 1371 171 61 perspectiua
855 1371 80 61 est
900 1371 149 61 scientia:
1014 1371 80 61 sed
1060 1371 91 61 illa
1106 1371 57 61 du-

241 1413 107 66 taxat
313 1413 95 66 quae
372 1413 84 66 est
420 1413 131 66 euidens
516 1413 131 66 noticia
611 1413 72 66 ex
647 1413 143 66 euidenti
754 1413 131 66 noticia
850 1413 119 66 suorum
933 1413 191 66 principiorum
1076 1413 84 66 imme-

237 1450 129 72 diate
323 1450 100 72 vel
380 1450 157 72 mediate
494 1450 157 72 genita:
609 1450 100 72 aut
666 1450 143 72 aliqua
766 1450 114 72 alia
837 1450 157 72 eiusdem
952 1450 172 72 rationis
1066 1450 86 72 quam

234 1496 111 63 deus
303 1496 180 63 immediate
442 1496 97 63 per
498 1496 139 63 seipum
595 1496 139 63 vellet
692 1496 166 63 causare.
816 1496 69 63 ⁋
844 1496 83 63 Ad
886 1496 97 63 2am
927 1496 236 63 confirmationem:

237 1535 92 67 dico
294 1535 103 67 primo
363 1535 92 67 quod
420 1535 92 67 idem
477 1535 160 67 argumentum
603 1535 103 67 posst
672 1535 103 67 fieri
741 1535 69 67 de
775 1535 137 67 scientia
878 1535 80 67 non
924 1535 160 67 subalterna
1038 1535 115 67 supposi-

226 1577 68 76 to
260 1577 90 76 quod
316 1577 169 76 intellectus
451 1577 180 76 principiorum
598 1577 180 76 distinguatur
744 1577 68 76 ab
778 1577 113 76 habitu
857 1577 192 76 conclusionis:
1015 1577 68 76 et
1048 1577 79 76 sic
1082 1577 79 76 pari-

228 1627 95 66 ter
283 1627 190 66 potuissent
432 1627 149 66 dixisse
540 1627 176 66 absolute:
676 1627 109 66 quod
744 1627 176 66 theologia
880 1627 95 66 est
934 1627 163 66 scientia
1042 1627 109 66 absque

228 1671 113 68 quod
299 1671 170 68 adderent
426 1671 212 68 subalterna:
595 1671 113 68 quod
666 1671 127 68 tamen
751 1671 99 68 non
808 1671 184 68 dicerent.
949 1671 71 68 ⁋
977 1671 113 68 Dico
1048 1671 85 68 2o
1076 1671 85 68 quod

232 1712 68 67 si
266 1712 124 67 aliquam
356 1712 192 67 perspectiuam:
514 1712 90 67 quae
570 1712 90 67 nunc
627 1712 68 67 de
661 1712 102 67 facto
728 1712 79 67 est
773 1712 147 67 scientia:
886 1712 90 67 deus
943 1712 169 67 conseruaret
1067 1712 90 67 absque

233 1758 167 62 geoemtia:
361 1758 115 62 adhuc
438 1758 103 62 ipsa
503 1758 115 62 esset
580 1758 154 62 scientia
695 1758 103 62 apta
759 1758 103 62 nata
823 1758 77 62 in
862 1758 115 62 actus
939 1758 154 62 similes:
1054 1758 77 62 in
1080 1758 77 62 quos

234 1805 97 65 nunc
295 1805 97 65 est:
355 1805 73 65 si
392 1805 121 65 cetera
477 1805 134 65 pariter
574 1805 206 65 concurrerent:
744 1805 85 65 non
793 1805 85 65 aut
841 1805 73 65 ex
878 1805 85 65 hoc
926 1805 146 65 sequitur
1036 1805 97 65 quod
1084 1805 73 65 per-

231 1841 141 56 spectiua
337 1841 94 56 quae
396 1841 188 56 acquireretur
549 1841 71 56 in
584 1841 118 56 aliquo
666 1841 129 56 carente
760 1841 129 56 geoemia
854 1841 106 56 esset
925 1841 153 56 scientia.
1042 1841 59 56 ⁋
1066 1841 71 56 Ad
1089 1841 59 56 3am

225 1883 138 67 rationem
328 1883 126 67 concedo
420 1883 92 67 quod
477 1883 138 67 scientia
580 1883 172 67 subalterna:
718 1883 69 67 et
752 1883 149 67 similiter
867 1883 80 67 non
913 1883 161 67 subalterna
1039 1883 80 67 non
1074 1883 80 67 nouit

224 1927 82 66 sua
271 1927 164 66 principia:
400 1927 94 66 quia
459 1927 141 66 scientia
565 1927 82 66 non
612 1927 82 66 est
659 1927 188 66 principiorum
811 1927 70 66 vt
847 1927 106 66 supra
917 1927 117 66 dictum
999 1927 94 66 est:
1058 1927 82 66 sed
1093 1927 59 66 tam

228 1967 96 69 hec
283 1967 109 69 quam
351 1967 109 69 illa
420 1967 96 69 est
475 1967 151 69 noticia
584 1967 82 69 ex
625 1967 164 69 noticiis
748 1967 137 69 suorum
844 1967 219 69 principiorum
1008 1967 137 69 causata.

230 2017 64 67 ⁋
256 2017 154 67 Rsponsio
371 2017 103 67 ergo
435 2017 103 67 nunc
499 2017 128 67 aliter
589 2017 77 67 ad
627 2017 167 67 articulum
756 2017 128 67 istum.
845 2017 77 67 Et
884 2017 103 67 pono
948 2017 205 67 conclusiones
1102 2017 38 67 4

227 2061 73 61 ⁋
257 2061 131 61 Prima
344 2061 117 61 est.
417 2061 117 61 quod
490 2061 87 61 ex
534 2061 175 61 discursu
665 2061 204 61 theologico
825 2061 102 61 non
884 2061 102 61 per
942 2061 87 61 se
971 2061 175 61 acquiritur

224 2100 154 72 scientia.
343 2100 59 72 ⁋
366 2100 71 72 2a
402 2100 95 72 quod
461 2100 166 72 acquiritur
591 2100 130 72 adhesio
686 2100 71 72 in
722 2100 107 72 animo
793 2100 118 72 dantis
875 2100 107 72 fidem
947 2100 107 72 sacre
1006 2100 130 72 scripture

210 2150 82 61 in
251 2150 123 61 aliis
333 2150 123 61 autem
416 2150 109 61 non.
484 2150 68 61 ⁋
511 2150 82 61 3a
552 2150 109 61 quod
621 2150 96 61 non
676 2150 192 61 acquiritur
826 2150 151 61 adhesio
936 2150 96 61 cum
977 2150 164 61 formidine.

220 2193 69 58 ⁋
248 2193 82 58 4a
289 2193 110 58 quod
358 2193 165 58 acquirit
481 2193 124 58 fides
563 2193 151 58 quadam:
673 2193 82 58 ex
714 2193 96 58 quo
769 2193 151 58 patebit
879 2193 110 58 quod
948 2193 151 58 habitus
1044 2193 96 58 theo-

226 2233 113 65 logie
302 2233 88 65 qui
352 2233 200 65 consequenter
514 2233 175 65 acquiritur
652 2233 88 65 est
702 2233 125 65 quidam
790 2233 138 65 habitus
890 2233 175 65 creditiuus
1027 2233 75 65 et
1052 2233 88 65 fides

235 2273 111 69 idam
305 2273 195 69 acquisita.
458 2273 70 69 ⁋
485 2273 139 69 Primam
583 2273 223 69 conclusionem
764 2273 125 69 probo
847 2273 111 69 sic.
917 2273 125 69 Smnis
986 2273 153 69 discursus

216 2324 76 61 per
260 2324 87 61 quem
314 2324 76 61 per
358 2324 65 61 se
391 2324 153 61 acquiritur
510 2324 131 61 scientia
609 2324 76 61 est
652 2324 65 61 ex
685 2324 207 61 propositionibus
859 2324 109 61 primis
936 2324 65 61 et
968 2324 153 61 immediatis
1077 2324 55 61 no-

217 2368 69 55 te
252 2368 104 55 sunt:
321 2368 104 55 patet
390 2368 69 55 ex
425 2368 104 55 primo
494 2368 184 55 posteriorum.
643 2368 81 55 vbi
690 2368 173 55 philosophus
828 2368 115 55 dicit:
908 2368 92 55 quod
966 2368 92 55 sine
1023 2368 81 55 his
1058 2368 69 55 vti-

212 2410 93 61 que
265 2410 107 61 erit
332 2410 213 61 sillogismus:
505 2410 93 61 sed
558 2410 93 61 non
612 2410 133 61 faciet
705 2410 187 61 scientiam:
852 2410 93 61 sed
905 2410 173 61 discursus
1025 2410 107 61 theolo

218 2453 133 64 gicuius
314 2453 84 64 non
363 2453 84 64 est
411 2453 72 64 ex
447 2453 145 64 talibus:
555 2453 84 64 cum
604 2453 84 64 sit
652 2453 72 64 ex
688 2453 157 64 creditis:
809 2453 72 64 vt
845 2453 108 64 patet
917 2453 72 64 ex
953 2453 145 64 articulo
1062 2453 72 64 2o
1086 2453 48 64 er

206 2498 76 60 go
244 2498 102 60 etc.
308 2498 64 60 ⁋
334 2498 204 60 Confirmatur:
499 2498 102 60 quia
563 2498 115 60 omnis
639 2498 166 60 discursus
766 2498 140 60 faciens
868 2498 89 60 per
919 2498 76 60 se
957 2498 115 60 scire
1034 2498 89 60 est
1072 2498 51 60 de

217 2542 200 67 monstratio:
377 2542 120 67 patet
457 2542 80 67 ex
497 2542 213 67 diffinitione
670 2542 254 67 demonstrationis
884 2542 120 67 primo
951 2542 173 67 posteriorum

214 2576 94 70 sed
267 2576 175 70 discursus
402 2576 134 70 theous
496 2576 94 70 non
550 2576 94 70 est
604 2576 229 70 demonstratio:
792 2576 121 70 alias
872 2576 175 70 infidelem
1007 2576 121 70 etiam
1074 2576 54 70 in

220 2627 176 66 naturalibus
361 2627 94 66 bene
420 2627 165 66 dispositum
550 2627 129 66 faceret
644 2627 106 66 scire
714 2627 71 66 et
750 2627 153 66 assentire
867 2627 176 66 conclusioni
997 2627 129 66 theologi-

209 2665 94 64 ce:
262 2665 108 64 quod
330 2665 121 64 patet
410 2665 148 64 falsum.
518 2665 67 64 ⁋
545 2665 81 64 2o
585 2665 135 64 nullus
680 2665 175 64 discursus
814 2665 121 64 primo
895 2665 162 64 innitens
1003 2665 121 64 auctori

208 2707 91 73 tati
265 2707 126 73 generat
356 2707 160 73 scientiam:
482 2707 80 73 sed
528 2707 103 73 omnis
596 2707 149 73 discursus
711 2707 171 73 theologicus
848 2707 80 73 est
893 2707 160 73 huiusmodi:
1019 2707 69 73 vt
1042 2707 80 73 patet

209 2760 79 55 ex
248 2760 159 55 articulo
368 2760 79 55 2o
407 2760 106 55 ergo
473 2760 106 55 etc.
540 2760 119 55 maior
619 2760 132 55 patet:
712 2760 106 55 quia
778 2760 79 55 ex
818 2760 199 55 auctoritate
976 2760 106 55 sola
1029 2760 93 55 fides

204 2801 185 57 gignitur:
346 2801 128 57 iuxta
432 2801 128 57 illud
517 2801 128 57 Augu.
602 2801 85 57 in
645 2801 85 57 de
688 2801 185 57 vtilitate
830 2801 185 57 credendi.
972 2801 114 57 quod
1029 2801 100 57 intel

208 2845 143 61 ligimus
312 2845 117 61 demus
390 2845 156 61 rationi:
506 2845 104 61 quod
571 2845 156 61 credimus
688 2845 208 61 auctoritati.
857 2845 78 61 et
896 2845 78 61 in
934 2845 117 61 primo
1012 2845 78 61 de
1038 2845 91 61 libro

201 2884 106 67 ar.o
267 2884 106 67 ait:
334 2884 93 67 num
387 2884 80 67 ad
427 2884 213 67 auctoritatem
600 2884 120 67 legis
679 2884 213 67 confugiendum
852 2884 133 67 censes
945 2884 160 67 homnibus
1052 2884 66 67 iam

194 2920 93 66 non
247 2920 120 66 tamen
327 2920 160 66 credere:
447 2920 93 66 sed
501 2920 200 66 intelligere
661 2920 214 66 cupientibus:
834 2920 80 66 q.
874 2920 80 66 d.
914 2920 120 66 nullo
995 2920 120 66 modo.
1061 2920 67 66 vbi

199 2974 163 56 manifeste
325 2974 125 56 innuit
413 2974 100 56 quod
475 2974 150 56 probatio
588 2974 88 56 per
638 2974 188 56 auctoritate
789 2974 88 56 non
839 2974 175 56 scientiam:
977 2974 88 56 sed
1014 2974 113 56 tantumo

191 3012 141 76 fidem
286 3012 220 76 aggenerat.
458 3012 79 76 ⁋
490 3012 94 76 3o
537 3012 157 76 nullus
647 3012 204 76 discursus
804 3012 236 76 theologicus
977 3012 141 76 maiorem

1236 245 207 97 euidentiam
1399 245 104 97 vel
1458 245 222 97 certiudinem
1636 245 133 97 facit
1725 245 89 97 de
1769 245 178 97 veritate
1902 245 148 97 aliqua
1991 245 163 97 theologi-

1224 306 92 75 ca
1270 306 123 75 quam
1346 306 138 75 alius
1438 306 230 75 theologicus
1622 306 199 75 discursus
1776 306 153 75 faciat
1883 306 92 75 de
1929 306 184 75 veritate
2052 306 107 75 theo-

1227 349 165 79 logica
1342 349 247 79 contingenti
1539 349 115 79 per
1605 349 165 79 nullam
1720 349 263 79 experientiam
1934 349 148 79 nobis
2016 349 132 79 notam-

1226 396 128 70 ergo
1306 396 160 70 nullus
1418 396 208 70 discursus
1579 396 241 70 theologicus
1771 396 112 70 per
1835 396 96 70 se
1883 396 144 70 facit
1964 396 192 70 scientiam:

1238 437 196 73 consequentia
1397 437 123 73 patet:
1483 437 135 73 quoniam
1581 437 110 73 nulla
1655 437 135 73 veritas
1753 437 172 73 contingens
1888 437 98 73 quae
1949 437 86 73 non
1998 437 86 73 est
2047 437 98 73 nota
2096 437 49 73 no

1231 480 101 70 bis
1288 480 101 70 per
1346 480 231 70 experientiam
1534 480 101 70 est
1592 480 116 70 eque
1664 480 130 70 nobis
1751 480 130 70 nota:
1838 480 116 70 sicu
1910 480 116 70 illa
1982 480 87 70 de
2025 480 101 70 qua
2069 480 72 70 ha-

1233 522 106 80 bemus
1304 522 164 80 scientiam:
1433 522 164 80 antecedens
1562 522 152 80 probatur:
1679 522 129 80 quoniam
1773 522 94 80 siue
1831 522 164 80 theologice
1960 522 152 80 probetur:
2066 522 70 80 quod

1222 569 106 77 deus
1288 569 93 77 est
1341 569 133 77 trinus
1434 569 80 77 et
1474 569 120 77 vnus:
1554 569 106 77 siue
1621 569 106 77 quod
1687 569 93 77 est
1740 569 146 77 eternus
1847 569 93 77 vel
1900 569 160 77 sapiens:
2019 569 93 77 aut
2059 569 80 77 quam

1223 615 149 66 cumque
1328 615 134 66 aliam
1417 615 194 66 veritatem
1566 615 224 66 necessariam
1745 615 104 66 vel
1805 615 239 66 contingentem
1999 615 119 66 mere
2058 615 75 66 cre

1228 653 158 75 dibilem:
1346 653 92 75 aut
1399 653 118 75 etiam
1477 653 197 75 naturaliter
1635 653 171 75 scibilem:
1766 653 105 75 quis
1832 653 184 75 theologice
1976 653 144 75 probet:
2068 653 66 75 non

1224 696 164 78 maiorem
1344 696 149 78 faciet
1448 696 90 78 de
1493 696 90 78 ea
1538 696 209 78 euidentiam
1702 696 105 78 vel
1762 696 239 78 certitudinem
1956 696 119 78 quam
2016 696 119 78 faciet

1227 740 125 71 alius
1311 740 83 71 de
1352 740 111 71 ista
1422 740 167 71 veritate
1547 740 111 71 quod
1616 740 111 71 deus
1686 740 181 71 iudicabit
1825 740 153 71 mundum:
1936 740 83 71 et
1978 740 111 71 quod
2034 740 97 71 secu-

1227 787 97 69 lum
1283 787 180 69 finietur:
1421 787 97 69 aut
1477 787 111 69 alia
1546 787 111 69 mere
1615 787 208 69 contingente
1782 787 83 69 si
1823 787 194 69 theologice
1976 787 139 69 probet
2059 787 69 69 il-

1229 831 106 66 lam:
1295 831 132 66 patet:
1387 831 145 66 quoniam
1493 831 145 66 vterque
1598 831 79 66 ex
1638 831 237 66 auctoritatibus
1836 831 119 66 sacre
1915 831 172 66 scripture
2034 831 92 66 proce

1219 871 115 74 det:
1291 871 87 74 vt
1334 871 144 74 dictum
1435 871 101 74 est
1493 871 87 74 in
1536 871 130 74 arti.
1623 871 87 74 2o
1666 871 101 74 non
1724 871 159 74 maiorem
1839 871 130 74 autem
1926 871 202 74 euidentiam
2070 871 72 74 vel

1218 911 242 79 certitudinem
1414 911 151 79 faciet
1520 911 91 79 in
1566 911 136 79 mente
1656 911 106 79 vna
1717 911 212 79 auctoritas
1883 911 136 79 sacre
1959 911 166 79 scripture

1215 956 161 67 inquantum
1339 956 112 67 huius
1413 956 99 67 quam
1475 956 112 67 alia:
1549 956 112 67 sicut
1624 956 124 67 patet.
1711 956 99 67 ergo
1773 956 99 67 etc.
1835 956 62 67 ⁋
1860 956 74 67 2a
1897 956 161 67 conclusio
2021 956 87 67 quo
2070 956 74 67 ad

1213 997 126 79 primam
1301 997 126 79 partem
1389 997 163 79 probatur:
1515 997 138 79 quoniam
1615 997 113 79 omnis
1691 997 163 79 discursus
1816 997 188 79 necessitans
1955 997 163 79 intellictum

1216 1046 179 71 credentis
1354 1046 137 71 sacran
1450 1046 192 71 scripturam
1601 1046 82 71 ad
1642 1046 220 71 assentiendum
1821 1046 96 71 ei:
1876 1046 96 71 cui
1931 1046 124 71 alias
2013 1046 96 71 non
2054 1046 69 71 as-

1207 1084 178 76 sensisset
1344 1084 96 76 per
1399 1084 82 76 se
1440 1084 137 76 causat
1536 1084 82 76 in
1577 1084 109 76 illo
1645 1084 205 76 adhesionem:
1809 1084 96 76 hoc
1864 1084 137 76 patet:
1960 1084 96 76 sed
2001 1084 123 76 discur-

1207 1129 95 71 sus
1262 1129 203 71 theologicus
1424 1129 95 71 est
1478 1129 176 71 huiusmodi
1614 1129 176 71 probatio:
1749 1129 108 71 quia
1817 1129 81 71 si
1857 1129 190 71 theologice
1993 1129 135 71 probetur

1201 1174 138 76 aliqua
1298 1174 152 76 veritas
1408 1174 97 76 non
1463 1174 193 76 formaliter
1615 1174 165 76 contenta
1739 1174 83 76 in
1780 1174 124 76 sacra
1863 1174 193 76 scriptura:
2015 1174 97 76 nec
2056 1174 69 76 per

1208 1218 175 73 ecclesiam
1342 1218 202 73 determinata
1504 1218 81 73 ad
1544 1218 189 73 credendum:
1693 1218 94 73 cui
1747 1218 94 73 est
1801 1218 108 73 ante
1868 1218 175 73 huiusmodi
1989 1218 135 73 probatio

1206 1265 96 65 nem
1261 1265 96 65 non
1316 1265 205 65 assensisset
1479 1265 164 65 fidelis:
1602 1265 218 65 necessitatur
1780 1265 123 65 talis
1862 1265 205 65 intellectus
2025 1265 82 65 ad
2053 1265 68 65 as-

1205 1299 174 78 sentiendum
1341 1299 112 78 illi:
1416 1299 137 78 quoniam
1515 1299 186 78 impossibile
1664 1299 87 78 est
1714 1299 186 78 naturaliter
1863 1299 162 78 assentire
1975 1299 149 78 principiis

1199 1346 117 68 quin
1272 1346 189 68 assentiat
1418 1346 233 68 conclusioni:
1607 1346 87 68 si
1651 1346 175 68 appareat
1782 1346 189 68 euidenter
1928 1346 117 68 quod
1986 1346 131 68 necessa

1203 1396 97 65 rio
1259 1396 167 65 sequitur
1384 1396 83 65 ex
1425 1396 139 65 illis.
1523 1396 97 65 Quo
1578 1396 83 65 ad
1620 1396 125 65 aliam
1703 1396 153 65 partem:
1814 1396 125 65 patet
1898 1396 194 65 conclusio:
2037 1396 83 65 quia

1192 1436 177 71 constat
1321 1436 129 71 quod
1401 1436 209 71 discursus
1562 1436 242 71 theologicus
1756 1436 113 71 non
1820 1436 161 71 causat
1917 1436 193 71 adhesionem

1195 1475 95 70 in
1243 1475 142 70 animo
1338 1475 190 70 alicuius
1480 1475 158 70 pagani
1591 1475 111 70 vel
1654 1475 190 70 alterius
1797 1475 111 70 non
1860 1475 237 70 recipientis
2034 1475 79 70 sa-

1202 1519 119 70 cram
1276 1519 208 70 scripturam
1440 1519 89 70 ad
1484 1519 149 70 fidem:
1588 1519 119 70 esto
1663 1519 119 70 quod
1737 1519 119 70 ille
1811 1519 104 70 ita
1870 1519 163 70 nouerit
1974 1519 134 70 conclu-

1200 1560 147 72 sionem
1303 1560 133 72 sequi
1392 1560 88 72 ex
1436 1560 206 72 premissis:
1598 1560 133 72 sicut
1687 1560 162 72 fidelis
1805 1560 206 72 catholicus
1967 1560 103 72 vel
2011 1560 103 72 theo-

1193 1602 165 75 logus.
1309 1602 83 75 ⁋
1342 1602 248 75 Confirmatur
1540 1602 149 75 etiam
1639 1602 132 75 ista
1722 1602 215 75 conclusio
1887 1602 99 75 ex
1920 1602 198 75 auctorita-

1190 1645 88 70 te
1234 1645 176 70 Dionysui
1367 1645 88 70 de
1411 1645 132 70 diui.
1499 1645 103 70 non
1558 1645 176 70 allegata
1690 1645 176 70 superius
1823 1645 88 70 in
1867 1645 176 70 articulo
1984 1645 118 70 secum-

1199 1692 96 66 do
1247 1692 224 66 questionis
1423 1692 160 66 huius.
1535 1692 80 66 ⁋
1567 1692 96 66 3a
1615 1692 208 66 conclusio
1775 1692 208 66 probatur:
1935 1692 128 66 quia
1999 1692 112 66 omnis

1189 1739 191 68 adherens
1332 1739 127 68 sine
1412 1739 207 68 formidine
1571 1739 207 68 aliquibus
1730 1739 239 68 praemissis:
1921 1739 175 68 adheret
2032 1739 80 68 si-

1198 1784 94 70 ne
1245 1784 203 70 formidine
1401 1784 250 70 conclusioni:
1604 1784 125 70 quam
1682 1784 156 70 noscit
1792 1784 219 70 necessario
1963 1784 141 70 sequi
2042 1784 62 70 ex

1201 1818 139 70 illis:
1299 1818 97 70 hoc
1354 1818 139 70 patet:
1452 1818 111 70 quia
1521 1818 97 70 non
1577 1818 167 70 apparet:
1702 1818 111 70 vnde
1772 1818 111 70 isti
1841 1818 181 70 contingat
1967 1818 139 70 formido:

1194 1870 101 61 qui
1251 1870 101 61 nec
1309 1870 87 61 ex
1352 1870 202 61 premissis:
1511 1870 101 61 cum
1569 1870 101 61 eis
1627 1870 188 61 assentiat
1771 1870 188 61 firmiter:
1915 1870 87 61 et
1959 1870 115 61 sine
2016 1870 87 61 for-

1202 1912 139 65 midine:
1304 1912 89 65 nec
1354 1912 76 65 ex
1392 1912 177 65 illatione:
1531 1912 89 65 cum
1582 1912 114 65 illam
1658 1912 164 65 cognoscat
1784 1912 101 65 esse
1847 1912 202 65 necessariam.
2012 1912 63 65 ⁋
2024 1912 76 65 Con-

1191 1949 149 75 firmatur:
1305 1949 92 75 quia
1363 1949 80 75 non
1408 1949 126 75 videtur
1500 1949 149 75 possibile
1615 1949 183 75 naturaliter:
1764 1949 92 75 quod
1821 1949 126 75 aliquis
1913 1949 149 75 euidenter
2016 1949 92 75 cogno-

1186 1987 83 74 scat
1237 1987 72 74 eta
1279 1987 165 74 indubitanter
1413 1987 145 74 assentiat:
1527 1987 83 74 quod
1578 1987 145 74 antecedens
1692 1987 72 74 non
1733 1987 103 74 potest
1805 1987 83 74 esse
1857 1987 93 74 verum
1919 1987 83 74 sine
1960 1987 145 74 consequente.

1193 2035 77 75 Et
1232 2035 204 75 indubitanter
1398 2035 166 75 assentiat
1525 2035 204 75 antecedenti:
1691 2035 102 75 quin
1755 2035 204 75 indubitanter
1921 2035 89 75 est
1960 2035 140 75 consequen

1194 2085 74 62 ti
1231 2085 98 62 quod
1292 2085 160 62 cognoscit
1415 2085 160 62 euidenter
1537 2085 74 62 et
1574 2085 196 62 indubitanter
1734 2085 98 62 esse
1795 2085 172 62 consequens
1930 2085 74 62 ad
1967 2085 123 62 illud.
2041 2085 61 62 Pre

1193 2129 119 60 misse
1272 2129 92 60 aut
1325 2129 79 60 in
1364 2129 158 60 discursu
1483 2129 184 60 theologico
1628 2129 132 60 debite
1720 2129 158 60 regulato
1838 2129 105 60 sunt
1904 2129 184 60 antecedens
2049 2129 79 60 ad

1187 2166 198 66 conclusionem
1348 2166 198 66 theologicam:
1509 2166 87 66 sed
1558 2166 111 66 danus
1632 2166 124 66 firmam
1719 2166 111 66 fidem
1793 2166 111 66 sacre
1868 2166 161 66 scripture
1979 2166 124 66 assentit

1196 2213 188 63 dubitanter
1343 2213 188 63 praemissis
1491 2213 175 63 discursus
1625 2213 201 63 theologici:
1786 2213 81 63 vt
1827 2213 134 63 patet:
1920 2213 81 63 ex
1961 2213 121 63 arti.
2041 2213 81 63 2o

1179 2258 99 67 ergo
1240 2258 99 67 etc.
1302 2258 62 67 ⁋
1327 2258 74 67 2o
1364 2258 99 67 quia
1426 2258 111 67 alias
1500 2258 185 67 periculosum
1648 2258 111 67 esset
1722 2258 74 67 in
1759 2258 161 67 theologia
1883 2258 148 67 studere:
1994 2258 99 67 quia
2044 2258 49 67 de

1182 2305 116 64 tali
1254 2305 145 64 studio
1355 2305 217 64 consurgeret
1529 2305 188 64 dubitatio
1674 2305 130 64 circa
1761 2305 145 64 sacram
1862 2305 217 64 scripturam:
2022 2305 72 64 vbi

1176 2334 102 84 autem
1244 2334 148 84 dubitatio
1358 2334 91 84 est:
1414 2334 102 84 fides
1483 2334 80 84 non
1528 2334 91 84 est:
1585 2334 68 84 vt
1619 2334 102 84 dicit
1687 2334 80 84 hu.
1733 2334 68 84 de
1767 2334 91 84 san.
1824 2334 91 84 libo
1880 2334 114 84 primo.
1960 2334 68 84 Et
1994 2334 91 84 Aug.
2040 2334 45 84 8o

1180 2381 68 70 de
1214 2381 90 70 tri.
1270 2381 90 70 vult
1326 2381 90 70 quod
1383 2381 68 70 in
1417 2381 79 70 his
1462 2381 90 70 quae
1518 2381 68 70 ad
1552 2381 102 70 fidem
1620 2381 158 70 pertinent:
1744 2381 102 70 sicut
1812 2381 79 70 est
1857 2381 147 70 scriptura
1970 2381 113 70 sacra:
2038 2381 56 70 non

1181 2426 112 70 licet
1255 2426 125 70 dicere
1343 2426 125 70 forte:
1430 2426 100 70 quia
1492 2426 175 70 dubsitinem
1630 2426 162 70 importat:
1754 2426 100 70 vnde
1817 2426 100 70 ait.
1879 2426 112 70 salua
1954 2426 100 70 fide
2004 2426 87 70 licem

1182 2477 122 60 dicere
1267 2477 110 60 forte
1340 2477 110 60 vergo
1414 2477 110 60 maria
1487 2477 110 60 talem
1560 2477 122 60 faciem
1646 2477 146 60 habebat.
1755 2477 110 60 forte
1829 2477 85 60 aut
1878 2477 85 60 non
1926 2477 122 60 talem:
2000 2477 85 60 forte

1173 2508 84 74 aut
1221 2508 72 74 de
1257 2508 121 74 vergie
1342 2508 108 74 natus
1414 2508 84 74 est
1462 2508 145 74 christus
1571 2508 96 74 nemo
1631 2508 108 74 salua
1703 2508 96 74 fide
1764 2508 169 74 christiana
1896 2508 145 74 dixerit:
2005 2508 72 74 et
2029 2508 60 74 sic

1179 2555 64 75 de
1211 2555 107 75 studio
1286 2555 107 75 theolo
1361 2555 86 75 modo
1415 2555 86 75 quis
1469 2555 107 75 fieret
1544 2555 150 75 hereticus:
1661 2555 171 75 consequentia
1801 2555 118 75 priomo.
1886 2555 86 75 quia
1940 2555 139 75 quicumque
2036 2555 54 75 du-

1181 2599 78 74 bitat
1234 2599 52 74 de
1260 2599 105 74 veritate
1338 2599 139 74 consequentis
1452 2599 52 74 et
1478 2599 87 74 certus
1539 2599 61 74 est
1574 2599 52 74 de
1600 2599 139 74 consequentia
1713 2599 70 74 eius
1757 2599 52 74 ad
1783 2599 131 74 antecedens:
1887 2599 139 74 consequentur
1992 2599 96 74 dubitatis

1179 2651 87 56 de
1222 2651 174 56 veritate
1352 2651 246 56 antecedentis.
1555 2651 145 56 igitur
1656 2651 87 56 si
1699 2651 188 56 theologus
1844 2651 87 56 de
1887 2651 174 56 veritate
2003 2651 87 56 con-

1171 2687 186 75 clusionis
1313 2687 200 75 theologice
1470 2687 200 75 dubitaret:
1627 2687 114 75 quam
1699 2687 143 75 vtique
1799 2687 143 75 certus
1898 2687 100 75 est
1956 2687 128 75 sequi
2027 2687 57 75 ex

1168 2729 120 79 sacra
1248 2729 187 79 scriptura:
1394 2729 213 79 consequentur
1568 2729 173 79 dubitaret
1701 2729 80 79 de
1741 2729 160 79 veritate
1861 2729 120 79 sacre
1928 2729 160 79 scripture.

1176 2771 73 77 ⁋
1206 2771 88 77 4a
1249 2771 190 77 conclusio
1395 2771 190 77 faciliter
1541 2771 190 77 probatur:
1687 2771 117 77 quia
1760 2771 131 77 omnis
1848 2771 175 77 assensus
1964 2771 117 77 absque

1174 2821 165 68 euidentia
1301 2821 76 68 et
1339 2821 165 68 formidine
1465 2821 89 68 est
1516 2821 127 68 fides:
1605 2821 89 68 hec
1655 2821 114 68 satis
1731 2821 114 68 clara
1807 2821 76 68 et
1845 2821 228 68 sententialiter
2022 2821 51 68 su

1166 2861 141 69 mitur
1260 2861 94 69 ab
1307 2861 125 69 hug.
1385 2861 94 69 de
1432 2861 109 69 sa.
1495 2861 109 69 vbi
1557 2861 172 69 proximo
1682 2861 156 69 supra:
1792 2861 109 69 sed
1854 2861 172 69 adhesio
1964 2861 109 69 causa

1176 2910 77 67 ta
1215 2910 77 67 in
1254 2910 116 67 animo
1331 2910 155 67 firmiter
1447 2910 168 67 credentis
1576 2910 116 67 sacre
1654 2910 168 67 scripture
1783 2910 90 67 est
1835 2910 181 67 huiusmodi:
1977 2910 77 67 vt
2002 2910 65 67 pat

1165 2956 83 49 ex
1207 2956 248 49 conclusionibus
1413 2956 261 49 praecedentibus.
1633 2956 110 49 ergo
1702 2956 110 49 etc.
1770 2956 83 49 Ex
1812 2956 96 49 hoc
1867 2956 124 49 etiam
1935 2956 138 49 vlterius

1175 2994 121 65 patet:
1260 2994 73 65 vt
1296 2994 170 65 dicebatur:
1429 2994 97 65 quod
1490 2994 133 65 habitus
1587 2994 73 65 ex
1623 2994 158 65 huiusmodi
1745 2994 194 65 adhesionibus
1902 2994 170 65 derelictus
2023 2994 61 65 est

1163 3037 159 66 habitus
1278 3037 202 66 creditiuus
1437 3037 87 66 et
1480 3037 130 66 fides
1567 3037 144 66 quadam
1668 3037 202 66 habitualis
1827 3037 202 66 acquisita:
1986 3037 87 66 et
2015 3037 72 66 per
