2456 3541
396 259 129 54 tamen
481 259 214 54 difficultas
653 259 186 54 argumenti
796 259 100 54 non
853 259 171 54 requirit
981 259 129 54 ista.
1067 259 157 54 ponamus
1181 259 114 54 quod
1239 259 71 54 vna

387 302 112 61 pars
457 302 112 61 eius
526 302 98 61 non
582 302 139 61 possit
680 302 209 61 transmutari
847 302 84 61 in
889 302 153 61 aliquam
1000 302 195 61 qualitatem
1154 302 84 61 in
1195 302 98 61 qua
1237 302 70 61 non

393 346 196 53 transmutetur
552 346 74 53 et
589 346 135 53 altera:
687 346 98 53 tunc
749 346 98 53 dico
810 346 98 53 quod
871 346 184 53 supponendum
1019 346 86 53 est
1068 346 86 53 pro
1117 346 160 53 constanti
1227 346 74 53 vnum

389 396 143 46 istorum
493 396 156 46 agentium
610 396 104 46 esse
675 396 143 46 maioris
779 396 156 46 virtutis
895 396 78 46 ad
934 396 156 46 agendum:
1051 396 104 46 quam
1116 396 169 46 reliquum:
1233 396 65 46 cum

392 439 95 57 ipsa
452 439 95 57 sint
511 439 131 57 agentia
606 439 167 57 diuersarum
737 439 143 57 rationum
845 439 71 57 et
880 439 167 57 contraria.
1011 439 83 57 Nam
1059 439 107 57 sicut
1130 439 83 57 duo
1178 439 107 57 entia
1237 439 60 57 dir

385 473 136 55 uersarum
487 473 136 55 rationum
588 473 79 55 non
634 473 124 55 possunt
724 473 91 55 esse
781 473 124 55 equalia
871 473 68 55 in
905 473 181 55 perfectione:
1052 473 102 55 sicut
1120 473 113 55 potest
1199 473 113 55 haberi
1267 473 34 55 a

399 515 99 66 pton
461 515 99 66 Aug.
523 515 74 66 3o
560 515 74 66 de
597 515 74 66 li
634 515 87 66 ar.
684 515 87 66 vbi
733 515 124 66 dicit:
820 515 99 66 quod
882 515 74 66 si
920 515 99 66 luna
982 515 112 66 esset
1056 515 136 66 equalis
1143 515 161 66 perfectonis

388 563 78 56 cum
433 563 90 56 sole
489 563 78 56 non
533 563 112 56 essent
612 563 78 56 sol
657 563 67 56 et
690 563 101 56 luna:
757 563 78 56 sed
802 563 78 56 duo
847 563 112 56 soles:
925 563 67 56 et
959 563 78 56 per
1004 563 157 56 consequens
1127 563 78 56 non
1172 563 112 56 essent
1239 563 56 56 di-

387 607 149 54 uersarum
499 607 174 54 specierum:
635 607 87 54 sed
685 607 149 54 eiusdem.
797 607 87 54 sic
847 607 87 54 nec
897 607 87 54 duo
947 607 137 54 agentia
1046 607 174 54 diuersarum
1171 607 124 54 rationum

386 651 123 60 possunt
476 651 90 60 esse
532 651 123 60 equalia
621 651 67 60 in
655 651 112 60 actiua
734 651 135 60 virtute:
835 651 90 60 quod
891 651 79 60 est
936 651 168 60 specialiter
1071 651 101 60 verum
1138 651 79 60 est
1183 651 67 60 de
1205 651 90 60 contra

390 694 118 62 riis:
468 694 144 62 quoniam
573 694 78 62 si
612 694 131 62 aliqua
704 694 144 62 equalia
808 694 131 62 essent
900 694 196 62 approximata
1057 694 92 62 non
1109 694 118 62 mutuo
1174 694 118 62 agerent

383 745 77 48 et
422 745 103 48 ideo
486 745 103 48 quod
551 745 129 48 dicunt
641 745 129 48 aliqui
731 745 90 48 duo
783 745 129 48 actiua
873 745 103 48 vnum
938 745 219 48 frigidissimum
1118 745 77 48 et
1157 745 142 48 alterum
1247 745 52 48 ca

383 780 178 55 lidissimum
523 780 102 55 esse
587 780 140 55 equalia
689 780 76 55 in
727 780 127 55 agendo
816 780 127 55 falsum
905 780 89 55 est
956 780 153 55 penitus.
1070 780 89 55 hoc
1121 780 102 55 ergo
1172 780 127 55 supposi-

392 835 79 47 to
431 835 196 47 supponendum
588 835 92 47 est
641 835 92 47 est
693 835 118 47 illud
771 835 131 47 mimmum
863 835 92 47 non
915 835 105 47 esse
981 835 170 47 equaliter
1112 835 183 47 dispositum
1243 835 52 47 ad

391 868 100 54 illas
458 868 111 54 formas
536 868 156 54 contrarias
658 868 89 54 quae
714 868 123 54 suppotn
803 868 111 54 estiat
881 868 78 54 est
925 868 167 54 necessaria:
1059 868 123 54 quoniam
1148 868 134 54 formarum
1237 868 56 54 di-

390 910 145 55 uersarum
499 910 145 55 rationum
607 910 72 55 et
643 910 169 55 necessario
776 910 133 55 diuerse
873 910 97 55 sunt
933 910 133 55 propria
1029 910 181 55 susteptiua.
1174 910 72 55 et
1210 910 72 55 si
1235 910 72 55 idem

387 957 86 59 sit
436 957 159 59 vtriusque
558 957 196 59 susceptiuum:
717 957 86 59 non
766 957 110 59 tamen
839 957 98 59 eque
901 957 159 59 proprium:
1023 957 86 59 aut
1072 957 98 59 ergo
1133 957 110 59 illud
1194 957 98 59 medium

386 991 136 62 mimum
477 991 106 62 est
537 991 136 62 magis
628 991 212 62 dispositum
794 991 106 62 vel
855 991 136 62 minus
945 991 212 62 dispositum
1111 991 91 62 ad
1142 991 166 62 suscipien

386 1044 88 54 dum
437 1044 164 54 effcntium
563 1044 201 54 virtuosioris
726 1044 138 54 agentis
827 1044 88 54 aut
877 1044 113 54 equa.
952 1044 75 54 si
990 1044 101 54 sic:
1053 1044 101 54 dico
1116 1044 101 54 quod
1179 1044 113 54 agens
1242 1044 50 54 ma

391 1087 122 51 ioris
473 1087 163 51 virtutis
595 1087 109 51 aget
663 1087 81 51 in
704 1087 122 51 totum
785 1087 122 51 illud
867 1087 149 51 mirmum:
975 1087 81 51 et
1016 1087 122 51 aliud
1097 1087 122 51 agens
1179 1087 95 51 non
1220 1087 81 51 aget

385 1131 81 54 in
426 1131 122 54 illud
508 1131 149 54 mimmum:
616 1131 95 54 sed
671 1131 136 54 tantum
766 1131 163 54 impediet
888 1131 163 54 actionem
1010 1131 149 54 agentis
1105 1131 204 54 virtuosioris:

383 1179 91 51 non
435 1179 130 51 quidem
526 1179 78 51 vt
564 1179 91 51 non
616 1179 117 51 agat:
694 1179 91 51 sed
746 1179 78 51 ne
785 1179 91 51 ita
837 1179 143 51 intense
940 1179 104 51 agat
1005 1179 117 51 sicut
1083 1179 130 51 ageret
1173 1179 104 51 illo
1225 1179 65 51 non

383 1224 174 54 praesente.
519 1224 87 54 nec
569 1224 87 54 hoc
619 1224 112 54 debet
693 1224 124 54 videri
780 1224 199 54 inconueniens
942 1224 87 54 cum
992 1224 87 54 per
1041 1224 199 54 experientiam
1191 1224 99 54 videam

396 1274 87 44 quod
451 1274 109 44 quando
527 1274 87 44 vnum
582 1274 153 44 contrarium
702 1274 153 44 propinquum
822 1274 76 44 est
865 1274 65 44 in
898 1274 87 44 situ
953 1274 109 44 alteri
1029 1274 153 44 contrario:
1149 1274 65 44 et
1182 1274 131 44 vtrumque

387 1304 134 52 actiuum
484 1304 146 52 vtrumque
594 1304 146 52 debilius
704 1304 98 52 agit
765 1304 134 52 propter
862 1304 183 52 praesentiam
1008 1304 146 52 alterius
1118 1304 73 52 in
1155 1304 122 52 passum
1228 1304 73 52 sibi

385 1354 246 50 approximatum.
587 1354 130 50 sicut
674 1354 130 50 patet
761 1354 87 50 in
805 1354 130 50 hyeme
891 1354 116 50 quod
964 1354 116 50 aqua
1036 1354 174 50 apposita
1167 1354 116 50 igni
1225 1354 72 50 non

392 1396 85 51 sic
441 1396 97 51 cito
501 1396 134 51 calefit
599 1396 134 51 propter
696 1396 110 51 aerem
769 1396 146 51 frigidum
879 1396 183 51 propinquum:
1025 1396 110 51 sicut
1098 1396 73 51 in
1135 1396 122 51 estate
1208 1396 85 51 quond

388 1436 89 56 aer
439 1436 89 56 non
490 1436 89 56 est
540 1436 89 56 sic
591 1436 164 56 frigidus.
717 1436 76 56 et
755 1436 114 56 sicut
831 1436 101 56 tunc
894 1436 177 56 contrarium
1033 1436 152 56 debilius
1147 1436 89 56 non
1198 1436 101 56 aget
1248 1436 51 56 in

383 1480 132 51 medium
475 1480 119 51 illud
554 1480 145 51 mirmum:
660 1480 92 51 sic
713 1480 106 51 dico
779 1480 106 51 quod
845 1480 119 51 etiam
924 1480 92 51 non
977 1480 106 51 aget
1043 1480 79 51 in
1083 1480 158 51 reliquum
1188 1480 106 51 contra

382 1530 103 49 rium:
450 1530 126 49 quamuis
542 1530 149 49 econverso
657 1530 103 49 agens
726 1530 126 49 fortius
818 1530 92 49 agat
875 1530 69 49 in
910 1530 103 49 ipsum
979 1530 161 49 remittendo
1105 1530 92 49 eius
1151 1530 138 49 contrariam

384 1571 225 53 quaelitatem.
567 1571 84 53 Si
609 1571 113 53 vero
679 1571 127 53 illud
764 1571 141 53 medium
862 1571 127 53 mimum
946 1571 127 53 magis
1031 1571 98 53 sit
1087 1571 197 53 dispositum
1242 1571 84 53 ad

380 1614 149 54 actionem
491 1614 174 54 debilioris
628 1614 174 54 contrarii:
764 1614 99 54 tunc
826 1614 112 54 esset
901 1614 211 54 considerandum
1075 1614 74 54 an
1112 1614 112 54 tanto
1186 1614 112 54 esset
1248 1614 50 54 ma

384 1655 95 57 gis
439 1655 189 57 dispositum
587 1655 81 57 ad
628 1655 108 57 eius
696 1655 162 57 actionem
817 1655 108 57 quod
885 1655 203 57 considerata
1047 1655 203 57 proportione
1196 1655 95 57 virtu

389 1709 93 44 tis
442 1709 133 44 actiue
535 1709 212 44 virtuosioris
707 1709 172 44 contrarii
840 1709 80 44 ad
880 1709 146 44 vitutem
986 1709 186 44 debilioris
1132 1709 80 44 et
1158 1709 146 44 vtriusque

391 1742 83 50 ad
433 1742 235 50 dispositionem
627 1742 138 50 illius
723 1742 125 50 medii
807 1742 138 50 potius
903 1742 111 50 eius
973 1742 166 50 defectus
1097 1742 152 50 deberet
1194 1742 111 50 induci

393 1785 75 57 vel
436 1785 118 57 econtra
522 1785 64 57 et
554 1785 129 57 secundum
651 1785 75 57 hoc
694 1785 75 57 vel
737 1785 97 57 illud
801 1785 97 57 esset
866 1785 182 57 respondendum.
1037 1785 64 57 Ad
1070 1785 64 57 8m
1102 1785 129 57 dicendum
1198 1785 86 57 quod
1241 1785 54 57 hoc

389 1829 99 52 nomen
455 1829 153 52 contrarium
575 1829 77 52 vel
619 1829 142 52 contraria
729 1829 153 52 dupliciter
849 1829 142 52 accipitur
959 1829 120 52 quantum
1046 1829 66 52 ad
1079 1829 153 52 propositum
1188 1829 110 52 sufficit

394 1865 76 66 Nam
438 1865 76 66 vno
481 1865 87 66 modo
535 1865 130 66 dicuntur
633 1865 141 66 contrarie
741 1865 119 66 aliquao
828 1865 98 66 forme
893 1865 98 66 extra
959 1865 109 66 animam
1035 1865 152 66 existentes
1154 1865 130 66 potentes
1241 1865 54 66 sue

392 1914 132 52 cessiue
488 1914 108 52 eidem
560 1914 120 52 inesse
643 1914 72 52 et
679 1914 132 52 numquam
775 1914 120 52 simul.
859 1914 108 52 sicut
931 1914 132 52 dicimus
1027 1914 96 52 quod
1086 1914 156 52 caliditas
1206 1914 72 52 et
1230 1914 72 52 fri-

381 1960 123 61 giditas
470 1960 89 61 sunt
526 1960 101 61 forme
593 1960 156 61 contrarie.
716 1960 101 61 Alius
783 1960 134 61 dicuntur
884 1960 145 61 contraria
995 1960 112 61 quidam
1074 1960 123 61 termini
1163 1960 78 61 qui
1196 1960 101 61 signifi

387 2009 140 44 catiue
485 2009 140 44 sumpti
583 2009 154 44 possunt
695 2009 196 44 successiue
849 2009 84 44 de
890 2009 126 44 eodem
974 2009 98 44 pro
1030 2009 126 44 eodem
1114 2009 196 44 verificari
1254 2009 56 44 et

381 2048 129 49 numquam
475 2048 117 49 simul.
557 2048 70 49 et
592 2048 94 49 isti
651 2048 94 49 sunt
709 2048 70 49 in
745 2048 129 49 duplici
838 2048 176 49 differentia
979 2048 94 49 quia
1037 2048 117 49 quidam
1120 2048 176 49 significant
1248 2048 59 49 res

380 2090 161 60 contrarias
507 2090 104 60 primo
576 2090 104 60 modo:
646 2090 115 60 quales
726 2090 92 60 sunt
784 2090 92 60 isti
841 2090 127 60 termini
934 2090 127 60 calitem
1026 2090 138 60 frigidum
1130 2090 115 60 siccum
1210 2090 69 60 et
1233 2090 81 60 hubui

380 2137 91 51 dum:
436 2137 113 51 quidam
516 2137 91 51 vero
572 2137 79 51 non
618 2137 102 51 signi
686 2137 113 51 ficant
765 2137 79 51 res
810 2137 159 51 contrarias
935 2137 102 51 primo
1003 2137 91 51 modo
1060 2137 68 51 et
1094 2137 68 51 in
1128 2137 79 51 hoc
1173 2137 102 51 gradu
1230 2137 68 51 sunt

380 2180 117 50 moueri
462 2180 117 50 sursum
545 2180 70 50 et
580 2180 129 50 deorsum
674 2180 70 50 eo
709 2180 94 50 modo
768 2180 117 50 sumpti
850 2180 94 50 quae
909 2180 129 50 possunt
1003 2180 94 50 dici
1061 2180 164 50 contrarii:
1191 2180 70 50 vt
1214 2180 94 50 infra-

376 2228 159 49 dicetur.
495 2228 79 49 et
535 2228 106 49 quia
601 2228 106 49 isti
667 2228 146 49 termini
773 2228 119 49 motus
853 2228 132 49 sursum
945 2228 79 49 et
985 2228 119 49 motus
1065 2228 159 49 deorsum:
1184 2228 106 49 siue
1237 2228 66 49 mo-

380 2265 98 49 ueri
441 2265 122 49 sursum
526 2265 73 49 et
563 2265 122 49 moueri
648 2265 134 49 deorsum
746 2265 85 49 non
795 2265 183 49 significant
942 2265 110 49 talia
1015 2265 159 49 contraria
1137 2265 110 49 extra
1198 2265 110 49 animam:

391 2314 65 48 de
424 2314 108 48 quibus
499 2314 97 48 supra
564 2314 119 48 sermdmo
650 2314 75 48 est
693 2314 129 48 habitus.
790 2314 86 48 ideo
844 2314 140 48 argumenta
951 2314 86 48 quae
1005 2314 97 48 fiunt
1070 2314 65 48 de
1102 2314 119 48 talibus
1178 2314 129 48 contrariis

386 2354 90 54 non
437 2354 103 54 sunt
502 2354 141 54 directe
604 2354 77 54 ad
642 2354 192 54 propositum.
796 2354 77 54 Ne
835 2354 115 54 tamen
912 2354 90 54 hec
963 2354 103 54 fuga
1027 2354 128 54 quadam
1117 2354 167 54 videatur.
1232 2354 64 54 di-

385 2400 68 54 co
419 2400 68 54 ad
453 2400 170 54 argumentum:
589 2400 91 54 quod
646 2400 80 54 nec
691 2400 80 54 est
737 2400 80 54 hoc
782 2400 91 54 modo
839 2400 125 54 sumendo
930 2400 148 54 contraria
1044 2400 148 54 concludit
1146 2400 102 54 argueut

385 2438 88 59 ria
436 2438 101 59 ista
499 2438 113 59 simul
574 2438 76 59 de
612 2438 113 59 eodem
688 2438 88 59 pro
738 2438 113 59 eodem
814 2438 189 59 verificari.
965 2438 101 59 vnde
1028 2438 151 59 sciendum
1141 2438 101 59 quod
1192 2438 113 59 aliquid

377 2494 120 46 moueri
461 2494 120 46 sursum
544 2494 84 46 vel
592 2494 132 46 deorsum
688 2494 120 46 potest
772 2494 167 46 dupliciter
903 2494 155 46 intelligi
1023 2494 144 46 scilicet
1131 2494 179 46 simpliciter
1262 2494 48 46 et

388 2531 78 53 in
427 2531 181 53 respectum.
569 2531 194 53 Simpliciter
724 2531 129 53 moueri
815 2531 129 53 sursum
905 2531 142 53 dicitur
1009 2531 116 53 illud
1086 2531 103 53 quod
1151 2531 90 53 dum
1190 2531 103 53 mouetr

380 2573 94 49 fit
433 2573 174 49 propinqus
567 2573 107 49 loco
635 2573 201 49 simpliciter
796 2573 148 49 sursum.
903 2573 81 49 Et
943 2573 121 49 illud
1024 2573 148 49 dicitur
1131 2573 134 49 moueri
1211 2573 81 49 deor

385 2616 91 49 sum
437 2616 194 49 simpliciter
592 2616 104 49 quod
657 2616 91 49 fit
709 2616 168 49 propinqus
839 2616 104 49 loco
903 2616 194 49 simpliciter
1059 2616 143 49 deorsum
1162 2616 104 49 siue
1214 2616 91 49 cetro

388 2665 129 51 mundi.
478 2665 90 51 Sed
530 2665 129 51 moueri
620 2665 129 51 sursum
710 2665 77 51 in
749 2665 168 51 respectum
878 2665 142 51 dicitur
981 2665 116 51 illud
1058 2665 103 51 quod
1123 2665 90 51 fit
1161 2665 142 51 propinqus

395 2706 196 51 extremitati
551 2706 157 51 alicuius
669 2706 157 51 corporis
786 2706 130 51 versus
878 2706 143 51 sursum.
982 2706 78 51 Et
1021 2706 170 51 similiter
1152 2706 117 51 illud
1217 2706 78 51 quod

394 2747 96 51 fit
449 2747 179 51 propinqus
587 2747 206 51 extremitati
751 2747 179 51 inferiori
889 2747 151 51 dicitur
999 2747 137 51 moueri
1095 2747 151 51 deorsum
1205 2747 82 51 in
1232 2747 69 51 re-

392 2793 135 53 spectu
486 2793 81 53 ad
526 2793 135 53 corpus
620 2793 135 53 illud.
715 2793 108 53 Nunc
782 2793 121 53 autem
863 2793 121 53 motus
944 2793 202 53 simpliciter
1105 2793 135 53 sursum
1199 2793 94 53 non
1240 2793 67 53 est

388 2836 182 52 contrarius
531 2836 117 52 motui
609 2836 143 52 deorsum
713 2836 78 52 in
752 2836 156 52 respetu:
869 2836 91 52 seu
921 2836 91 52 sic
973 2836 130 52 moueri
1064 2836 130 52 sursum
1155 2836 78 52 et
1181 2836 117 52 deorsum

386 2880 94 53 sed
439 2880 134 53 moueri
533 2880 134 53 sursum
626 2880 201 53 simpliciter
787 2880 80 53 et
827 2880 134 53 moueri
921 2880 147 53 deorsum
1028 2880 201 53 simpliciter
1188 2880 134 53 eodemo

390 2926 108 51 infra
462 2926 193 51 declarabitur
619 2926 133 51 possunt
715 2926 133 51 concedi
812 2926 96 51 esse
872 2926 169 51 contraria.
1029 2926 96 51 Tunc
1089 2926 72 51 ad
1125 2926 108 51 illud
1198 2926 96 51 quod
1246 2926 48 51 as

395 2967 146 47 sumitur
501 2967 93 47 est
554 2967 173 47 dicendum:
687 2967 106 47 quod
754 2967 93 47 vel
807 2967 120 47 motus
887 2967 133 47 lancee
980 2967 93 47 est
1033 2967 160 47 velocior
1153 2967 133 47 versus
1233 2967 66 47 sur

387 3015 96 48 sum
442 3015 110 48 quam
511 3015 124 48 motus
593 3015 124 48 musce
676 3015 124 48 super
758 3015 151 48 lanceam
868 3015 137 48 versus
964 3015 165 48 deorsum:
1087 3015 96 48 vel
1142 3015 96 48 est
1183 3015 124 48 tardior

385 3058 95 70 vel
440 3058 149 70 equalis
548 3058 109 70 illi
616 3058 81 70 in
657 3058 204 70 velocitate.
820 3058 81 70 Si
860 3058 122 70 primo
942 3058 122 70 modo:
1023 3058 109 70 tunc
1091 3058 109 70 dico
1159 3058 109 70 quod
1213 3058 95 70 musca

1342 247 141 63 mouetur
1445 247 192 63 simpliciter
1598 247 141 63 sursum:
1701 247 102 63 quia
1765 247 90 63 per
1816 247 115 63 motum
1893 247 128 63 lancee
1982 247 90 63 fit
2033 247 192 63 propinquior
2174 247 77 63 loco

1354 291 180 56 simpliciter
1498 291 132 56 sursum:
1593 291 96 56 quam
1653 291 96 56 erat
1713 291 120 56 prius:
1797 291 84 56 non
1845 291 108 56 autem
1917 291 132 56 mouetur
2013 291 132 56 deorsum
2096 291 156 56 simpliciter

1346 338 84 52 sed
1394 338 120 52 tantum
1478 338 72 52 in
1515 338 169 52 respectum:
1647 338 96 52 quia
1707 338 84 52 non
1755 338 84 52 fit
1803 338 181 52 propinquior
1948 338 96 52 loco
2008 338 181 52 simpliciter
2141 338 120 52 deorsum:

1342 380 104 63 quam
1407 380 104 63 erat
1472 380 130 63 prius:
1563 380 143 63 quamuis
1667 380 104 63 fiat
1732 380 195 63 propinquior
1888 380 195 63 extremitati
2044 380 130 63 lancee
2135 380 104 63 quae
2187 380 65 63 est

1342 429 129 46 versus
1433 429 155 46 centrum.
1549 429 78 46 Si
1588 429 78 46 2o
1627 429 103 46 modo
1691 429 103 46 dico
1756 429 103 46 quod
1820 429 116 46 musca
1898 429 142 46 mouetur
2001 429 194 46 simpliciter
2144 429 116 46 deorsum

1355 474 75 47 et
1392 474 137 47 mouetur
1492 474 125 47 sursum
1579 474 75 47 in
1617 474 175 47 respectum:
1754 474 137 47 quoniam
1854 474 100 47 ipsa
1917 474 87 47 fit
1967 474 187 47 propinquior
2117 474 125 47 cetro:
2192 474 62 47 non

1342 510 113 55 autem
1418 510 101 55 loco
1481 510 189 55 simpliciter
1632 510 138 55 sursum:
1732 510 138 55 quamuis
1833 510 101 55 fiat
1896 510 189 55 propinquior
2047 510 164 55 superiori
2160 510 101 55 extre-

1348 560 114 59 mitati
1428 560 126 59 lancee.
1519 560 69 59 Si
1553 560 91 59 vero
1610 560 69 59 3o
1644 560 91 59 modo
1702 560 137 59 moueatur
1804 560 137 59 scilicet
1907 560 103 59 equae
1976 560 160 59 velociter.
2101 560 91 59 tunc
2147 560 114 59 dicendum

1343 605 100 51 quod
1405 605 112 51 musca
1480 605 87 51 non
1529 605 137 51 mouetur
1629 605 187 51 simpliciter
1779 605 137 51 sursum:
1878 605 87 51 nec
1928 605 187 51 simpliciter
2078 605 112 51 debet
2152 605 100 51 dici
2202 605 50 51 mo

1343 642 104 56 ueri
1408 642 156 56 deorsum:
1525 642 78 56 eo
1564 642 104 56 quod
1630 642 130 56 semper
1721 642 169 56 equaliter
1851 642 130 56 distet
1942 642 65 56 a
1968 642 104 56 loco
2034 642 130 56 sursum
2125 642 78 56 et
2164 642 65 56 a
2177 642 78 56 loco

1346 684 153 57 deorsum:
1461 684 89 57 sed
1512 684 114 57 solum
1588 684 114 57 mouet
1664 684 140 57 deorsum
1766 684 153 57 secundum
1880 684 114 57 quid.
1957 684 102 57 siue
2020 684 76 57 in
2058 684 178 57 respectum:
2185 684 64 57 ess

1341 730 108 64 quod
1409 730 176 64 respectum
1545 730 135 64 lancee
1639 730 122 64 cuius
1721 730 203 64 extremitati
1883 730 176 64 inferiori
2018 730 122 64 musca
2100 730 95 64 fit
2140 730 122 64 propin-

1352 772 105 61 quior
1422 772 105 61 musca
1493 772 129 61 mouetur
1586 772 140 61 deorsum.
1691 772 70 61 et
1726 772 82 61 sic
1773 772 105 61 patet
1843 772 93 61 quod
1901 772 152 61 contraria
2018 772 82 61 non
2065 772 105 61 simul
2123 772 129 61 verifica-

1344 818 95 55 tur
1399 818 81 55 de
1439 818 95 55 ea.
1520 818 81 55 Ad
1561 818 81 55 id
1602 818 108 55 quod
1669 818 149 55 additur
1777 818 81 55 de
1818 818 122 55 anima
1899 818 135 55 humana
1994 818 162 55 dicendum
2116 818 108 55 quod
2170 818 81 55 isti

1350 861 159 52 termini
1465 861 144 52 moueri
1566 861 144 52 sursum
1667 861 87 52 et
1710 861 144 52 moueri
1811 861 159 52 deorsum
1926 861 101 52 non
1984 861 115 52 sunt
2056 861 187 52 contrarii
2186 861 72 52 re-

1356 902 115 64 spectu
1436 902 92 64 eius
1494 902 92 64 quod
1551 902 127 64 mouetur
1643 902 115 64 tantum
1724 902 81 64 per
1770 902 150 64 accidens.
1885 902 104 64 anima
1954 902 92 64 vero
2011 902 115 64 humana
2092 902 115 64 tantum
2172 902 81 64 per
2207 902 58 64 ac-

1347 947 140 56 cidens
1445 947 154 56 mouetur
1557 947 140 56 sursum
1654 947 84 56 et
1696 947 154 56 deorsum
1808 947 98 56 dum
1864 947 98 56 est
1920 947 154 56 corpori
2032 947 196 56 comiuncta.
2171 947 84 56 ideo

1345 999 160 46 argumentum
1470 999 80 46 non
1516 999 80 46 est
1562 999 69 46 ad
1596 999 172 46 propositum.
1757 999 69 46 Ad
1791 999 92 46 qium
1848 999 137 46 dicendum
1951 999 92 46 quod
2008 999 114 46 aliqui
2088 999 126 46 termini
2169 999 114 46 dicuntur

1357 1036 139 75 ontrarii
1462 1036 139 75 respectu
1567 1036 128 75 generis
1660 1036 198 75 praedicabilis
1822 1036 116 75 quales
1904 1036 93 75 sunt
1962 1036 174 75 differentie
2101 1036 163 75 diuidentes
2218 1036 46 75 ex

1347 1089 162 44 opposito
1469 1089 108 44 idem
1537 1089 108 44 gen.
1604 1089 135 44 Quidam
1699 1089 108 44 vero
1766 1089 162 44 dicuntur
1888 1089 176 44 contrarii
2023 1089 176 44 respectum
2144 1089 122 44 generis

1335 1125 217 51 subiicibilis
1512 1125 108 51 siue
1579 1125 176 51 respectum
1715 1125 176 51 subiecti.
1850 1125 81 51 Et
1891 1125 108 51 isti
1958 1125 108 51 sunt
2026 1125 95 51 qui
2080 1125 190 51 successiue
2216 1125 54 51 et

1341 1165 84 57 non
1389 1165 108 57 simul
1461 1165 132 57 possunt
1557 1165 72 57 de
1593 1165 108 57 eodem
1665 1165 84 57 pro
1713 1165 108 57 eodem
1785 1165 180 57 verificari.
1928 1165 72 57 vt
1964 1165 132 57 proxime
2060 1165 120 57 dictum
2144 1165 96 57 est.
2192 1165 72 57 ter-

1342 1211 88 51 mini
1397 1211 99 51 primo
1463 1211 143 51 contrarii
1573 1211 132 51 dicuntur
1672 1211 143 51 contrarii
1782 1211 132 51 respectu
1880 1211 154 51 cuiuslibet
2001 1211 121 51 speciei
2089 1211 110 51 illius
2155 1211 99 51 generis

1350 1252 67 54 eo
1383 1252 89 54 quod
1439 1252 78 54 non
1484 1252 89 54 ambe
1540 1252 101 54 tales
1607 1252 168 54 differentie
1741 1252 123 54 intrare
1831 1252 123 54 possunt
1920 1252 190 54 diffinitionem
2077 1252 123 54 eiusdem
2155 1252 112 54 speciei.

1343 1294 83 58 Sed
1391 1294 83 58 non
1438 1294 143 58 dicuntur
1545 1294 166 58 contrarii:
1676 1294 95 58 quia
1735 1294 83 58 non
1783 1294 131 58 possunt
1878 1294 166 58 verificari
2009 1294 71 58 de
2044 1294 154 58 speciebus
2151 1294 119 58 supponen

1350 1341 111 54 tibus
1423 1341 86 54 pro
1473 1341 160 54 aliquibus
1596 1341 111 54 rebus
1669 1341 197 54 existentibus
1829 1341 111 54 simul
1903 1341 74 54 in
1940 1341 111 54 eodem
2014 1341 160 54 subiecto.
2137 1341 98 54 nunc
2186 1341 86 54 autem

1353 1394 169 49 argumentum
1486 1394 121 49 probat
1570 1394 85 49 hoc
1619 1394 72 49 2m
1655 1394 72 49 et
1691 1394 85 49 non
1739 1394 133 49 primum.
1860 1394 72 49 Ad
1896 1394 109 49 xemum
1969 1394 97 49 nego
2029 1394 181 49 antecedens.
2174 1394 72 49 Ad
2198 1394 85 49 proba

1345 1427 128 59 tionem
1435 1427 115 59 dico:
1512 1427 103 59 quod
1576 1427 77 59 si
1614 1427 179 59 temperatus
1755 1427 141 59 eliciat
1858 1427 103 59 actu
1922 1427 115 59 malum
1999 1427 167 59 oppositum
2127 1427 115 59 actui
2191 1427 64 59 tem

1353 1472 148 59 perantie
1464 1472 86 59 per
1513 1472 111 59 illum
1587 1472 111 59 actum
1661 1472 111 59 nulla
1735 1472 111 59 forma
1809 1472 173 59 inducetur:
1944 1472 86 59 sed
1994 1472 123 59 tantum
2080 1472 123 59 virtus
2154 1472 111 59 praexi-

1349 1516 113 52 stens
1424 1516 150 52 secundum
1536 1516 138 52 aliquem
1636 1516 125 52 gradum
1724 1516 188 52 remittitur.
1874 1516 75 52 Si
1911 1516 113 52 tamen
1986 1516 113 52 actus
2061 1516 100 52 iste
2124 1516 125 52 fuerit
2199 1516 63 52 tam

1347 1568 142 47 fortis
1446 1568 85 47 vt
1489 1568 128 47 illam
1574 1568 142 47 possit
1673 1568 198 47 remittere.
1829 1568 99 47 Nam
1885 1568 142 47 posset
1985 1568 113 47 esse
2055 1568 99 47 sic
2112 1568 156 47 debilis
2211 1568 57 47 et

1353 1607 148 57 remissus:
1466 1607 68 57 vt
1500 1607 80 57 nec
1546 1607 80 57 eta
1591 1607 102 57 ipsam
1660 1607 171 57 remitteret.
1796 1607 91 57 Quod
1853 1607 91 57 vero
1910 1607 114 57 contra
1989 1607 80 57 hoc
2035 1607 102 57 ditur
2103 1607 136 57 scilicet
2194 1607 57 57 quo

1348 1650 104 58 tunc
1413 1650 130 58 nullus
1504 1650 117 58 actus
1583 1650 117 58 alius
1661 1650 143 58 aliquid
1765 1650 183 58 induceret.
1909 1650 157 58 dicendum
2026 1650 104 58 quod
2091 1650 130 58 nullus
2170 1650 91 58 alius

1341 1693 126 53 actus
1425 1693 154 53 inducit
1537 1693 154 53 aliquid
1650 1693 98 53 dum
1706 1693 140 53 virtus
1804 1693 140 53 manet:
1902 1693 98 53 sed
1958 1693 112 53 quod
2028 1693 168 53 corrupta
2141 1693 126 53 virtute

1346 1734 130 56 nullus
1437 1734 117 56 alius
1515 1734 117 56 actus
1593 1734 143 56 aliquid
1697 1734 117 56 vicii
1775 1734 156 56 inducat:
1891 1734 91 56 non
1943 1734 169 56 sequitur.
2073 1734 78 56 Si
2112 1734 104 56 ergo
2164 1734 104 56 debeat

1345 1781 135 54 induci
1439 1781 148 54 vicium:
1547 1781 175 54 oportebit
1682 1781 121 54 prius
1763 1781 148 54 remitti
1870 1781 175 54 virtutem:
2005 1781 81 54 et
2046 1781 135 54 tandem
2127 1781 148 54 corrumpi:

1350 1825 73 49 et
1386 1825 73 49 in
1423 1825 146 49 instanti
1533 1825 85 49 quo
1582 1825 122 49 virtus
1667 1825 110 49 primo
1740 1825 98 49 erit
1801 1825 159 49 totaliter
1923 1825 159 49 corrupta:
2045 1825 134 49 aliquid
2143 1825 110 49 vicii
2204 1825 61 49 vel

1350 1869 188 56 dispositionis
1505 1869 89 56 quae
1560 1869 89 56 fiet
1616 1869 111 56 vicium
1693 1869 89 56 erit
1749 1869 144 56 inductum.
1859 1869 78 56 nec
1904 1869 78 56 est
1948 1869 177 56 consequentia
2092 1869 122 56 aliqua:
2180 1869 89 56 quod
2225 1869 44 56 si

1352 1920 120 48 stante
1436 1920 155 48 qualitate
1555 1920 155 48 contraria
1675 1920 72 48 in
1711 1920 144 48 subiecto
1819 1920 84 48 non
1866 1920 155 48 inducitur
1986 1920 132 48 aliquid
2082 1920 167 48 contrariu:
2201 1920 72 48 quod

1358 1959 111 50 etiam
1432 1959 99 50 ipsa
1494 1959 87 50 non
1543 1959 124 50 stante
1630 1959 87 50 non
1679 1959 161 50 inducatur
1803 1959 185 50 contrarium.
1951 1959 74 50 Si
1988 1959 111 50 tamen
2062 1959 124 50 primus
2149 1959 111 50 actus
2211 1959 49 50 ma

1353 2002 100 49 lus
1410 2002 100 49 tam
1467 2002 172 49 vehemens
1596 2002 86 49 et
1639 2002 172 49 intensus
1768 2002 143 49 esset:
1869 2002 86 49 vt
1912 2002 129 49 totam
1998 2002 172 49 virtutem
2112 2002 158 49 corrumpe-

1349 2038 96 58 ret:
1409 2038 144 58 dicendum
1517 2038 120 58 esset:
1602 2038 96 58 quod
1662 2038 108 58 etiam
1734 2038 96 58 tunc
1794 2038 156 58 induceret
1914 2038 156 58 oppositam
2034 2038 132 58 formam:
2131 2038 84 58 sed
2179 2038 84 58 nec
2215 2038 48 58 si

1344 2097 142 49 contraria
1453 2097 109 49 forent
1530 2097 109 49 simul.
1628 2097 66 49 Ad
1661 2097 98 49 auct.
1727 2097 87 49 Aug.
1781 2097 131 49 dicendum
1880 2097 87 49 quod
1934 2097 87 49 ille
1989 2097 77 49 non
2033 2097 131 49 loprnrie
2131 2097 66 49 de
2153 2097 131 49 contrariis

1342 2132 74 50 in
1379 2132 111 50 eodem
1452 2132 148 50 subiecto
1563 2132 111 50 primo
1637 2132 86 50 sed
1686 2132 74 50 de
1723 2132 172 50 contrariis
1858 2132 74 50 in
1895 2132 148 50 diuersis
2006 2132 148 50 partibus
2116 2132 135 50 eiusdem
2203 2132 61 50 to-

1344 2172 129 57 tius.
1429 2172 143 57 vtputa
1530 2172 86 57 in
1572 2172 172 57 diuersis
1701 2172 143 57 mebris
1801 2172 86 57 in
1844 2172 157 57 corpore
1958 2172 172 57 animalis
2073 2172 200 57 qualitatibus

1356 2215 152 52 inuicem
1467 2215 194 52 contrariis
1619 2215 111 52 bene
1688 2215 194 52 temperatis
1841 2215 111 52 bona
1910 2215 194 52 corporalis
2062 2215 166 52 valitudo
2173 2215 97 52 consi

1349 2260 119 51 stit:
1428 2260 79 51 et
1467 2260 119 51 istud
1546 2260 119 51 satis
1625 2260 132 51 potest
1718 2260 119 51 trahi
1797 2260 79 51 ex
1836 2260 237 51 praecedentibus
2034 2260 145 51 verbis.
2165 2260 79 51 Ad
2192 2260 92 51 alias

1351 2308 157 49 auctoris.
1472 2308 157 49 probantes
1592 2308 97 49 quod
1653 2308 72 49 in
1689 2308 121 49 colore
1773 2308 109 49 medio
1846 2308 97 49 sunt
1906 2308 169 49 contraria.
2039 2308 133 49 Duendum
2135 2308 97 49 quod
2184 2308 84 49 color

1345 2346 102 57 medius
1416 2346 143 57 dupliciter
1529 2346 102 57 potest
1601 2346 102 57 accipi
1673 2346 123 57 scilicet
1765 2346 72 57 sed
1806 2346 133 57 veritatem
1908 2346 61 57 et
1939 2346 164 57 existentiam:
2072 2346 61 57 et
2103 2346 123 57 secundum
2185 2346 92 57 apparem

1344 2390 84 55 tiam
1397 2390 95 55 solum
1460 2390 95 55 primo
1523 2390 95 55 color
1586 2390 105 55 medius
1660 2390 74 55 est
1702 2390 95 55 color
1765 2390 126 55 secundum
1860 2390 137 55 essentiam
1965 2390 74 55 per
2007 2390 63 55 se
2038 2390 95 55 vnus:
2101 2390 95 55 cuius
2154 2390 105 55 quaelibe

1360 2435 167 60 particula
1489 2435 154 60 cuilibet
1604 2435 129 60 alteri
1694 2435 167 60 particule
1823 2435 154 60 eiusdem:
1939 2435 77 60 ac
1977 2435 103 60 ipsi
2042 2435 103 60 toti
2106 2435 90 60 est
2144 2435 129 60 vnigenea

1352 2492 67 40 et
1385 2492 78 40 est
1430 2492 133 40 alterius
1529 2492 122 40 speciei
1618 2492 67 40 ab
1652 2492 122 40 vtroque
1740 2492 166 40 extremorum:
1873 2492 78 40 vt.
1918 2492 111 40 dicens
1995 2492 200 40 Commentatoris.
2162 2492 67 40 6.
2195 2492 89 40 phy.
2240 2492 44 40 eo

1362 2523 71 54 et
1398 2523 83 54 hoc
1445 2523 107 54 color
1517 2523 83 54 est
1565 2523 119 54 medius
1648 2523 83 54 non
1695 2523 119 54 quidem
1779 2523 83 54 per
1826 2523 202 54 compositionem
1993 2523 71 54 ex
2029 2523 179 54 simplicibus
2160 2523 107 54 colori-

1348 2570 90 52 bus
1399 2570 166 52 extremis:
1527 2570 141 52 quoniam
1630 2570 90 52 sic
1681 2570 90 52 non
1732 2570 115 52 esset
1809 2570 77 52 in
1847 2570 77 52 se
1885 2570 90 52 per
1936 2570 77 52 se
1975 2570 115 52 vnus:
2052 2570 102 52 quia
2116 2570 77 52 ex
2141 2570 128 52 pluribus

1342 2610 143 51 actibus
1446 2610 181 51 diuersarum
1588 2610 168 51 rationum:
1718 2610 130 51 quorum
1809 2610 130 51 neuter
1899 2610 143 51 alterum
2003 2610 168 51 informet:
2132 2610 91 51 non
2171 2610 104 51 consti

1346 2652 119 55 tuitur
1429 2652 143 55 essentia
1537 2652 83 55 per
1584 2652 71 55 se
1620 2652 95 55 vna.
1680 2652 95 55 vnde
1739 2652 71 55 si
1775 2652 119 55 rubedo
1858 2652 107 55 esset
1930 2652 83 55 sic
1977 2652 119 55 medius
2061 2652 119 55 color:
2144 2652 83 55 non
2180 2652 83 55 esset

1348 2695 105 57 vnus
1413 2695 118 57 color
1492 2695 92 57 per
1545 2695 92 57 se:
1597 2695 105 57 immo
1663 2695 92 57 nec
1715 2695 118 57 esset
1794 2695 131 57 color:
1886 2695 92 57 sed
1938 2695 144 57 colores
2043 2695 157 57 extremi:
2161 2695 79 57 ne
2187 2695 92 57 esset

1358 2741 69 53 in
1393 2741 116 53 aliqua
1474 2741 104 53 spece
1544 2741 151 53 distincta
1659 2741 69 53 ab
1694 2741 139 53 vtroque:
1798 2741 81 53 sed
1845 2741 93 53 pars
1903 2741 93 53 eius
1960 2741 104 53 esset
2030 2741 127 53 albedo:
2123 2741 69 53 et
2157 2741 69 53 de
2180 2741 93 53 specie

1347 2783 170 60 albedinis:
1480 2783 73 60 et
1517 2783 97 60 alia
1578 2783 134 60 nigredo
1675 2783 73 60 et
1711 2783 73 60 de
1748 2783 121 60 specie
1833 2783 182 60 nigredinis:
1978 2783 85 60 non
2027 2783 97 60 ergo
2088 2783 85 60 est
2136 2783 85 60 sic
2173 2783 97 60 essen-

1357 2831 155 49 tialiter
1473 2831 181 49 compositus
1615 2831 77 49 vt
1654 2831 129 49 aliqui
1744 2831 142 49 opinari
1848 2831 142 49 vident:
1951 2831 90 49 sed
2003 2831 90 49 ita
2054 2831 103 49 vere
2119 2831 77 49 in
2158 2831 77 49 se
2184 2831 77 49 simp

1348 2873 92 59 sicut
1409 2873 113 59 aliquis
1491 2873 154 59 extremorum:
1614 2873 61 59 et
1645 2873 72 59 per
1686 2873 143 59 consequens
1799 2873 72 59 non
1840 2873 72 59 est
1881 2873 102 59 medius
1952 2873 72 59 per
1993 2873 184 59 compositionem:
2147 2873 72 59 sed
2188 2873 72 59 per
2219 2873 51 59 ab-

1347 2917 178 53 negatione:
1487 2917 101 53 quia
1550 2917 89 53 non
1601 2917 89 53 est
1652 2917 114 53 alter
1728 2917 114 53 eorum
1804 2917 89 53 nec
1855 2917 139 53 vterque
1956 2917 127 53 simul:
2045 2917 76 53 et
2083 2917 89 53 est
2134 2917 127 53 medium
2210 2917 63 53 per

1359 2963 189 54 couenientiam:
1515 2963 67 54 et
1548 2963 134 54 secundum
1648 2963 200 54 comperationem:
1816 2963 123 54 quoniam
1905 2963 89 54 ipse
1960 2963 100 54 magis
2027 2963 134 54 conuenit
2127 2963 78 54 cum
2161 2963 100 54 vtroque

1343 2997 182 57 extremorum
1486 2997 156 57 secundum
1602 2997 78 57 se
1641 2997 104 57 quam
1706 2997 104 57 vnum
1771 2997 182 57 extremorum
1914 2997 91 57 cum
1966 2997 143 57 altero:
2069 2997 78 57 et
2108 2997 78 57 ad
2147 2997 104 57 vnum
2199 2997 65 57 con

1347 3047 121 73 paratum
1435 3047 121 73 dicitur
1523 3047 110 73 habere
1601 3047 132 73 rationem
1700 3047 132 73 alterius
1799 3047 121 73 extremi
1887 3047 121 73 propter
1975 3047 110 73 causam
2053 3047 165 73 praedictam:
2174 3047 99 73 quamuis
