2492 3529
188 271 93 78 non
241 271 198 78 simpliciter
399 271 159 78 dicatur:
518 271 93 78 nec
571 271 93 78 sit
624 271 145 78 alterum
730 271 198 78 extremorum:
888 271 93 78 sed
941 271 145 78 vterque
1034 271 66 78 sit

191 332 165 51 ontrarium:
321 332 83 51 sed
368 332 83 51 non
415 332 142 51 perfecta
522 332 71 51 et
557 332 118 51 vltima
640 332 201 51 contrarietate
805 332 94 51 quae
864 332 83 51 est
911 332 106 51 solum
982 332 106 51 inter
1041 332 59 51 ma-

192 379 86 59 xime
246 379 150 59 distantia:
364 379 64 59 vt
396 379 118 59 dicitur
482 379 64 59 10
515 379 97 59 meta.
579 379 64 59 et
611 379 86 59 ideo
665 379 75 59 est
708 379 150 59 contrarium
826 379 75 59 non
869 379 161 59 simpliciter
998 379 75 59 sed
1031 379 64 59 quae

192 424 119 46 dammo:
275 424 83 46 vt.
323 424 119 46 dicens
406 424 71 46 p.
441 424 71 46 et
477 424 83 46 hoc
524 424 154 46 intendit.
643 424 71 46 P.
679 424 71 46 5.
714 424 95 46 phy.
774 424 83 46 vbi
821 424 166 46 allegatur:
952 424 71 46 et
975 424 131 46 Commnmor.

186 467 155 47 similiter.
307 467 66 47 Et
340 467 77 47 cum
385 467 199 47 Commentatoris.
550 467 110 47 dicens
627 467 88 47 quod
683 467 66 47 in
716 467 99 47 medio
782 467 77 47 est
826 467 132 47 vtrumque
925 467 155 47 extremorum
1036 467 55 47 non

190 514 148 51 perfecte:
303 514 79 51 non
349 514 182 51 intelligitur
496 514 91 51 quod
553 514 136 51 vtrumque
655 514 159 51 extremorum
780 514 79 51 sit
825 514 136 51 secundum
928 514 91 51 suam
973 514 125 51 essentiam

179 555 78 54 in
218 555 78 54 eo
257 555 183 54 imperfecte
401 555 78 54 id
440 555 92 54 est
493 555 78 54 in
532 555 118 54 gradu
610 555 157 54 remisso:
728 555 118 54 sicut
806 555 92 54 sic
859 555 170 54 arguentes
989 555 144 54 putant:

183 598 98 49 sed
239 598 195 49 intelligit
392 598 112 49 quod
462 598 125 49 ipsum
545 598 139 49 medium
643 598 84 49 in
685 598 84 49 se
727 598 125 49 forma
810 598 98 49 vna
866 598 167 49 existens
978 598 125 49 simplex

184 640 92 45 est
237 640 185 45 quaodammo:
382 640 92 45 non
434 640 158 45 absolute
553 640 79 45 et
593 640 198 45 simpliciter
751 640 158 45 extremum
870 640 171 45 vtrumque.
1002 640 79 45 vn
1028 640 66 45 ru-

188 685 108 49 bedo
255 685 94 49 non
309 685 94 49 est
363 685 135 49 albedo
457 685 94 49 nec
511 685 148 49 nigredo
619 685 202 49 simpliciter
781 685 175 49 loquendo:
915 685 94 49 sed
956 685 148 49 comperata

179 729 160 47 nigredini
301 729 135 47 dicitur
400 729 98 47 esse
461 729 160 47 quaedammo
584 729 135 47 albedo:
682 729 74 47 et
719 729 160 47 comperata
841 729 147 47 albedini
952 729 86 47 est
989 729 110 47 quidam-

177 773 91 49 mo
222 773 107 49 vel
283 773 137 49 quasi
375 773 183 49 nigredo:
512 773 107 49 per
572 773 122 49 quas
649 773 213 49 locutiones
816 773 137 49 nihil
907 773 137 49 aliud
983 773 122 49 volunt

185 814 188 59 exprimere:
332 814 107 59 nisi
399 814 107 59 quod
467 814 134 59 medium
561 814 121 59 minus
641 814 134 59 distat
735 814 81 59 ab
776 814 148 59 vtroque
883 814 188 59 extremorum
1017 814 81 59 quam

193 858 118 46 extrema
279 858 96 46 inter
343 858 75 46 se:
386 858 64 46 et
418 858 86 46 quod
471 858 118 46 vtrique
557 858 75 46 est
600 858 160 46 contrarium:
728 858 96 46 licet
792 858 75 46 non
835 858 160 46 simpliciter
964 858 86 46 sine
1006 858 86 46 vltim-

192 902 68 53 ma
226 902 68 53 et
260 902 113 53 maxima
339 902 203 53 contrarietate.
508 902 147 53 Similiter
621 902 79 53 cum
666 902 147 53 Commenta.
779 902 113 53 dicens
858 902 90 53 quod
915 902 79 53 cum
960 902 102 53 album
1017 902 90 53 trans-

184 944 153 46 mutatur
296 944 84 46 in
337 944 153 46 viride:
449 944 223 46 transmutatur
630 944 84 46 in
672 944 139 46 nigrum
769 944 112 46 quod
839 944 98 46 est
895 944 84 46 in
937 944 153 46 viridi:
1034 944 70 46 non

184 988 176 59 intelligit
323 988 88 59 per
373 988 126 59 nigrum
461 988 76 59 in
499 988 126 59 viridi
587 988 164 59 essentiam
713 988 139 59 aliquam
814 988 101 59 quae
877 988 88 59 sit
927 988 101 59 vere
978 988 113 59 nigredo

178 1034 111 44 quae
247 1034 97 44 est
303 1034 180 44 extremum:
441 1034 111 44 quia
510 1034 111 44 tunc
579 1034 97 44 non
634 1034 124 44 esset
717 1034 221 44 transmutatio
897 1034 152 44 extremi
1007 1034 83 44 ad
1035 1034 69 44 me-

192 1073 115 48 dium:
269 1073 90 48 sed
320 1073 141 48 extremi
423 1073 77 48 ad
461 1073 154 48 extremum
576 1073 115 48 licet
653 1073 166 48 remissum:
781 1073 102 48 quod
845 1073 115 48 tamen
922 1073 90 48 non
960 1073 141 48 intendit.

207 1119 104 47 Item
272 1119 156 47 secundum
389 1119 91 47 hoc
441 1119 78 47 in
480 1119 104 47 tali
545 1119 234 47 transmutatione
739 1119 169 47 subiectum
869 1119 91 47 per
921 1119 78 47 se
947 1119 156 47 transmuta-

183 1162 111 55 retur
257 1162 74 55 ad
294 1162 99 55 duas
355 1162 173 55 qualitates
491 1162 173 55 contrarias
626 1162 148 55 scilicet
737 1162 74 55 ad
774 1162 160 55 albedinem
897 1162 74 55 et
934 1162 74 55 ad
959 1162 148 55 nigredinem

179 1205 95 52 quae
238 1205 142 52 dicuntur
345 1205 95 52 esse
404 1205 71 52 in
440 1205 130 52 viridi:
534 1205 83 52 vel
582 1205 71 52 si
617 1205 83 52 non
665 1205 213 52 transmutaretur
842 1205 83 52 per
890 1205 71 52 se
925 1205 95 52 nisi
984 1205 71 52 ad
1008 1205 83 52 alte-

179 1251 104 54 ram:
244 1251 104 54 tunc
309 1251 91 54 nec
361 1251 235 54 transmutaretur
557 1251 91 54 per
609 1251 78 54 se
648 1251 78 54 ad
687 1251 195 54 viriditate:
843 1251 91 54 sed
896 1251 78 54 ad
935 1251 130 54 partem
1013 1251 78 54 eius

179 1292 148 47 tantum:
286 1292 80 47 et
326 1292 94 47 sic
380 1292 94 47 cum
433 1292 148 47 aliquid
541 1292 94 47 fit
594 1292 80 47 de
635 1292 107 47 albo
702 1292 148 47 viride:
809 1292 94 47 non
863 1292 215 47 transmutatur
1024 1292 80 47 nisi

178 1337 182 45 acquirendo
321 1337 182 45 nigredinem
465 1337 169 45 praecise:
595 1337 78 45 et
634 1337 130 45 forsan
725 1337 156 45 perdendo
842 1337 143 45 aliquam
947 1337 130 45 partem
1025 1337 78 45 albe

185 1376 130 51 dinis:
276 1376 78 51 et
315 1376 156 51 vlterius
432 1376 156 51 secundum
549 1376 91 51 sic
601 1376 169 51 arguentes
731 1376 117 51 eadem
809 1376 104 51 erit
874 1376 208 51 transmutatio
1030 1376 65 51 que

187 1424 223 49 transmutatur
368 1424 70 49 a
396 1424 125 49 magis
479 1424 111 49 albo
549 1424 84 49 in
591 1424 125 49 minus
674 1424 139 49 album:
772 1424 84 49 et
814 1424 97 49 qua
869 1424 223 49 transmutatur
1036 1424 56 49 ab

180 1468 96 56 albo
240 1468 72 56 in
276 1468 132 56 viride:
371 1468 132 56 quoniam
467 1468 84 56 etm
515 1468 72 56 in
551 1468 120 56 priuea
635 1468 215 56 transmutatione
814 1468 144 56 secundum
922 1468 108 56 ipsos
981 1468 120 56 acquirit

183 1511 162 49 aliquid
301 1511 220 49 nigredinis:
477 1511 88 49 et
521 1511 147 49 perdit
624 1511 147 49 partem
727 1511 206 49 albedinis.
888 1511 162 49 Constat
991 1511 103 49 autem

179 1554 96 50 quod
239 1554 84 50 hec
287 1554 108 50 omnia
360 1554 96 50 sunt
420 1554 120 50 contra
504 1554 181 50 intentionem
649 1554 108 50 eorum
721 1554 72 50 et
757 1554 120 50 omnium
841 1554 108 50 recte
913 1554 193 50 sentientium:
1058 1554 48 50 et

179 1600 94 51 ideo
238 1600 140 51 dicendum
343 1600 94 51 quod
401 1600 82 51 per
448 1600 117 51 nigrum
530 1600 70 51 in
565 1600 117 51 viridi
647 1600 70 51 et
682 1600 82 51 per
729 1600 105 51 album
799 1600 70 51 in
834 1600 129 51 viridi:
928 1600 82 51 non
963 1600 140 51 intelligit

184 1639 105 52 nisi
249 1639 170 52 simplicem
380 1639 170 52 essentiam
511 1639 209 52 viriditatis:
681 1639 105 52 quae
747 1639 170 52 comparata
878 1639 157 52 albedini
982 1639 118 52 dicitur

172 1683 198 49 quodammo
321 1683 198 49 nigredo:
470 1683 99 49 et
519 1683 215 49 comparata
684 1683 215 49 nigredini
849 1683 116 49 est
915 1683 165 49 albedo
1014 1683 83 49 non

186 1724 187 54 simpliciter:
338 1724 82 54 sed
385 1724 152 54 quaodammo
502 1724 140 54 secundum
608 1724 176 54 intellectum
748 1724 176 54 praemissum:
888 1724 105 54 color
959 1724 94 54 vero
1005 1724 94 54 medius

186 1769 139 47 secundum
291 1769 173 47 apparentiam
429 1769 116 47 solum.
510 1769 81 47 non
556 1769 81 47 est
603 1769 93 47 vnus
661 1769 104 47 color
730 1769 139 47 secundum
834 1769 139 47 speciem:
938 1769 81 47 sed
984 1769 93 47 vere
1031 1769 69 47 sunt

179 1812 116 52 plures
260 1812 127 52 colores
353 1812 139 52 subiecto
457 1812 151 52 distincti
573 1812 81 52 qui
620 1812 127 52 propter
712 1812 93 52 suam
770 1812 162 52 paruitatem
898 1812 81 52 non
944 1812 93 52 sunt
990 1812 116 52 secundum

183 1859 81 49 se
224 1859 176 49 distincte
359 1859 243 49 proceptibiles:
562 1859 95 49 sed
616 1859 203 49 iuxtapositi
778 1859 149 49 videtur
886 1859 135 49 quidam
980 1859 122 49 color
1048 1859 54 49 me

183 1898 106 55 dius:
254 1898 82 55 vt.
301 1898 118 55 dicens
383 1898 71 55 P.
419 1898 71 55 in
454 1898 71 55 de
489 1898 106 55 sensu
560 1898 71 55 et
595 1898 94 55 sen.
654 1898 82 55 hoc
701 1898 106 55 tamen
772 1898 118 55 potest
854 1898 165 55 dupliciter
972 1898 129 55 continge-

178 1943 96 54 re.
233 1943 96 54 vno
288 1943 109 54 modo
356 1943 96 54 per
411 1943 123 54 solam
493 1943 260 54 iuxtapositionem
712 1943 246 54 minutissimorum
917 1943 164 54 corporum
1027 1943 68 54 di-

179 1984 141 54 uersorum
285 1984 129 54 colorum
379 1984 188 54 existentium:
531 1984 70 54 et
566 1984 141 54 secundum
672 1984 70 54 se
707 1984 246 54 imperceptibilium:
918 1984 106 54 sicut
988 1984 70 54 si
1012 1984 82 54 pulue

189 2027 95 48 res
244 2027 109 48 auri
312 2027 82 48 et
353 2027 150 48 argenti
461 2027 204 48 munitissime
624 2027 190 48 attritorum
774 2027 122 48 simul
855 2027 204 48 iungerentur
1018 2027 82 48 et
1046 2027 54 48 co

190 2071 203 54 adunarentur:
355 2071 89 54 ita
406 2071 102 54 quod
470 2071 89 54 vna
521 2071 102 54 pars
584 2071 114 54 vnius
660 2071 114 54 esset
737 2071 114 54 iuxta
813 2071 127 54 partem
902 2071 152 54 alterius
1016 2071 76 54 et
1041 2071 64 54 sic

177 2111 175 57 singule.
308 2111 87 57 Et
352 2111 102 57 hic
410 2111 131 57 modus
498 2111 160 57 dicendi
614 2111 87 57 de
658 2111 233 57 compositione
847 2111 160 57 colorum
949 2111 145 57 mediorum

186 2158 71 53 et
222 2158 82 53 per
269 2158 223 53 iuxtapositionem
457 2158 94 53 fuit
515 2158 165 53 antiquorum
645 2158 71 53 vt
680 2158 82 53 ibi
727 2158 118 53 ponit.
809 2158 71 53 P.
844 2158 82 53 Sed
891 2158 94 53 alio
950 2158 94 53 modo
1009 2158 82 53 hoc
1044 2158 59 53 con

190 2204 102 55 tingit
261 2204 132 55 secundum.
363 2204 61 55 po
393 2204 122 55 scilicet
484 2204 71 55 non
525 2204 71 55 per
566 2204 91 55 solam
627 2204 203 55 iuxtapositionem:
799 2204 71 55 sed
840 2204 91 55 etiam
901 2204 71 55 per
942 2204 102 55 mutuam
1003 2204 91 55 altera:

191 2251 149 45 tionem
295 2251 89 45 et
340 2251 267 45 continuationem
562 2251 89 45 ac
607 2251 193 45 mixtionem
755 2251 149 45 talium
859 2251 178 45 corporum
978 2251 119 45 minuto

184 2286 88 53 rum
235 2286 163 53 habentium
360 2286 151 53 proprios
473 2286 138 53 colores
574 2286 151 53 diuersos
687 2286 151 53 abiuicem
800 2286 151 53 secundum
913 2286 151 53 speciem:
1013 2286 88 53 sicut

188 2333 198 52 contingit
340 2333 92 52 in
386 2333 198 52 coloribus
539 2333 153 52 mediis
645 2333 122 52 quos
722 2333 198 52 componunt
874 2333 183 52 pictores
1011 2333 92 52 ex
1042 2333 76 52 cor

188 2375 167 58 poribus
309 2375 182 58 innuicem
445 2375 121 58 bene
521 2375 258 58 miscibilibus.
764 2375 91 58 hi
809 2375 106 58 duo
870 2375 121 58 modi
930 2375 182 58 conueniunt

197 2424 53 51 et
224 2424 115 51 dicternt:
312 2424 124 51 conueniunt
409 2424 88 51 quidem
471 2424 71 51 quia
516 2424 62 51 tam
551 2424 88 51 primo:
613 2424 71 51 quam
657 2424 62 51 est
692 2424 97 51 secundo
763 2424 71 51 quam
807 2424 71 51 dium
852 2424 106 51 scilicet
931 2424 62 51 est
967 2424 88 51 tantum
1028 2424 71 51 modo
1064 2424 44 51 mix

189 2467 110 48 tio:
258 2467 82 48 et
299 2467 110 48 illa
368 2467 192 48 miscibilia
519 2467 165 48 retinent
643 2467 165 48 proprios
766 2467 165 48 colores:
890 2467 96 48 non
945 2467 96 48 est
986 2467 124 48 aliquis

186 2510 106 48 color
257 2510 118 48 medius
340 2510 142 48 secundum
446 2510 130 48 speciem
540 2510 106 48 vnius
611 2510 71 48 in
646 2510 83 48 rei
693 2510 153 48 veritate:
811 2510 83 48 sed
858 2510 118 48 semper
941 2510 94 48 sunt
1000 2510 94 48 vere
1047 2510 59 48 plu

188 2548 99 49 res:
249 2548 136 49 quamuis
348 2548 148 49 appareat
459 2548 99 49 vnus
521 2548 136 49 medius.
619 2548 160 49 Differunt
743 2548 99 49 autm
805 2548 136 49 quoniam
903 2548 74 49 in
940 2548 74 49 2o
977 2548 99 49 modo
1027 2548 86 49 dicen

193 2593 69 53 di
227 2593 80 53 est
273 2593 103 53 maior
342 2593 126 53 veritas
434 2593 115 53 talium
514 2593 126 53 colorum
606 2593 161 53 diuersorum
732 2593 92 53 quam
790 2593 69 53 in
824 2593 115 53 primo:
905 2593 92 53 quia
962 2593 138 53 secundum
1054 2593 46 53 2a

190 2641 132 47 modum:
282 2641 92 47 non
335 2641 118 47 solum
414 2641 118 47 talia
493 2641 145 47 corpora
598 2641 105 47 sunt
664 2641 118 47 iuxta
743 2641 79 47 se
782 2641 145 47 posita:
887 2641 92 47 sed
940 2641 118 47 etiam
1006 2641 105 47 adinui

203 2687 98 42 cem
259 2687 196 42 continuata
413 2687 84 42 et
456 2687 140 42 mixta:
554 2687 84 42 et
596 2687 154 42 propter
708 2687 126 42 eorum
792 2687 140 42 mutuam
891 2687 210 42 remissionem
1045 2687 70 42 ma-

195 2728 93 55 gis
248 2728 173 55 propinqua
381 2728 93 55 vel
435 2728 120 55 minus
514 2728 187 55 distantia:
661 2728 120 55 facta
741 2728 107 55 sunt
808 2728 67 55 a
834 2728 133 55 natura
927 2728 147 55 coloris
1021 2728 93 55 medii

196 2772 119 50 cuius
275 2772 199 50 apparentiam
434 2772 159 50 faciunt.
580 2772 80 50 Et
620 2772 80 50 si
660 2772 146 50 dicatur
766 2772 119 50 quod.
845 2772 80 50 P.
885 2772 106 50 vult
951 2772 93 50 ibi
991 2772 119 50 ostende

196 2808 77 54 re
235 2808 90 54 quo
286 2808 181 54 generantur
428 2808 142 54 colores
532 2808 116 54 medii
609 2808 77 54 ex
648 2808 155 54 extremis
764 2808 155 54 secundum
880 2808 181 54 veritatem:
1022 2808 77 54 et
1048 2808 65 54 non

208 2856 95 53 solum
272 2856 127 53 secundum
368 2856 159 53 apparentiam
495 2856 64 53 vt
527 2856 127 53 dicebant
622 2856 127 53 antiqui:
718 2856 64 53 et
749 2856 74 53 per
792 2856 149 53 consequens
908 2856 95 53 pated
972 2856 74 53 eum
1015 2856 74 53 est
1046 2856 64 53 dare

195 2894 152 59 colores
306 2894 138 59 medios
403 2894 166 59 secundum
527 2894 180 59 veritatem
666 2894 138 59 mixtos
763 2894 83 59 ex
804 2894 180 59 extremis.
943 2894 138 59 Duendm
1026 2894 83 59 quod

194 2942 124 54 mixtio
280 2942 124 54 talium
367 2942 136 54 colorum
466 2942 124 54 potest
552 2942 173 54 dupliciter
688 2942 136 54 accipi:
787 2942 111 54 sicut
861 2942 87 54 est
911 2942 74 54 de
948 2942 148 54 mixtione
1047 2942 74 54 cor-

203 2987 109 56 porum
275 2987 109 56 supra
348 2987 121 56 tactum
432 2987 97 56 est.
493 2987 84 56 Uno
541 2987 97 56 modo
601 2987 145 56 secundum
710 2987 97 56 quod
770 2987 133 56 corpora
867 2987 169 56 miscibilia
987 2987 121 56 habentia

199 3029 155 58 proprios
316 3029 142 58 colores
419 3029 155 58 remanent
536 3029 181 58 incorrupta
678 3029 246 58 substantialiter
885 3029 142 58 quamuis
989 3029 104 58 sint
1040 3029 78 58 alte

191 3070 112 64 rata
261 3070 84 64 et
303 3070 182 64 retinenmt
443 3070 182 64 pristinos
583 3070 154 64 colores
695 3070 168 64 proprios
821 3070 154 64 quamuis
933 3070 182 64 remissos:
1059 3070 56 64 et

1142 284 88 56 sic
1193 284 101 56 dico
1256 284 101 56 quod
1319 284 114 56 color
1395 284 126 56 medius
1483 284 151 56 apparens
1596 284 88 56 non
1647 284 88 56 est
1697 284 101 56 vnus
1760 284 114 56 color
1836 284 151 56 secundum
1937 284 126 56 speciem:

1141 333 80 56 sed
1186 333 115 56 plures
1267 333 115 56 satuet
1347 333 161 56 veritatem:
1474 333 126 56 quamuis
1566 333 92 56 sint
1623 333 92 56 vnum
1681 333 138 56 secundum
1784 333 195 56 continuitatem
1945 333 92 56 siue
1991 333 69 56 vnum

1143 374 174 53 continuum:
1279 374 87 53 nec
1329 374 87 53 sic
1379 374 162 53 miscentur
1503 374 162 53 huiusmodi
1628 374 137 53 colores
1727 374 100 53 quod
1790 374 100 53 fiat
1852 374 75 53 ex
1889 374 149 53 pluribus
1989 374 62 53 exi

1139 421 158 52 stentibus
1260 421 73 52 in
1297 421 109 52 eodem
1370 421 146 52 subiecto
1479 421 109 52 primo
1552 421 109 52 sicut
1625 421 121 52 aliqui
1710 421 134 52 putant:
1807 421 85 52 nec
1856 421 85 52 hoc
1904 421 158 52 intendit.
2013 421 49 52 P.

1143 465 90 48 ibi:
1199 465 90 48 quod
1256 465 113 48 patet:
1335 465 90 48 quia
1391 465 90 48 non.
1448 465 113 48 dicens
1527 465 90 48 nisi
1583 465 90 48 quod
1640 465 68 48 in
1673 465 113 48 mixtis
1752 465 158 48 corporibus
1877 465 124 48 necesse
1967 465 79 48 est
2001 465 45 48 co

1145 504 125 50 lores
1228 504 208 50 commisceri.
1395 504 152 50 constat
1506 504 125 50 autem
1589 504 111 50 quod
1658 504 152 50 corpora
1769 504 97 50 non
1824 504 97 50 sic
1866 504 194 50 commiscentur

1143 553 144 51 secundum
1251 553 84 51 eum
1299 553 96 51 quod
1360 553 96 51 sint
1420 553 72 51 in
1456 553 108 51 eodem
1528 553 96 51 loco
1588 553 120 51 primo:
1673 553 84 51 cum
1721 553 96 51 apud
1781 553 108 51 ipsum
1853 553 84 51 non
1901 553 84 51 sit
1938 553 120 51 possibi-

1147 591 89 52 lis
1198 591 152 52 corporum
1312 591 190 52 penetratio.
1463 591 101 52 ergo
1527 591 89 52 nec
1577 591 89 52 sic
1628 591 139 52 colores
1729 591 101 52 quod
1792 591 101 52 sint
1855 591 76 52 in
1893 591 114 52 eodem
1957 591 89 52 prima

1145 637 170 48 subiecto:
1276 637 92 48 sed
1328 637 118 48 sicut
1407 637 131 48 corpus
1498 637 144 48 mixtum:
1603 637 105 48 tunc
1668 637 157 48 includit
1786 637 118 48 plura
1865 637 144 48 corpora
1956 637 105 48 diuer-

1147 684 113 51 sarum
1223 684 151 51 rationum
1336 684 101 51 situ
1399 684 214 51 distinctorum:
1575 684 88 51 sic
1626 684 113 51 color
1701 684 126 51 mixtus
1789 684 151 51 includit
1902 684 126 51 plures
1978 684 88 51 colo-

1145 722 94 57 res
1198 722 188 57 diuersarum
1346 722 161 57 rationum
1467 722 175 57 subiectis
1601 722 228 57 distinctorum.
1789 722 81 57 Si
1830 722 107 57 vero
1883 722 175 57 congregatum

1138 772 83 47 ex
1180 772 152 47 talibus
1290 772 180 47 coloribus
1429 772 111 47 quis
1498 772 125 47 vocet
1581 772 152 47 colorem
1692 772 111 47 vere
1761 772 152 47 mixtum:
1872 772 83 47 et
1914 772 83 47 ex
1955 772 97 47 hoc
1997 772 69 47 ve-

1135 809 89 58 lit
1186 809 128 58 vocare
1276 809 115 58 illum
1352 809 140 58 colorem
1454 809 128 58 medium
1544 809 153 58 secundum
1659 809 166 58 veritatem
1786 809 77 58 et
1824 809 89 58 non
1876 809 153 58 secundum
1978 809 89 58 appa-

1145 854 138 52 rentiam
1246 854 138 52 tantum:
1346 854 88 52 non
1397 854 151 52 contendo
1510 854 75 52 de
1547 854 138 52 nomine.
1648 854 88 52 hic
1698 854 113 52 tamen
1773 854 151 52 fateatur
1886 854 113 52 sicut
1949 854 113 52 veritas

1144 896 135 57 exigit
1238 896 122 57 ipsum
1319 896 149 57 fateri:
1427 896 108 57 quod
1495 896 122 57 talis
1576 896 135 57 medius
1670 896 122 57 color
1751 896 95 57 non
1805 896 95 57 est
1859 896 108 57 vnus
1913 896 135 57 distictu

1141 938 76 55 ab
1179 938 139 55 vtroque
1281 938 177 55 extremorum
1420 938 165 55 comiuctim
1547 938 76 55 et
1585 938 152 55 diuisim:
1699 938 76 55 et
1737 938 114 55 cuius
1813 938 165 55 quaelibet
1927 938 139 55 particula

1131 985 132 56 parua
1219 985 103 56 vel
1278 985 132 56 magna
1366 985 103 56 sit
1424 985 117 56 toti
1498 985 88 56 et
1542 985 176 56 cuilibet
1673 985 147 56 alteri
1776 985 190 56 particule
1908 985 161 56 vnigenea:

1149 1030 119 51 sicut
1228 1030 92 51 est
1281 1030 119 51 color
1360 1030 132 51 medius
1453 1030 158 51 secundum
1571 1030 185 51 veritatem:
1717 1030 132 51 qualis
1809 1030 92 51 est
1862 1030 172 51 viriditas
1981 1030 79 51 plan

1137 1069 124 60 tarum
1220 1069 83 60 et
1261 1069 138 60 rubedo
1358 1069 179 60 quorumdam
1495 1069 179 60 fructuum:
1633 1069 83 60 et
1674 1069 152 60 similes
1785 1069 152 60 colores
1881 1069 179 60 naturaliter

1132 1118 175 52 geniti:
1260 1118 96 52 et
1307 1118 96 52 in
1355 1118 159 52 multis
1467 1118 239 52 corporibus:
1658 1118 128 52 quos
1738 1118 159 52 medios
1850 1118 175 52 colores
1961 1118 96 52 voca

1139 1156 128 60 mus:
1219 1156 112 60 nec
1283 1156 112 60 est
1348 1156 128 60 tale
1428 1156 144 60 mixtu
1524 1156 193 60 apparens
1669 1156 144 60 color
1765 1156 161 60 medius
1877 1156 128 60 (vbi
1942 1156 128 60 gratia

1133 1198 209 59 viriditas)
1297 1198 104 59 est
1357 1198 119 59 vere
1431 1198 209 59 viriditas:
1596 1198 134 59 sicut
1685 1198 119 59 ille
1760 1198 134 59 color
1849 1198 194 59 plantarum
1983 1198 75 59 est

1137 1246 116 54 vere
1209 1246 202 54 viriditas:
1368 1246 101 54 sed
1425 1246 101 54 est
1483 1246 144 54 albedo
1584 1246 72 54 a
1613 1246 159 54 nigredo
1729 1246 116 54 quae
1801 1246 173 54 apparent
1931 1246 116 54 esse
1989 1246 72 54 vi-

1143 1287 135 55 riditas.
1244 1287 90 55 Alio
1300 1287 90 55 modo
1357 1287 113 55 potest
1435 1287 113 55 accipi
1514 1287 113 55 mixtio
1593 1287 124 55 colorum
1683 1287 180 55 praedictorum
1829 1287 135 55 secundum
1930 1287 90 55 quod
1975 1287 79 55 prae-

1130 1332 146 55 dictam
1233 1332 190 55 mixtionem
1379 1332 190 55 consecuta
1525 1332 102 55 est
1583 1332 248 55 substantialis
1788 1332 190 55 corruptio
1919 1332 146 55 corporum

1152 1374 136 54 illorum:
1254 1374 68 54 et
1288 1374 148 54 generatio
1401 1374 91 54 noue
1458 1374 148 54 subiecte:
1572 1374 68 54 et
1606 1374 148 54 similiter
1719 1374 148 54 corruptio
1833 1374 159 54 propriorum
1946 1374 114 54 colorum:

1148 1417 70 56 et
1183 1417 152 56 generatio
1300 1417 94 56 noui
1359 1417 129 56 coloris
1452 1417 140 56 alterius
1557 1417 140 56 speciei:
1663 1417 70 56 et
1698 1417 82 56 qui
1744 1417 82 56 est
1791 1417 94 56 vnus
1850 1417 140 56 secundum
1943 1417 117 56 speciem:

1148 1460 78 55 et
1187 1460 78 55 in
1226 1460 143 55 omnibus
1330 1460 104 55 suis
1395 1460 156 55 partibus
1512 1460 169 55 vnigeneus
1641 1460 78 55 vt
1680 1460 117 55 supra
1758 1460 182 55 dicebatur:
1901 1460 78 55 et
1940 1460 104 55 tunc
1992 1460 65 55 di-

1152 1501 68 54 co
1186 1501 90 54 quod
1242 1501 90 54 iste
1298 1501 101 54 color
1366 1501 79 54 est
1411 1501 113 54 medius
1489 1501 68 54 et
1523 1501 135 54 secundum
1624 1501 169 54 apperentiam
1759 1501 68 54 et
1793 1501 135 54 secundum
1894 1501 158 54 veritatem:
2007 1501 56 54 sed

1144 1546 105 61 tunc
1210 1546 105 61 ipse
1275 1546 92 61 est
1328 1546 105 61 vere
1393 1546 144 61 simplex
1498 1546 79 61 in
1538 1546 79 61 se
1577 1546 92 61 non
1630 1546 184 61 compositus
1774 1546 223 61 essentialiter
1958 1546 79 61 ab
1984 1546 79 61 ali-

1146 1593 132 56 quibus
1238 1593 172 56 coloribus
1370 1593 185 56 diuersarum
1516 1593 172 56 rationum:
1648 1593 92 56 qui
1700 1593 106 56 ideo
1766 1593 92 56 est
1819 1593 145 56 vocatur
1925 1593 132 56 mixtus
2004 1593 53 56 ex

1144 1637 174 56 extremis:
1277 1637 80 56 et
1317 1637 201 56 compositus:
1478 1637 107 56 quia
1545 1637 80 56 ex
1585 1637 160 56 mixtione
1705 1637 80 56 et
1745 1637 214 56 compositione
1906 1637 160 56 diuersorum

1145 1672 136 55 colorum
1243 1672 173 55 extremorum
1379 1672 86 55 per
1428 1672 74 55 se
1465 1672 148 55 sequitur
1576 1672 99 55 eius
1638 1672 173 55 generatio:
1773 1672 136 55 quamuis
1872 1672 99 55 ipse
1933 1672 86 55 sit
1983 1672 74 55 in
2007 1672 62 55 se-

1153 1724 103 47 vere
1217 1724 154 47 simplex:
1333 1724 77 47 et
1372 1724 90 47 hoc
1423 1724 77 47 vt
1462 1724 103 47 puto
1526 1724 90 47 est
1577 1724 116 47 verus
1654 1724 206 47 intellectus.
1822 1724 77 47 P.
1886 1724 77 47 Ex
1924 1724 90 47 his
1963 1724 90 47 patet

1154 1764 95 56 quod
1214 1764 215 56 qualitercumque
1392 1764 131 56 sumatur
1488 1764 107 56 color
1559 1764 131 56 medius:
1655 1764 131 56 numquam
1750 1764 179 56 concluditur
1893 1764 83 56 duo
1929 1764 131 56 contraria

1156 1800 94 53 esse
1215 1800 70 53 in
1250 1800 105 53 eodem
1320 1800 105 53 primo
1390 1800 152 53 subiecto.
1507 1800 82 53 Nam
1554 1800 70 53 si
1589 1800 129 53 sumitur
1683 1800 105 53 color
1753 1800 117 53 medius
1835 1800 140 53 secundum
1940 1800 129 53 speciem
2022 1800 47 53 et

1142 1849 138 63 secundum
1246 1849 150 63 veritatem
1361 1849 92 63 ille
1419 1849 81 63 non
1465 1849 138 63 includit
1569 1849 69 63 in
1604 1849 69 63 se
1638 1849 161 63 contrarios
1765 1849 138 63 colores.
1869 1849 69 63 Si
1903 1849 92 63 vero
1949 1849 104 63 sumatur

1155 1895 103 48 color
1223 1895 115 48 medius
1304 1895 80 48 qui
1349 1895 80 48 non
1395 1895 80 48 est
1441 1895 115 48 medius
1521 1895 138 48 secundum
1624 1895 126 48 speciem
1716 1895 69 48 id
1751 1895 80 48 est
1796 1895 138 48 alterius
1900 1895 126 48 speciei
1980 1895 80 48 medie

1139 1942 105 45 inter
1209 1942 129 45 extrema
1303 1942 140 45 secundum
1408 1942 164 45 veritatem:
1537 1942 82 45 sed
1584 1942 140 45 secundum
1689 1942 175 45 apperentiam
1829 1942 117 45 solum:
1911 1942 129 45 quamuis
1993 1942 70 45 ille

1150 1980 137 52 includat
1252 1980 68 52 in
1286 1980 68 52 se
1320 1980 125 52 colores
1412 1980 171 52 contrarios:
1548 1980 91 52 illi
1605 1980 103 52 tamen
1674 1980 148 52 contrarii
1788 1980 80 52 non
1833 1980 91 52 sunt
1890 1980 68 52 in
1924 1980 103 52 eodem
1981 1980 80 52 primo

1140 2012 152 61 subiecto.
1280 2012 82 61 Per
1327 2012 152 61 praedicta
1444 2012 105 61 patet
1514 2012 93 61 quid
1572 2012 140 61 dicendum
1677 2012 70 61 ad
1712 2012 105 61 omnes
1782 2012 163 61 auctoritas
1911 2012 93 61 quae
1957 2012 117 61 videntur

1147 2069 169 47 inuere
1266 2069 102 47 in
1317 2069 169 47 colore
1435 2069 153 47 medio
1537 2069 220 47 contineri
1706 2069 220 47 extremos.
1910 2069 102 47 Ad
1943 2069 136 47 aucto.

1147 2109 97 52 etiam
1212 2109 129 52 inductam
1309 2109 183 52 Commentators.
1460 2109 129 52 domintis
1557 2109 97 52 primo
1622 2109 86 52 phy.
1675 2109 97 52 patet
1740 2109 86 52 quid
1794 2109 140 52 dicendum.
1902 2109 75 52 Nam
1945 2109 65 52 si
1977 2109 129 52 accipiat

1154 2154 132 53 colorem
1250 2154 120 53 medium
1335 2154 144 53 secundum
1443 2154 181 53 apperentiam
1587 2154 157 53 vtrolibet
1708 2154 96 53 modo
1768 2154 193 53 praedictorum
1912 2154 157 53 intelligat.

1158 2193 101 53 patet
1225 2193 89 53 quod
1281 2193 78 53 non
1326 2193 78 53 est
1370 2193 112 53 contra
1449 2193 157 53 praedicta.
1572 2193 67 53 Si
1605 2193 89 53 vero
1661 2193 134 53 accipiat
1762 2193 123 53 colorem
1851 2193 112 53 medium
1930 2193 134 53 secundum
2019 2193 56 53 ve-

1150 2237 143 53 ritatem
1254 2237 170 53 exponedum
1385 2237 104 53 est:
1450 2237 91 53 cum
1502 2237 130 53 dicens
1593 2237 104 53 quod
1659 2237 78 53 in
1698 2237 117 53 medio
1776 2237 91 53 est
1828 2237 157 53 vtrumque
1933 2237 130 53 extremum

1151 2281 74 54 in
1188 2281 112 54 actu:
1262 2281 87 54 sed
1312 2281 87 54 non
1361 2281 74 54 in
1399 2281 124 54 vltima
1485 2281 186 54 perfectione
1634 2281 74 54 id
1671 2281 87 54 est
1721 2281 124 54 medium
1808 2281 87 54 est
1857 2281 124 54 quidem
1944 2281 112 54 actus
2006 2281 62 54 qui

1156 2327 90 51 est
1207 2327 166 51 quaodammo
1335 2327 154 51 vtrumque
1451 2327 154 51 extremum
1566 2327 90 51 non
1617 2327 205 51 simpliciter:
1784 2327 115 51 sicut
1860 2327 115 51 supra
1924 2327 154 51 dicebatur:

1160 2376 94 49 quod
1219 2376 94 49 ipse
1277 2376 164 49 intelligat
1406 2376 82 49 per
1453 2376 82 49 hec
1500 2376 105 49 verba
1570 2376 82 49 non
1617 2376 70 49 in
1652 2376 117 49 vltima
1734 2376 187 49 perfectione:
1887 2376 152 49 subiectum
1992 2376 82 49 autem

1154 2413 82 53 est
1201 2413 141 53 vtrumque
1307 2413 141 53 extremum
1413 2413 71 53 in
1448 2413 141 53 potentia
1554 2413 106 53 pura.
1625 2413 71 53 id
1660 2413 82 53 est
1707 2413 82 53 est
1754 2413 71 53 in
1789 2413 141 53 potentia
1895 2413 94 53 pura
1942 2413 118 53 suscepti

1163 2452 74 55 ua
1200 2452 160 55 vtriusque
1323 2452 148 55 extremi:
1434 2452 74 55 et
1471 2452 99 55 ideo
1533 2452 86 55 non
1582 2452 86 55 est
1631 2452 136 55 medium:
1730 2452 99 55 quod
1791 2452 86 55 est
1841 2452 111 55 actus
1915 2452 136 55 medius:
2013 2452 86 55 sed

1163 2503 98 53 quod
1224 2503 86 53 est
1273 2503 148 53 potentia
1384 2503 123 53 media.
1470 2503 74 53 Si
1507 2503 111 53 autem
1581 2503 148 53 accipiat
1692 2503 135 53 colorem
1790 2503 123 53 medium
1876 2503 148 53 secundum
1975 2503 98 53 appren

1154 2543 95 51 tiam
1213 2543 130 51 tantum:
1308 2543 119 51 clarus
1391 2543 107 51 esset
1462 2543 178 51 intellectus
1605 2543 166 51 auctoritas
1735 2543 71 51 et
1771 2543 107 51 satis
1842 2543 107 51 esset
1913 2543 154 51 probabile
2020 2543 59 51 eum

1161 2587 96 50 sic
1216 2587 191 50 accepisse:
1366 2587 96 50 cum
1421 2587 96 50 sue
1475 2587 177 50 opinionis
1612 2587 136 50 fuerit
1707 2587 82 50 vt
1748 2587 150 50 patebit
1857 2587 82 50 in
1898 2587 82 50 2o
1939 2587 109 50 quod
1994 2587 68 50 mi-

1150 2629 170 53 scibilium
1280 2629 117 53 forme
1359 2629 91 53 non
1411 2629 170 53 totaliter
1541 2629 222 53 corrumpantur:
1724 2629 78 53 et
1763 2629 117 53 eodem
1841 2629 104 53 modo
1906 2629 130 53 fuerit
1985 2629 91 53 opina

1162 2669 91 57 tus
1214 2669 78 57 de
1253 2669 155 57 mixtione
1369 2669 155 57 coloris.
1486 2669 104 57 Siue
1551 2669 117 57 tamen
1628 2669 91 57 hec
1680 2669 130 57 opinio
1771 2669 91 57 sit
1823 2669 104 57 vera
1888 2669 104 57 siue
1952 2669 104 57 non:
2004 2669 65 57 non

1157 2716 136 57 sequitur
1259 2716 91 57 quod
1315 2716 147 57 contraria
1429 2716 91 57 sint
1485 2716 68 57 in
1519 2716 102 57 eodem
1587 2716 136 57 subiecto
1689 2716 113 57 primo:
1768 2716 68 57 vt
1802 2716 102 57 prius
1870 2716 113 57 dictum
1950 2716 91 57 est.
2018 2716 45 57 Ao

1162 2762 96 50 duas
1222 2762 120 50 primas
1306 2762 168 50 auctoritas
1437 2762 144 50 adductas
1545 2762 72 50 in
1581 2762 156 50 principio
1701 2762 72 50 q.
1737 2762 144 50 dicendum
1844 2762 96 50 quod
1904 2762 84 50 per
1940 2762 120 50 mixtion-

1164 2804 142 56 contrarii
1273 2804 109 56 potest
1350 2804 142 56 intelligi
1459 2804 66 56 et
1492 2804 153 56 compositio
1613 2804 77 56 cum
1656 2804 153 56 contrario:
1777 2804 66 56 et
1809 2804 131 56 accessus
1908 2804 77 56 seu
1941 2804 131 56 approxima-

1161 2853 68 45 tio
1200 2853 58 45 ad
1229 2853 146 45 contrarium:
1346 2853 87 45 primo
1404 2853 78 45 modo
1453 2853 68 45 non
1492 2853 78 45 sunt
1540 2853 165 45 intelligendi.
1676 2853 58 45 P.
1706 2853 58 45 et
1735 2853 175 45 Commentatoris.
1881 2853 68 45 sed
1919 2853 58 45 2o
1949 2853 87 45 modo:
2007 2853 58 45 vt
2026 2853 49 45 sen

1154 2891 74 55 sus
1197 2891 95 55 prime
1260 2891 147 55 auctoritas
1376 2891 84 55 sit:
1428 2891 84 55 quod
1481 2891 84 55 quae
1534 2891 147 55 contrariis
1650 2891 84 55 sunt
1702 2891 190 55 impermixtiora.
1860 2891 63 55 id
1892 2891 74 55 est
1934 2891 95 55 minus
1987 2891 84 55 proxi-

1162 2941 78 46 ma
1201 2941 78 46 et
1240 2941 143 46 accedet
1344 2941 78 46 ad
1383 2941 169 46 contraria
1514 2941 104 46 sunt
1579 2941 117 46 magis
1657 2941 130 46 talia:
1748 2941 78 46 vt
1787 2941 130 46 albius
1879 2941 104 46 quod
1944 2941 91 46 est
1983 2941 91 46 nigro

1156 2982 202 49 impermixtius
1320 2982 76 49 id
1358 2982 88 49 est
1409 2982 101 49 quod
1472 2982 114 49 minus
1547 2982 139 49 accedit
1648 2982 76 49 ad
1686 2982 126 49 nigrum
1774 2982 88 49 seu
1825 2982 114 49 minus
1900 2982 88 49 est
1938 2982 139 49 proximum:

1167 3020 97 51 seu
1222 3020 124 51 magis
1305 3020 152 51 distans
1416 3020 69 51 a
1443 3020 138 51 nigro:
1540 3020 124 51 eodem
1623 3020 111 51 modo
1692 3020 138 51 sensus
1789 3020 180 51 alterius.
1927 3020 124 51 album
1996 3020 69 51 non

1164 3062 80 62 fit
1209 3062 103 62 minus
1278 3062 114 62 album:
1358 3062 91 62 nisi
1415 3062 69 62 ex
1449 3062 137 62 mixtione
1552 3062 137 62 contrari
1655 3062 69 62 id
1689 3062 80 62 est
1735 3062 91 62 nisi
1792 3062 160 62 accedemodo
1918 3062 69 62 ad
1941 3062 137 62 contrarium
