2468 3542
371 277 78 58 et
410 277 169 58 diminutum
540 277 78 58 in
579 277 104 58 omni
644 277 130 58 genere
735 277 91 58 est
787 277 169 58 diminutum
918 277 91 58 per
970 277 169 58 mixtionem
1100 277 156 58 contrari
1217 277 78 58 id
1243 277 65 58 est

365 327 82 59 per
412 327 141 59 accessum
518 327 71 59 et
554 327 224 59 approximationem
742 327 71 59 ad
778 327 177 59 contrarium.
919 327 118 59 Posset
1001 327 106 59 tamen
1072 327 82 59 per
1119 327 71 59 ly
1143 327 153 59 contrarium.

371 379 151 45 intelligi
487 379 81 45 non
534 379 162 45 contrarium
661 379 127 45 positum
754 379 69 45 et
788 379 127 45 proprie
881 379 127 45 dictum:
974 379 81 45 sed
1020 379 151 45 priuatio:
1136 379 69 45 et
1171 379 93 45 tunc
1217 379 81 45 esset

371 420 122 46 sensus
456 420 97 46 quod
517 420 109 46 album
590 420 85 46 fit
638 420 109 46 minus
711 420 109 46 album
784 420 85 46 per
833 420 158 46 mixtionem
955 420 146 46 contrari
1064 420 73 46 id
1100 420 85 46 est
1137 420 158 46 priuationis

370 463 172 53 albedinis:
505 463 86 53 non
554 463 123 53 totale
640 463 110 53 tamen
713 463 74 53 id
750 463 86 53 est
799 463 123 53 omnium
885 463 135 53 partium
983 463 160 53 albedinis
1106 463 86 53 sed
1143 463 147 53 aliquarum.

374 506 98 47 Nam
430 506 125 47 minus
513 506 125 47 album
597 506 167 47 priuatum
723 506 98 47 est
778 506 167 47 pluribus
904 506 167 47 partibus
1029 506 181 47 albedinis
1169 506 112 47 quam
1224 506 70 47 ma-

371 551 96 56 gis
426 551 137 56 album:
522 551 82 56 et
563 551 82 56 ex
604 551 96 56 hoc
658 551 150 56 dicitur
768 551 123 56 magis
850 551 137 56 mixtum
946 551 96 56 cum
1000 551 191 56 priuatione
1137 551 164 56 albedinis.

380 595 71 50 et
416 595 107 50 eodem
487 595 95 50 modo
546 595 71 50 ad
582 595 107 50 alias
653 595 166 50 auctoritas
783 595 71 50 Et
819 595 130 50 vtraque
914 595 154 50 responsio
1032 595 107 50 satis
1103 595 83 50 est
1139 595 154 50 sufficiens.

371 638 57 53 ⁋
393 638 68 53 Ad
427 638 102 53 aliam
495 638 170 53 auctoritas.
631 638 147 53 Commenta.
745 638 68 53 ex
779 638 68 53 2o
813 638 68 53 de
847 638 170 53 generatione
983 638 136 53 dicendum
1085 638 91 53 quod
1130 638 170 53 Commentatori.

375 683 170 54 loquitur
502 683 99 54 ibi
559 683 85 54 de
601 683 198 54 compositis
757 683 156 54 genitis
870 683 85 54 ex
913 683 170 54 mixtione
1040 683 170 54 primorum
1153 683 142 54 eltorum.

376 726 71 48 et
412 726 142 48 postquam
518 726 142 48 probauit
625 726 95 48 illa
684 726 95 48 esse
743 726 107 48 mixta
814 726 71 48 ex
850 726 107 48 terra
921 726 71 48 et
956 726 107 48 aqua:
1027 726 142 48 infertur
1134 726 95 48 quod
1181 726 107 48 reliqua

371 767 92 46 duo
424 767 158 46 elementa
542 767 158 46 scilicet
661 767 92 46 aer
713 767 79 46 et
753 767 119 46 ignis
832 767 92 46 est
885 767 184 46 concurrunt
1030 767 79 46 ad
1069 767 184 46 mixtionem.
1201 767 92 46 alio-

379 812 101 51 quin
442 812 101 51 tale
505 812 176 51 compositum
644 812 113 51 esset
720 812 151 51 frigidum
833 812 76 51 in
871 812 126 51 summo:
959 812 76 51 vt
997 812 113 51 autem
1072 812 113 51 supra
1148 812 176 51 dicebatur:

369 855 118 55 mixtum
452 855 118 55 potest
535 855 165 55 dupliciter
664 855 118 55 accipi
747 855 142 55 scilicet
853 855 94 55 ante
912 855 189 55 corruptionem
1066 855 189 55 subitectalem
1208 855 94 55 misci-

381 899 125 51 bilium:
472 899 68 51 et
506 899 91 51 tunc
563 899 125 51 constat
654 899 91 51 quod
711 899 68 51 in
746 899 103 51 mixto
814 899 91 51 sunt
871 899 194 51 substataliter
1031 899 148 51 contraria
1145 899 137 51 elementa
1236 899 57 51 re-

369 942 124 52 missa
452 942 192 52 adinuicem:
603 942 165 52 alioquin
727 942 82 52 si
768 942 137 52 tantum
864 942 165 52 elementa
988 942 137 52 frinda
1084 942 137 52 essent
1180 942 82 52 in
1208 942 82 52 mix-

370 987 87 48 to:
419 987 125 48 mixtum
507 987 112 48 esset
581 987 149 48 frigidum
693 987 75 48 in
731 987 100 48 fine
793 987 112 48 sicut
868 987 100 48 ipsa
930 987 112 48 elta.
1005 987 100 48 Alio
1067 987 112 48 modo:
1142 987 125 48 potest
1229 987 87 48 ac¬

368 1033 102 48 cipi
432 1033 128 48 mixtum
522 1033 77 48 ex
560 1033 166 48 elementis
688 1033 128 48 quando
778 1033 102 48 elta
841 1033 102 48 sunt
905 1033 243 48 substantialiter
1110 1033 154 48 corrupta
1225 1033 77 48 et
1251 1033 51 48 ge

364 1074 96 46 nita
424 1074 84 46 est
472 1074 96 46 noua
532 1074 156 46 subiecta:
652 1074 84 46 que
700 1074 120 46 vtique
784 1074 72 46 et
820 1074 132 46 dicitur
916 1074 120 46 mixta:
1000 1074 84 46 non
1048 1074 96 46 quia
1096 1074 204 46 substantialiter

367 1117 79 52 et
406 1117 185 52 formaliter
552 1117 119 52 elata
631 1117 212 52 contineantur
803 1117 79 52 in
843 1117 79 52 ea
883 1117 119 52 sicut
962 1117 79 52 in
1002 1117 119 52 mixto
1081 1117 119 52 primo
1161 1117 106 52 modo
1214 1117 79 52 sum-

368 1162 101 54 pto.
432 1162 88 54 sed
482 1162 101 54 quia
545 1162 126 54 ipsius
634 1162 164 54 generatio
760 1162 139 54 priorem
861 1162 164 54 mixtionem
987 1162 215 54 praesupponit:
1164 1162 76 54 et
1189 1162 101 54 sequi-

375 1206 110 46 tur:
444 1206 97 46 aut
499 1206 110 46 quia
568 1206 110 46 eius
637 1206 124 46 forma
720 1206 97 46 est
775 1206 124 46 media
858 1206 97 46 per
913 1206 248 46 conuenientiam:
1120 1206 83 46 vt
1161 1206 124 46 supra
1230 1206 69 46 ta-

374 1249 103 47 ctum
439 1249 90 47 est
490 1249 194 47 aliqualiter
645 1249 77 47 et
684 1249 142 47 amplius
787 1249 206 47 declarabitur
955 1249 77 47 in
993 1249 77 47 2o
1032 1249 77 47 Et
1071 1249 77 47 in
1109 1249 90 47 hac
1148 1249 142 47 sententia

371 1294 109 51 dicit
444 1294 133 51 Commen.
540 1294 97 51 quod
601 1294 85 51 non
649 1294 85 51 est
698 1294 121 51 tantum
782 1294 157 51 frigidum:
904 1294 85 51 sed
952 1294 109 51 etiam
1025 1294 145 51 calidum:
1134 1294 97 51 quia
1182 1294 121 51 scilicet

376 1339 83 43 ad
418 1339 152 43 priorem
528 1339 179 43 mixtionem
666 1339 97 43 non
721 1339 138 43 tantum
818 1339 193 43 interuenit
970 1339 124 43 eltum
1053 1339 179 43 frigidum:
1191 1339 97 43 sed
1232 1339 69 43 est

368 1378 163 46 calidum:
491 1378 163 46 alioquin
613 1378 109 46 ipsa
681 1378 122 46 esset
762 1378 149 46 frigida
871 1378 81 46 in
912 1378 122 46 fine.
993 1378 95 46 Nam
1048 1378 163 46 frigidum
1170 1378 95 46 non
1211 1378 81 46 fuit

367 1424 96 52 set
422 1424 165 52 remissum
546 1424 82 52 ex
587 1424 96 52 quo
642 1424 110 52 ipsa
710 1424 137 52 genita
806 1424 110 52 est:
875 1424 82 52 et
916 1424 96 52 sic
971 1424 123 52 debet
1053 1424 178 52 intelligi
1177 1424 123 52 Commen-

377 1464 135 48 tator:
471 1464 94 48 non
525 1464 121 48 autem
606 1464 108 48 quod
673 1464 108 48 omne
740 1464 162 48 frigidum
862 1464 121 48 purum
943 1464 94 48 sit
996 1464 162 48 frigidum
1118 1464 81 48 in
1158 1464 121 48 fine:
1226 1464 67 48 nec

367 1509 120 60 quod
442 1509 90 60 in
487 1509 165 60 remisse
607 1509 165 60 frigido
727 1509 225 60 contineatur
908 1509 210 60 formaliter
1058 1509 120 60 calor.

423 1543 133 59 ⁋
476 1543 477 59 Distinctionis.
873 1543 212 59 XXI.
1006 1543 318 59 Questio.
1218 1543 80 59 I

619 1597 114 91 Ua
676 1597 133 91 rto
752 1597 172 91 quero
867 1597 172 91 vtrum
981 1597 172 91 forma
1076 1597 229 91 corporalis

816 1638 236 58 intendatur
1002 1638 118 58 per
1052 1638 253 58 acquisitionem

620 1683 137 48 noue
705 1683 171 48 forme:
825 1683 120 48 vel
894 1683 171 48 partis
1013 1683 120 48 seu
1082 1683 171 48 gradus
1184 1683 120 48 forme

630 1727 124 47 eiusdem
720 1727 146 47 rationis:
832 1727 67 47 Et
866 1727 124 47 videtur
956 1727 90 47 quod
1012 1727 79 47 non
1057 1727 101 47 primo
1124 1727 180 47 auctoritate.
1259 1727 34 47 P

625 1771 81 52 4o
665 1771 134 52 physi.
759 1771 81 52 in
799 1771 108 52 illo
867 1771 108 52 cau.
934 1771 108 52 Sunt
1001 1771 121 52 autem
1082 1771 148 52 quaedam
1189 1771 94 52 que
1230 1771 67 52 per

611 1810 118 49 rarum
690 1810 79 49 et
729 1810 144 49 densum.
834 1810 92 49 ait
886 1810 105 49 enim
952 1810 92 49 ibi
1004 1810 105 49 quod
1070 1810 79 49 ex
1109 1810 131 49 calido
1201 1810 92 49 fit
1240 1810 66 49 ma-

370 1858 89 54 gis
421 1858 139 54 calidum
522 1858 114 54 nullo
598 1858 114 54 facto
674 1858 76 54 in
712 1858 139 54 materia
814 1858 139 54 calido:
915 1858 101 54 quod
978 1858 89 54 non
1029 1858 114 54 esset
1105 1858 139 54 calidum
1194 1858 101 54 quando

365 1902 94 52 erat
424 1902 106 52 minus
494 1902 141 52 calitem.
600 1902 70 52 Et
635 1902 82 52 ibi
682 1902 200 52 Commentatoris
847 1902 117 52 dicens
929 1902 94 52 quod
988 1902 117 52 corpus
1070 1902 129 52 calidum
1152 1902 141 52 transferur

374 1945 91 52 in
419 1945 166 52 maiorem
540 1945 227 52 caliditatem
721 1945 151 52 nullis
827 1945 181 52 partibus
963 1945 166 52 calidis
1084 1945 91 52 in
1129 1945 121 52 actu
1189 1945 106 52 adue-

362 1987 202 49 nientibus:
520 1987 101 49 sed
578 1987 87 49 ex
621 1987 202 49 intensione
780 1987 144 49 ipsius
881 1987 231 49 caliditatis.
1069 1987 87 49 Ex
1112 1987 144 49 quibus
1199 1987 101 49 vide-

370 2032 92 49 tur
422 2032 171 49 vtriusque
554 2032 118 49 intem
632 2032 92 49 mdo
685 2032 105 49 esse
750 2032 105 49 quod
816 2032 79 49 in
855 2032 105 49 tali
921 2032 184 49 intensione
1065 2032 144 49 caloris
1170 2032 92 49 non
1209 2032 79 49 adue

379 2075 92 45 niat
436 2075 103 45 nouus
505 2075 103 45 calor
573 2075 149 45 subiecto:
688 2075 80 45 sed
734 2075 103 45 prior
802 2075 115 45 tantum
882 2075 92 45 modo
940 2075 172 45 perficiatur
1077 2075 69 45 et
1111 2075 160 45 vigoretur.
1237 2075 57 45 ⁋
1260 2075 69 45 2o

363 2122 75 48 si
401 2122 75 48 in
439 2122 163 48 huiusmodi
564 2122 175 48 intensione
702 2122 200 48 acquireretur
864 2122 100 48 noua
927 2122 100 48 pars
990 2122 100 48 for:
1052 2122 88 48 me:
1102 2122 88 48 vel
1152 2122 113 48 prior
1215 2122 75 48 rema

362 2165 129 48 neret
448 2165 86 48 in
491 2165 173 48 subiecto
620 2165 129 48 simul
707 2165 101 48 cum
764 2165 158 48 nouiter
879 2165 201 48 acquisita:
1037 2165 101 48 vel
1095 2165 201 48 adueniente
1239 2165 58 48 no

377 2211 75 52 ua
414 2211 112 52 prior
489 2211 200 52 corrumpetur.
651 2211 87 52 Non
701 2211 125 52 potest
789 2211 100 52 dici
851 2211 100 52 quod
914 2211 112 52 simul
989 2211 175 52 remaneant:
1126 2211 87 52 tum
1176 2211 100 52 quia
1226 2211 75 52 tunc

375 2249 81 51 duo
422 2249 163 51 accidentia
550 2249 105 51 solum
619 2249 93 51 nuoa
677 2249 174 51 differentia
817 2249 116 51 essent
898 2249 70 51 in
933 2249 105 51 eodem
1003 2249 139 51 subiecto
1107 2249 116 51 primo:
1188 2249 93 51 quod
1235 2249 58 51 est

380 2289 197 55 impossibile:
540 2289 74 55 vt
576 2289 123 55 patet.
663 2289 74 55 5.
699 2289 111 55 meta.
773 2289 86 55 tum
822 2289 98 55 quia
884 2289 111 55 forma
958 2289 135 55 intensa
1056 2289 160 55 composita
1179 2289 123 55 esset:
1253 2289 49 55 et

378 2337 84 45 non
426 2337 132 45 simplex
522 2337 120 45 contra
606 2337 144 45 auctorem
714 2337 84 45 sex
762 2337 192 45 principiorum
918 2337 156 45 dicentam:
1038 2337 96 45 quod
1098 2337 108 45 forma
1170 2337 84 45 est
1206 2337 96 45 contin

376 2381 102 52 gens
440 2381 203 52 compositioni
605 2381 152 52 simplici
719 2381 76 52 et
757 2381 190 52 inuariabili
909 2381 152 52 essentia
1024 2381 190 52 consistens.
1176 2381 76 52 Et
1201 2381 102 52 statim

376 2425 98 54 addit
442 2425 87 54 quod
496 2425 98 54 forma
562 2425 55 54 a
583 2425 109 54 natura
660 2425 186 54 compositionis
813 2425 164 54 seiungitur.
944 2425 76 54 vbi
987 2425 120 54 videtur
1075 2425 109 54 velle:
1151 2425 87 54 quod
1195 2425 98 54 naturae

374 2467 174 53 cuiuslibet
510 2467 112 53 forme
585 2467 87 53 cum
634 2467 124 53 formam
721 2467 75 53 in
759 2467 137 53 communi
858 2467 162 53 diffiniat
982 2467 149 53 repugnet
1094 2467 186 53 compositio:
1231 2467 62 53 tum

371 2509 86 53 qui
420 2509 123 53 quanto
506 2509 110 53 forma
579 2509 86 53 est
628 2509 196 53 compositior:
787 2509 110 53 tanto
861 2509 86 53 est
910 2509 196 53 imperfectior
1069 2509 74 53 et
1106 2509 147 53 econtra:
1204 2509 98 53 quanto

368 2553 200 55 simplicior
525 2553 129 55 tanto
611 2553 214 55 perfectior.
782 2553 71 55 ⁋
810 2553 86 55 Ex
853 2553 100 55 quo
910 2553 129 55 vltra
996 2553 171 55 sequitur
1125 2553 114 55 quod
1182 2553 114 55 quanto

382 2598 122 45 forma
464 2598 122 45 esset
545 2598 176 45 intensior
680 2598 122 45 tanto
762 2598 122 45 esset
843 2598 230 45 imperfectior:
1032 2598 81 45 et
1073 2598 122 45 tanto
1141 2598 162 45 perfectior

372 2644 115 47 quanto
452 2644 161 47 remissior.
578 2644 69 47 Et
613 2644 103 47 patet
682 2644 184 47 consequentia
831 2644 92 47 quia
888 2644 115 47 quanto
969 2644 103 47 esset
1038 2644 161 47 intensior:
1164 2644 103 47 tanto
1222 2644 80 47 esset

381 2690 226 52 compositior:
564 2690 85 52 si
607 2690 169 52 intensio
734 2690 127 52 forme
818 2690 141 52 fieret
917 2690 99 52 per
973 2690 198 52 additionem
1129 2690 113 52 noue
1185 2690 113 52 partis

381 2728 122 49 forme
463 2728 135 49 priore
557 2728 189 49 remanente:
706 2728 95 49 nec
760 2728 135 49 potest
855 2728 122 49 dici:
936 2728 108 49 quod
1004 2728 81 49 in
1044 2728 149 49 aduentu
1152 2728 108 49 noue
1206 2728 95 49 parti

369 2770 118 59 prior
448 2770 210 59 corrumpatur:
618 2770 92 59 tum
671 2770 105 59 quia
736 2770 92 59 non
789 2770 210 59 intenderetur
959 2770 118 59 neque
1038 2770 171 59 intensiue
1156 2770 131 59 augmenta

383 2819 109 48 retur
456 2819 121 48 forma:
540 2819 133 48 quamuis
637 2819 121 48 forsan
722 2819 85 48 vna
771 2819 97 48 alia
831 2819 170 48 perfectior
965 2819 194 48 generaretur:
1122 2819 97 48 quia
1183 2819 97 48 quod
1231 2819 61 48 au-

373 2867 102 50 getur
441 2867 170 50 praexistit:
577 2867 68 50 vt
611 2867 102 50 patet
678 2867 102 50 primo
746 2867 68 50 de
780 2867 181 50 generatione:
928 2867 79 50 tum
973 2867 91 50 quia
1030 2867 79 50 non
1075 2867 125 50 apparet
1165 2867 102 50 causa
1222 2867 68 50 cor-

385 2904 166 46 ruptionis
513 2904 128 46 partis
603 2904 115 46 forme
679 2904 230 46 praexistentis:
871 2904 141 46 quoniam
973 2904 90 46 nec
1025 2904 115 46 agens
1101 2904 90 46 est
1140 2904 153 46 contrarium

385 2946 83 53 sed
432 2946 130 53 simile:
527 2946 83 53 nec
574 2946 94 53 pars
633 2946 153 53 adueniens
751 2946 106 53 forme
821 2946 83 53 est
869 2946 153 53 contraria
986 2946 106 53 sibi:
1057 2946 83 53 cum
1104 2946 83 53 sit
1152 2946 130 53 similis
1234 2946 59 53 est

380 2990 137 47 eiusdem
479 2990 149 47 speciei:
591 2990 87 47 nec
641 2990 87 47 est
691 2990 162 47 subiectum
815 2990 100 47 eius
877 2990 187 47 corrumpitur
1026 2990 75 47 vt
1064 2990 187 47 supponitur:
1213 2990 87 47 nec
1250 2990 50 47 in

385 3038 102 55 tali
449 3038 178 55 intensione
588 3038 114 55 agens
664 3038 89 55 est
715 3038 140 55 absens:
817 3038 89 55 sed
868 3038 152 55 praesens
982 3038 102 55 quod
1045 3038 102 55 dico
1109 3038 140 55 propter
1197 3038 102 55 formas

380 3075 109 69 que
443 3075 94 69 ad
490 3075 125 69 suum
568 3075 187 69 existere
708 3075 203 69 dependent
865 3075 94 69 ab
911 3075 156 69 agente
1021 3075 219 69 actualiter
1177 3075 125 69 conser

1344 271 153 68 uante:
1451 271 92 68 vt
1497 271 138 68 lumen
1588 271 92 68 in
1634 271 138 68 aere:
1726 271 138 68 omnis
1818 271 138 68 autem
1909 271 138 68 forma
2001 271 107 68 que
2047 271 214 68 corrumpitur.

1338 326 176 62 propter
1466 326 176 62 aliquod
1594 326 256 62 praedictorum
1803 326 176 62 videtur
1915 326 176 62 corrumpi.

1315 364 100 100 Ad
1365 364 216 100 oppositum
1531 364 216 100 arguitur.
1698 364 133 100 quia
1781 364 199 100 intensio
1930 364 166 100 forme:
2046 364 100 100 si
2096 364 116 100 est
2146 364 133 100 conti-

1688 413 108 48 nua
1749 413 108 48 est
1811 413 154 48 motus:
1918 413 92 48 et
1964 413 92 48 si
2010 413 154 48 subita
2118 413 108 48 est
2164 413 92 48 muta

1334 451 94 59 tio:
1393 451 106 59 motus
1464 451 106 59 autem
1535 451 142 59 secundum
1641 451 212 59 Commentatoris.
1818 451 71 59 5o
1853 451 94 59 phy.
1912 451 106 59 nihil
1983 451 106 59 aliud
2054 451 83 59 est
2101 451 94 59 quam
2148 451 130 59 acquirere

1337 500 137 56 partem
1433 500 109 56 post
1501 500 123 56 aliam
1583 500 82 56 ex
1624 500 109 56 illo
1692 500 82 56 ad
1733 500 109 56 quod
1802 500 96 56 res
1856 500 150 56 mouetur
1965 500 123 56 donec
2047 500 191 56 acquiratur
2184 500 68 56 il-

1342 545 95 50 lud
1397 545 122 50 aliud
1478 545 81 50 ad
1519 545 108 50 quod
1586 545 149 50 mouetur
1695 545 176 50 perfecte.
1831 545 81 50 Et
1871 545 81 50 3o
1912 545 108 50 phy.
1980 545 136 50 dicens
2075 545 108 50 quod
2142 545 122 50 motus
2210 545 68 50 ni-

1337 585 87 53 hil
1386 585 112 53 aliud
1461 585 87 53 est
1511 585 99 53 quam
1573 585 162 53 generatio
1697 585 124 53 partis
1784 585 99 53 post
1846 585 112 53 aliam
1921 585 124 53 illius
2008 585 186 53 perfectonis
2157 585 75 53 ad
2181 585 75 53 quam

1340 638 151 45 tendit
1446 638 151 45 motus:
1551 638 136 45 donec
1642 638 242 45 perficiatur:
1838 638 91 45 et
1884 638 106 45 sit
1944 638 91 45 in
1989 638 136 45 actu:
2080 638 106 45 que
2140 638 91 45 de
2170 638 91 45 motu

1335 675 175 54 acquisitivo
1475 675 116 54 qualis
1557 675 81 54 est
1603 675 140 54 qualibet
1708 675 140 54 intensio
1813 675 140 54 continua
1917 675 93 54 vera
1976 675 105 54 sunt:
2045 675 151 54 similiter
2150 675 105 54 mutatio

1338 718 96 51 est
1393 718 137 51 subita
1489 718 191 51 acquisitio
1639 718 219 51 perfectionis
1816 718 82 51 ad
1857 718 109 51 quam
1926 718 178 51 subiectum
2062 718 178 51 immediate
2185 718 82 51 fuit

1351 760 69 52 in
1385 760 150 52 potentia:
1500 760 69 52 et
1535 760 81 52 per
1581 760 161 52 consequens
1707 760 69 52 in
1742 760 92 52 omni
1799 760 173 52 intensione:
1937 760 92 52 siue
1995 760 115 52 subita
2075 760 92 52 siue
2121 760 138 52 successiua

1341 803 169 60 subiectum
1471 803 104 60 quod
1536 803 91 60 fit
1588 803 117 60 magis
1666 803 104 60 tale
1731 803 156 60 acquirit
1848 803 143 60 aliquam
1952 803 130 60 partem
2043 803 117 60 forme
2121 803 104 60 quam
2173 803 91 60 prius

1343 858 95 46 non
1398 858 163 46 habebat:
1520 858 82 46 et
1561 858 177 46 similiter
1697 858 82 46 in
1738 858 190 46 remissione
1887 858 136 46 perdit
1982 858 150 46 aliquam
2091 858 109 46 quam
2159 858 95 46 pus
2200 858 68 46 ha-

1334 894 131 53 buit.
1422 894 102 53 Nam
1480 894 87 53 et
1523 894 131 53 omnis
1610 894 131 53 motus
1698 894 232 53 deperditiuus
1886 894 102 53 est
1944 894 189 53 deprditio
2090 894 145 53 partis
2177 894 87 53 post

1337 940 136 54 partem
1433 940 109 54 eius
1501 940 218 54 perfectionis
1678 940 95 54 vel
1733 940 109 54 rei:
1801 940 109 54 quam
1869 940 123 54 prius
1951 940 136 54 mobile
2046 940 164 54 habebat:
2155 940 109 54 remis-

1341 992 82 43 sio
1388 992 106 43 autem
1459 992 106 43 motus
1529 992 188 43 deparditiuus
1682 992 94 43 est:
1741 992 71 43 si
1777 992 82 43 sit
1824 992 153 43 contitia:
1941 992 82 43 vel
1988 992 129 43 mutaiso
2083 992 71 43 si
2118 992 82 43 sit
2153 992 106 43 subita.

1312 1019 80 101 ⁋
1344 1019 143 101 Circa
1440 1019 239 101 quaestionem
1631 1019 112 101 duo
1694 1019 127 101 sunt
1774 1019 191 101 articuli
1917 1019 255 101 perquirendi:
2125 1019 127 101 vnus
2188 1019 80 101 est

1485 1067 74 59 e
1515 1067 89 59 eo
1559 1067 118 59 quod
1633 1067 252 59 principaliter
1841 1067 193 59 queritur.
1989 1067 89 59 2m
2033 1067 104 59 est
2092 1067 148 59 habito
2181 1067 89 59 quod

1336 1112 113 54 forma
1412 1112 176 54 intendatur
1550 1112 88 54 per
1601 1112 214 54 acquisitionem
1777 1112 101 54 noue
1840 1112 126 54 partis
1928 1112 126 54 forme.
2016 1112 151 54 videndum
2130 1112 113 54 vtrum
2192 1112 76 54 pars

1337 1157 124 56 prior
1420 1157 165 56 remaneat
1543 1157 82 56 in
1584 1157 165 56 subiecto
1708 1157 124 56 simul
1790 1157 96 56 cum
1845 1157 124 56 parte
1928 1157 165 56 sequente
2051 1157 96 56 vel
2093 1157 82 56 non.

1307 1192 206 104 Quantum
1457 1192 112 104 ad
1513 1192 187 104 primum
1644 1192 243 104 articulum
1831 1192 131 104 est
1905 1192 187 104 opinio
2036 1192 131 104 vna
2111 1192 149 104 quod
2204 1192 112 104 in

1625 1248 218 52 intensione
1796 1248 140 52 forme
1890 1248 140 52 nulla
1983 1248 140 52 talis
2076 1248 124 52 pars
2154 1248 93 52 de
2185 1248 62 52 no

1341 1286 85 57 uo
1383 1286 213 57 acquiritur.
1554 1286 128 57 verbi
1639 1286 142 57 gratia
1739 1286 100 57 cum
1796 1286 156 57 aliquod
1909 1286 156 57 calidum
2023 1286 100 57 fit
2080 1286 128 57 magis
2151 1286 128 57 calidum

1341 1334 108 51 non
1402 1334 184 51 acquirit
1540 1334 169 51 aliquam
1663 1334 154 51 formam
1771 1334 108 51 vel
1832 1334 154 51 partem
1940 1334 108 51 seu
2001 1334 154 51 gradum
2109 1334 154 51 forme:
2201 1334 77 51 que

1343 1385 90 40 vel
1394 1385 90 40 qui
1446 1385 90 40 sit
1497 1385 218 40 essentialiter
1676 1385 128 40 calor:
1766 1385 90 40 sed
1817 1385 90 40 per
1868 1385 128 40 eundem
1958 1385 141 40 calorem
2060 1385 154 40 praecise
2176 1385 90 40 non
2214 1385 64 40 au-

1336 1416 114 57 ctum
1407 1416 100 57 non
1464 1416 172 57 intensum
1593 1416 257 57 essentialiter:
1807 1416 100 57 per
1865 1416 114 57 quem
1936 1416 114 57 erat
2007 1416 100 57 pus
2065 1416 157 57 calidum
2179 1416 100 57 est
2222 1416 57 57 po

1343 1461 102 51 stea
1407 1461 115 51 magis
1484 1461 153 51 calidum.
1598 1461 77 51 Et
1637 1461 115 51 ratio
1713 1461 89 51 est
1764 1461 153 51 secundum
1879 1461 102 51 eos:
1943 1461 140 51 quoniam
2045 1461 115 51 forma
2109 1461 153 51 suscipiens

1351 1505 200 49 intensionem
1510 1505 80 49 et
1550 1505 200 49 remissionem
1710 1505 93 49 est
1763 1505 240 49 indiuisibilis:
1963 1505 80 49 et
2003 1505 133 49 carens
2096 1505 106 49 omni
2149 1505 120 49 latitu-

1342 1550 98 47 dine
1403 1550 147 47 graduali
1513 1550 147 47 secundum
1624 1550 172 47 essentiam:
1759 1550 147 47 secundum
1869 1550 98 47 esse
1931 1550 110 47 autem
2004 1550 110 47 habet
2078 1550 196 47 latitudinem:
2225 1550 49 47 et

1339 1593 100 45 ideo
1402 1593 151 45 suscipit
1515 1593 113 45 magis
1590 1593 75 45 et
1628 1593 113 45 minus
1703 1593 151 45 secundum
1816 1593 100 45 suum
1879 1593 113 45 esse:
1954 1593 75 45 ac
1992 1593 88 45 per
2042 1593 88 45 hoc
2092 1593 113 45 eadem
2155 1593 113 45 praeci-

1345 1639 73 51 se
1381 1639 146 51 secundum
1491 1639 158 51 essentiam
1613 1639 122 51 potest
1698 1639 97 51 dare
1759 1639 110 51 magis
1832 1639 73 51 et
1868 1639 110 51 minus
1941 1639 97 51 esse
2002 1639 158 51 subiecto.
2124 1639 97 51 Quia
2173 1639 85 51 autem

1342 1680 124 48 forma
1425 1680 166 48 secundum
1549 1680 180 48 essentiam
1688 1680 111 48 suam
1757 1680 97 48 non
1812 1680 138 48 habeat
1909 1680 207 48 intensionem
2075 1680 152 48 probant
2171 1680 97 48 primo

1344 1728 140 51 quidem
1442 1728 182 51 secundum.
1582 1728 84 51 P.
1623 1728 84 51 S.
1665 1728 126 51 meta.
1749 1728 126 51 forme
1833 1728 154 51 quantum
1945 1728 84 51 ad
1987 1728 182 51 essentias
2126 1728 112 51 suas
2182 1728 84 51 sunt

1342 1770 117 46 sicut
1420 1770 143 46 numeri:
1524 1770 143 46 constat
1628 1770 117 46 autem
1706 1770 104 46 quod
1771 1770 104 46 vnus
1837 1770 143 46 numerus
1941 1770 91 46 non
1993 1770 91 46 est
2045 1770 117 46 maior
2123 1770 117 46 neque
2188 1770 65 46 mi-

1341 1815 96 54 nor
1396 1815 110 54 alio
1465 1815 138 54 numero
1561 1815 151 54 eiusdem
1671 1815 165 54 speciei.
1795 1815 83 54 vt
1837 1815 165 54 senarius
1960 1815 165 54 senario:
2084 1815 96 54 nec
2139 1815 96 54 est
2180 1815 83 54 vnus

1341 1857 101 54 per
1398 1857 159 54 aliquam
1514 1857 203 54 additionem
1673 1857 145 54 potest
1775 1857 130 54 fieri
1862 1857 130 54 maior
1949 1857 130 54 infra
2035 1857 145 54 eandem
2122 1857 145 54 speciem:

1334 1901 125 53 neque
1417 1901 97 53 per
1473 1901 236 53 subtractionem
1668 1901 139 53 minor:
1765 1901 111 53 quin
1834 1901 111 53 immo
1904 1901 167 53 quelibet
2029 1901 153 53 additio
2140 1901 97 53 vel
2182 1901 83 53 sub-

1341 1940 153 52 tractio
1452 1940 139 52 variat
1550 1940 153 52 speciem
1661 1940 153 52 numeri.
1773 1940 167 52 Senarius
1898 1940 111 52 enim
1968 1940 97 52 per
2023 1940 139 52 nullam
2107 1940 167 52 additionem

1350 1988 139 52 potest
1447 1988 125 52 fieri
1530 1988 125 52 maior
1614 1988 180 52 senarius:
1752 1988 97 52 sed
1808 1988 180 52 quacunque
1946 1988 152 52 vnitate
2057 1988 139 52 addita
2140 1988 125 52 senario

1348 2029 151 52 resultat
1462 2029 101 52 noua
1524 2029 138 52 species
1625 2029 138 52 numeri.
1726 2029 75 52 Et
1763 2029 163 52 similiter
1889 2029 163 52 quacumque
2015 2029 163 52 subtracta
2128 2029 138 52 variatur.

1338 2074 111 46 numeri
1415 2074 133 46 species:
1515 2074 77 46 sic
1559 2074 100 46 etiam
1626 2074 77 46 est
1670 2074 66 46 in
1703 2074 166 46 quibuslibet
1836 2074 122 46 formis:
1924 2074 88 46 quod
1979 2074 100 46 nulla
2046 2074 133 46 secundum
2145 2074 88 46 suam
2190 2074 77 46 essen

1342 2120 104 54 tiam
1407 2120 91 54 est
1459 2120 117 54 maior
1537 2120 91 54 vel
1590 2120 169 54 intensior
1720 2120 78 54 ac
1759 2120 182 54 perfectior
1902 2120 104 54 alia
1967 2120 117 54 forma
2046 2120 143 54 eiusdem
2137 2120 130 54 speciei:

1337 2161 85 48 nec
1386 2161 85 48 per
1434 2161 134 48 aliquam
1532 2161 170 48 additionem
1666 2161 85 48 vel
1714 2161 207 48 subtractionem
1885 2161 122 48 potest
1970 2161 146 48 secundum
2079 2161 97 48 suam
2128 2161 134 48 essentiam

1341 2207 124 50 fieri
1424 2207 124 50 maior
1507 2207 97 50 aut
1562 2207 138 50 minor:
1658 2207 97 50 aut
1713 2207 179 50 intensior
1851 2207 97 50 vel
1907 2207 179 50 remissior
2044 2207 83 50 in
2086 2207 124 50 eadem
2155 2207 110 50 specie

1345 2252 139 55 manens.
1446 2252 76 55 Et
1484 2252 76 55 ex
1522 2252 88 55 hoc
1573 2252 152 55 sequitur
1687 2252 101 55 quod
1750 2252 114 55 nulla
1826 2252 152 55 intensio
1939 2252 88 55 fit
1990 2252 88 55 per
2041 2252 215 55 acquisitionem
2205 2252 63 55 no-

1347 2297 72 53 ue
1383 2297 119 53 partis
1466 2297 107 53 forme
1538 2297 95 53 quae
1597 2297 95 53 pori
1657 2297 143 53 addatur:
1764 2297 131 53 quoniam
1860 2297 107 53 talis
1931 2297 131 53 additio
2027 2297 83 53 non
2074 2297 119 53 potest
2158 2297 107 53 stare
2217 2297 60 53 cum

1347 2338 170 48 identitate
1481 2338 146 48 speciei:
1590 2338 109 48 forme
1663 2338 109 48 autem
1736 2338 146 48 intensio
1845 2338 85 48 non
1894 2338 122 48 variat
1979 2338 134 48 speciem
2076 2338 122 48 forme.
2162 2338 97 48 Item
2210 2338 61 48 nec

1352 2380 83 53 per
1400 2380 202 53 acquisitionem
1566 2380 107 53 forme
1638 2380 131 53 eiusdem
1733 2380 143 53 rationis
1840 2380 155 53 totaliter
1959 2380 95 53 noue
2018 2380 95 53 pore
2078 2380 167 53 desinente:
2197 2380 71 53 quia

1346 2429 94 54 esto
1405 2429 94 54 quod
1463 2429 105 54 talis
1534 2429 152 54 successio
1651 2429 140 54 formarum
1756 2429 129 54 eiusdem
1849 2429 140 54 rationis
1955 2429 105 54 esset
2025 2429 164 54 possibilis
2154 2429 70 54 in
2177 2429 82 54 eodem

1341 2467 157 48 subiecto:
1461 2467 108 48 adhuc
1534 2467 84 48 non
1582 2467 121 48 fieret
1666 2467 145 48 intentio
1775 2467 133 48 aliqua:
1871 2467 84 48 nec
1919 2467 157 48 subiectum
2040 2467 121 48 fieret
2124 2467 108 48 magis
2185 2467 84 48 tale.

1361 2511 84 46 Nam
1409 2511 132 46 sequens
1505 2511 84 46 non
1553 2511 108 46 esset
1625 2511 204 46 essentialiter
1793 2511 108 46 maior
1864 2511 84 46 vel
1912 2511 156 46 intensior
2032 2511 192 46 praecedente:
2176 2511 84 46 sicut

1340 2554 95 45 nec
1395 2554 109 45 vnus
1463 2554 149 45 numerus
1571 2554 95 45 est
1625 2554 122 45 maior
1707 2554 81 45 ao
1747 2554 149 45 eiusdem
1856 2554 176 45 rationis.
1992 2554 68 45 ⁋
2019 2554 81 45 2o
2059 2554 109 45 idem
2114 2554 149 45 probatur.

1359 2599 70 49 Nam
1399 2599 130 49 quaelibet
1499 2599 90 49 forma
1560 2599 60 49 et
1590 2599 130 49 quaelibet
1690 2599 70 49 res
1730 2599 120 49 secundum
1821 2599 80 49 suam
1871 2599 130 49 essentiam
1971 2599 60 49 et
2001 2599 140 49 quiditatem
2111 2599 90 49 habet
2162 2599 100 49 propriam

1351 2642 203 50 certitudinem
1516 2642 89 50 qua
1567 2642 203 50 certificatur
1731 2642 76 50 vt
1769 2642 89 50 sit
1820 2642 114 50 illud
1896 2642 101 50 quod
1959 2642 101 50 est:
2022 2642 101 50 vnde
2086 2642 127 50 albedo
2174 2642 76 50 in
2200 2642 63 50 sua

1356 2688 120 44 natura
1440 2688 108 44 habet
1512 2688 144 44 propriam
1621 2688 193 44 certitudinem
1777 2688 96 44 quae
1838 2688 84 44 est
1886 2688 132 44 albedo:
1982 2688 72 44 et
2018 2688 84 44 non
2066 2688 84 44 est
2115 2688 132 44 nigredo
2199 2688 60 44 nec

1353 2733 134 53 aliquid
1450 2733 122 53 aliud:
1535 2733 195 53 certificatio
1694 2733 110 53 autem
1767 2733 85 53 rei
1816 2733 122 53 semper
1901 2733 158 53 consistit
2022 2733 73 53 in
2059 2733 110 53 mimmo
2132 2733 73 53 et
2169 2733 73 53 in
2193 2733 73 53 esse

1345 2773 226 53 indiuisibili:
1530 2773 119 53 sicut
1610 2773 80 53 et
1650 2773 146 53 mensura
1756 2773 93 53 per
1809 2773 106 53 quam
1875 2773 80 53 de
1915 2773 80 53 re
1955 2773 226 53 certificamur:
2141 2773 80 53 vt
2167 2773 93 53 patet

1353 2818 76 45 io.
1397 2818 98 45 meta.
1462 2818 87 45 ergo
1516 2818 152 45 cuiuslibet
1635 2818 76 45 rei
1678 2818 130 45 quiditas
1776 2818 65 45 et
1809 2818 163 45 essentialis
1939 2818 108 45 ratio:
2014 2818 141 45 consistit
2123 2818 65 45 in
2145 2818 108 45 indiuits

1340 2865 71 46 et
1376 2865 83 46 per
1423 2865 167 46 consequens
1554 2865 167 46 quaecumque
1685 2865 119 46 addito
1769 2865 83 46 vel
1816 2865 119 46 remoto
1900 2865 143 46 secundum
2007 2865 155 46 essentiam
2126 2865 83 46 non
2162 2865 95 46 remane

1352 2904 82 48 bit
1399 2904 82 48 res
1446 2904 71 48 id
1482 2904 94 48 quod
1541 2904 94 48 est.
1600 2904 82 48 Cum
1647 2904 94 48 ergo
1706 2904 82 48 per
1753 2904 177 48 intensionem
1894 2904 106 48 forme
1965 2904 82 48 non
2012 2904 141 48 varietur
2118 2904 141 48 quiditas
2212 2904 47 48 et

1344 2946 163 49 essentialis
1474 2946 98 49 ratio
1539 2946 108 49 forme:
1615 2946 130 49 sequitur
1713 2946 87 49 quod
1767 2946 87 49 ipsa
1821 2946 76 49 non
1865 2946 87 49 fiat
1919 2946 130 49 secundum
2017 2946 119 49 aliquas
2103 2946 108 49 gradus
2179 2946 65 49 in
2201 2946 65 49 esse

1353 2992 122 53 formae.
1442 2992 122 53 Quamuis
1530 2992 100 53 autem
1597 2992 100 53 forma
1663 2992 133 53 secundum
1763 2992 144 53 essentiam
1874 2992 89 53 suam
1929 2992 78 53 sit
1974 2992 200 53 indiuisibilis:
2140 2992 89 53 ipsa
2184 2992 78 53 tamen

1345 3038 142 51 secundum
1452 3038 154 51 essentiam
1570 3038 83 51 non
1617 3038 130 51 variata
1712 3038 118 51 potest
1794 3038 154 51 perficere
1912 3038 154 51 subiectum
2031 3038 106 51 magis
2102 3038 71 51 et
2137 3038 118 51 minus:
2208 3038 59 51 hoc

1337 3083 136 78 probant
1436 3083 99 78 sic:
1498 3083 111 78 sicut
1572 3083 74 78 se
1609 3083 111 78 habet
1683 3083 124 78 virtus
1770 3083 74 78 ad
1807 3083 111 78 agere
1881 3083 87 78 sic
1931 3083 111 78 forma
2005 3083 74 78 ad
2042 3083 161 78 perficere
2166 3083 74 78 et
2191 3083 74 78 dare
