2490 3522
180 267 123 55 forma
262 267 150 55 firmius
371 267 150 55 inheret
480 267 109 55 sibi
548 267 82 55 et
589 267 191 55 immobilius
739 267 136 55 primum
834 267 109 55 dici
902 267 95 55 non
957 267 150 55 potest:
1052 267 68 55 tum

187 320 80 51 qui
232 320 103 51 forma
301 320 149 51 informans
416 320 92 51 vnam
473 320 115 51 partem
554 320 138 51 subiecti
657 320 80 51 non
703 320 115 51 potest
783 320 103 51 eadem
852 320 92 51 ipsa
909 320 172 51 naturaliter
1036 320 80 51 aliam

191 357 165 64 informare
318 357 76 64 de
356 357 114 64 nouo:
432 357 89 64 tum
483 357 101 64 quia
546 357 101 64 esto
609 357 101 64 quod
672 357 89 64 ita
723 357 114 64 esset
799 357 89 64 sic
850 357 101 64 quod
913 357 114 64 forma
989 357 114 64 quasi
1052 357 51 64 in

189 407 193 47 grederetur
341 407 124 47 magis
424 407 83 47 ad
465 407 138 47 intima
561 407 179 47 subiecti:
699 407 124 47 adhuc
782 407 179 47 subiectum
920 407 97 47 non
975 407 124 47 esset
1044 407 69 47 ma-

192 446 81 50 gis
239 446 93 50 tale
297 446 81 50 per
343 446 116 50 ipsam:
424 446 104 50 licet
493 446 104 50 esset
562 446 104 50 maius
632 446 104 50 tale.
701 446 150 50 Similiter
817 446 69 50 3m
852 446 81 50 non
898 446 104 50 facit
967 446 69 50 ad
990 446 116 50 proposii

192 493 121 55 situm:
276 493 84 55 tum
325 493 97 55 quia
385 493 72 55 ex
421 493 84 55 hoc
469 493 157 55 subiectum
590 493 84 55 non
638 493 109 55 esset
711 493 109 55 magis
783 493 97 55 tale
844 493 181 55 formaliter:
988 493 97 55 immo
1037 493 72 55 pos-

188 535 83 52 set
236 535 95 52 esse
295 535 130 52 econtra
390 535 83 52 sic
437 535 95 52 quis
496 535 83 52 per
543 535 130 52 ruborem
638 535 166 52 verecundie
769 535 83 52 qui
816 535 83 52 est
863 535 118 52 passio
946 535 154 52 faciliter
1053 535 59 52 de-

188 575 144 53 lebilis
293 575 170 53 aliquando
423 575 118 53 magis
502 575 131 53 rubeus
594 575 105 53 est:
659 575 105 53 quam
724 575 105 53 vnus
790 575 118 53 alius
868 575 92 53 per
921 575 170 53 rubedinem
1039 575 65 53 que

178 619 97 53 est
234 619 194 53 passibilis
386 619 166 53 qualitas
510 619 83 53 et
552 619 125 53 magis
635 619 166 53 radicata
759 619 83 53 et
801 619 152 53 firmata
911 619 180 53 subiecto.
1036 619 83 53 vnde

184 666 91 43 non
236 666 78 43 ex
275 666 91 43 hoc
327 666 104 43 quod
392 666 130 43 aliqua
482 666 130 43 forma.
573 666 91 43 vbi
625 666 130 43 gratia
716 666 130 43 albedo
807 666 208 43 primanentius
975 666 78 43 et
1001 666 117 43 immobi-

182 704 105 66 lius
247 704 144 66 inheret
352 704 92 66 aut
404 704 183 66 diuturnius
548 704 157 66 subiecto
666 704 92 66 est
718 704 118 66 ipsum
796 704 118 66 magis
875 704 118 66 tale:
953 704 144 66 quamuis
1045 704 65 66 sit

180 756 125 50 diutius
271 756 102 50 tale:
339 756 102 50 sicut
407 756 80 50 est
453 756 114 50 dicit.
532 756 68 50 P.
566 756 102 50 primo
635 756 148 50 ethicorum
748 756 102 50 neque
817 756 114 50 inquit
896 756 137 50 prpetuum
999 756 91 50 esse
1044 756 57 50 ma-

186 799 96 51 gis
241 799 123 51 bonum
323 799 123 51 erit:
405 799 96 51 sed
460 799 123 51 neque
542 799 123 51 magis
625 799 110 51 quod
693 799 192 51 diuturnius
844 799 96 51 est
899 799 82 51 eo
940 799 110 51 quod
994 799 110 51 vnius-

185 837 111 49 diei.
259 837 87 49 tum
308 837 99 49 quia
370 837 87 49 nec
420 837 74 49 ex
457 837 87 49 hoc
506 837 99 49 tali
568 837 99 49 nouo
630 837 99 49 modo
692 837 136 49 habendi
791 837 161 49 subiectum
902 837 210 49 transmutaretur.

191 879 92 50 Nam
243 879 118 50 magis
322 879 183 50 quiescendo
466 879 92 50 sub
518 879 118 50 forma
597 879 170 50 radicatur
727 879 79 50 et
767 879 157 50 firmatur
885 879 105 50 ipsa
950 879 79 50 in
976 879 131 50 subiecto

183 926 94 41 quam
242 926 70 41 si
277 926 153 41 subiectum
394 926 211 41 transmutaretur
570 926 141 41 secundum
676 926 117 41 ipsam.
758 926 94 41 quod
817 926 106 41 autem
887 926 82 41 fit
934 926 106 41 magis
1004 926 94 41 tale
1051 926 59 41 ne-

179 967 157 62 cessario
297 967 118 62 magis
375 967 210 62 transmutatur
546 967 157 62 secundum
664 967 131 62 formam
755 967 131 62 illam.
847 967 197 62 Relinquitur
1004 967 105 62 ergo
1057 967 52 62 2m

177 1010 96 56 valet
241 1010 85 56 quod
295 1010 85 56 ideo
348 1010 139 56 subiectum
455 1010 96 56 magis
519 1010 118 56 dicitur
605 1010 160 56 participare
733 1010 118 56 formam:
818 1010 118 56 quoniam
904 1010 128 56 secundum
1000 1010 96 56 totum
1054 1010 53 56 vel

179 1057 133 55 easdem
272 1057 133 55 partes
365 1057 106 55 suas
431 1057 186 55 perficitur
577 1057 159 55 pluribus
696 1057 159 55 partibus
816 1057 133 55 forme:
909 1057 93 55 aut
962 1057 119 55 forma
1028 1057 93 55 perfe

175 1102 126 52 ctiore
264 1102 76 52 et
302 1102 126 52 maiore
390 1102 177 52 intensiue:
529 1102 76 52 et
567 1102 114 52 habet
643 1102 189 52 propositum.
820 1102 76 52 2o
857 1102 88 52 non
908 1102 114 52 valet
971 1102 139 52 responsio

185 1144 128 43 quoniam
279 1144 175 43 impossibile
419 1144 82 43 est
465 1144 105 43 totum
535 1144 152 43 subiectum
652 1144 187 43 cathegoredoe
804 1144 175 43 transmutari
944 1144 140 43 secundum
1037 1144 82 43 totam

179 1184 133 47 formam
272 1184 106 47 quam
338 1184 120 47 habet
418 1184 93 47 non
471 1184 159 47 perdendo
591 1184 133 47 ipsam:
684 1184 106 47 quin
750 1184 133 47 aliqua
843 1184 106 47 pars
910 1184 159 47 subiecti
1016 1184 93 47 acqui

174 1231 80 49 rat
219 1231 126 49 aliquam
311 1231 114 49 partem
391 1231 103 49 forme
460 1231 92 49 quam
517 1231 103 49 prius
585 1231 80 49 non
631 1231 114 49 habet:
711 1231 126 49 quoniam
803 1231 69 49 si
837 1231 149 49 quaelibet
951 1231 92 49 pars
997 1231 103 49 subiect

175 1273 124 50 habet
258 1273 138 50 eandem
355 1273 138 50 partem
452 1273 124 50 forme
535 1273 166 50 praecise
659 1273 111 50 nunc
728 1273 83 50 et
769 1273 124 50 prius
852 1273 124 50 forma
935 1273 124 50 prius
1004 1273 111 50 posita

178 1313 111 48 tota
247 1313 222 48 cathegoremdo
427 1313 69 48 e
455 1313 83 48 et
497 1313 277 48 sincathegoremdoe
732 1313 208 48 vniformiter
898 1313 83 48 se
940 1313 125 48 habet
1009 1313 97 48 peni-

185 1362 81 50 tus
232 1362 70 50 ad
267 1362 105 50 totum
337 1362 163 50 subiectum:
465 1362 70 50 et
499 1362 81 50 per
546 1362 163 50 consequens
674 1362 105 50 totum
744 1362 151 50 subiectum
860 1362 209 50 cathegoremdaoe
1023 1362 93 50 vnifor

171 1404 131 43 miter
259 1404 87 43 se
302 1404 131 43 habet
389 1404 87 43 ad
433 1404 131 43 totam
520 1404 145 43 formam
622 1404 276 43 cathegoremoaoe:
854 1404 87 43 ac
898 1404 102 43 per
956 1404 102 43 hoc
1014 1404 102 43 non
1058 1404 58 43 mu

179 1446 131 53 tatur:
271 1446 118 53 istud
349 1446 118 53 patet
428 1446 79 53 in
467 1446 92 53 exo
519 1446 131 53 eorum.
611 1446 92 53 Nam
663 1446 79 53 si
702 1446 118 53 nulla
781 1446 105 53 pars
846 1446 105 53 celi
912 1446 183 53 acquireret
1043 1446 65 53 no-

173 1486 85 55 uam
221 1486 121 55 partem
306 1486 97 55 loci
366 1486 145 55 secundum
475 1486 145 55 materiam
584 1486 85 55 vel
632 1486 169 55 subiectam:
765 1486 85 55 sed
813 1486 157 55 quaelibet
934 1486 133 55 maneret
1030 1486 72 55 in
1055 1486 60 55 ea-

176 1530 92 54 dem
228 1530 118 54 parte
307 1530 105 54 loci
373 1530 197 54 impossibile
530 1530 118 54 esset
609 1530 118 54 totum
687 1530 118 54 celum
766 1530 210 54 cathegoremdo
937 1530 131 54 mutare
1015 1530 92 54 locum

171 1573 165 53 secundum
295 1573 137 53 formam
391 1573 96 53 aut
446 1573 192 53 transferri
597 1573 82 53 de
639 1573 220 53 circulatione
817 1573 165 53 perfecta
941 1573 82 53 in
969 1573 137 53 circula-

190 1621 115 48 tionem
270 1621 160 48 perfectam:
396 1621 92 48 quae
453 1621 92 48 sunt
510 1621 92 48 loca
568 1621 137 48 secundum
671 1621 126 48 formam:
762 1621 69 48 vt
797 1621 103 48 patet
865 1621 92 48 ibi:
923 1621 69 48 et
957 1621 69 48 4o
991 1621 103 48 phyc.
1049 1621 57 48 sed

180 1663 139 51 semper
277 1663 152 51 haberet
388 1663 139 51 eandem
485 1663 249 51 circulationem:
693 1663 83 51 vt
734 1663 139 51 patet.
859 1663 83 51 In
900 1663 180 51 proposito
1025 1663 97 51 autem

166 1708 141 47 constat
268 1708 102 47 quod
332 1708 89 47 non
383 1708 89 47 sic
435 1708 179 47 contingit.
575 1708 89 47 Nam
626 1708 89 47 vna
677 1708 102 47 pars
741 1708 153 47 subiecti
856 1708 89 47 non
908 1708 179 47 informatur
1035 1708 77 47 alia

183 1753 111 49 parte
257 1753 111 49 forme
331 1753 99 49 quae
393 1753 111 49 prius
467 1753 198 49 informabatur
628 1753 99 49 alia
690 1753 99 49 pars
751 1753 161 49 subiecti:
875 1753 111 49 sicut
949 1753 87 49 vna
999 1753 99 49 pars
1048 1753 62 49 ce-

174 1795 65 55 li
207 1795 98 55 habet
272 1795 109 55 eandem
349 1795 109 55 partem
425 1795 98 55 loci:
490 1795 87 55 quam
545 1795 87 55 alia
599 1795 87 55 pars
654 1795 87 55 celi
708 1795 98 55 prius
774 1795 131 55 habebat:
872 1795 153 55 quapropter
992 1795 65 55 si
1014 1795 98 55 quaeli-

176 1832 96 44 bet
231 1832 110 44 pars
300 1832 165 44 subiecti
423 1832 151 44 retinet
533 1832 137 44 eandem
629 1832 137 44 partem
725 1832 123 44 forme
807 1832 165 44 praecise
931 1832 110 44 quam
999 1832 96 44 pus
1040 1832 69 44 ha-

192 1871 106 59 puit:
263 1871 82 59 nec
310 1871 106 59 aliam
380 1871 117 59 partem
462 1871 141 59 acquirit
568 1871 70 59 se
603 1871 164 59 necessario
732 1871 94 59 quod
791 1871 82 59 nec
837 1871 106 59 totum
908 1871 153 59 subiectum
1025 1871 82 59 nec
1060 1871 59 59 ali

178 1919 89 52 qua
229 1919 102 52 pars
293 1919 102 52 eius
356 1919 203 52 transmutatur
522 1919 153 52 secundum
636 1919 127 52 formam
725 1919 127 52 illam.
839 1919 76 52 3o
877 1919 114 52 arguo
954 1919 89 52 per
992 1919 127 52 rationem

179 1965 76 45 ab
217 1965 140 45 antiquo
319 1965 127 45 factam
408 1965 127 45 contra
497 1965 114 45 istam
573 1965 178 45 opinionem.
712 1965 89 45 Nam
763 1965 76 45 si
801 1965 114 45 forma
878 1965 152 45 intendus
979 1965 127 45 praecise

187 2008 132 47 secundum
286 2008 88 47 esse
341 2008 121 47 propter
430 2008 121 47 maiorem
518 2008 187 47 dispositionem
672 2008 143 47 subiecti.
782 2008 77 47 cum
826 2008 88 47 illa
881 2008 154 47 dispositio
1003 2008 77 47 sit
1036 2008 77 47 forma

180 2051 132 50 quaedam
276 2051 168 50 quaerendum
408 2051 84 50 est
456 2051 108 50 vtrum
528 2051 96 50 illa
588 2051 84 50 sit
636 2051 108 50 maior
708 2051 144 50 secundum
816 2051 96 50 suam
876 2051 168 50 essentiam:
1008 2051 72 50 et
1032 2051 84 50 habe-

188 2096 70 50 tur
228 2096 150 50 propositum:
348 2096 60 50 an
378 2096 100 50 tantum
448 2096 120 50 secundum
538 2096 80 50 esse
588 2096 60 50 et
618 2096 110 50 propter
697 2096 90 50 aliam
757 2096 110 50 maiorem
837 2096 170 50 dispositionem
977 2096 120 50 subiecti
1067 2096 60 50 ad

182 2139 125 51 ipsam:
269 2139 75 51 et
307 2139 88 51 sic
357 2139 88 51 vel
407 2139 175 51 proceditur
544 2139 75 51 in
582 2139 163 51 infinitum
707 2139 75 51 in
744 2139 250 51 dispositionibus:
957 2139 88 51 vel
1007 2139 100 51 erit
1057 2139 63 51 de-

175 2180 114 53 uenire
255 2180 69 53 ad
289 2180 126 53 aliquam
380 2180 206 53 dispositionem:
551 2180 91 53 quae
609 2180 91 53 ideo
666 2180 80 53 sit
711 2180 114 53 maior:
791 2180 91 53 quia
848 2180 69 53 in
883 2180 69 53 se
917 2180 69 53 et
951 2180 137 53 secundum
1042 2180 69 53 suam

188 2225 161 48 essentiam
312 2225 124 48 plures
399 2225 149 48 continet
510 2225 137 48 gradus:
610 2225 74 48 et
647 2225 137 48 habetur
746 2225 186 48 propositum:
895 2225 74 48 et
932 2225 87 48 cum
982 2225 87 48 hoc
1019 2225 87 48 eadem

179 2264 127 55 ratione
272 2264 127 55 concedi
364 2264 104 55 debet
433 2264 69 55 de
468 2264 139 55 qualibet
572 2264 104 55 forma
641 2264 92 55 quod
699 2264 92 55 ipsa
757 2264 139 55 secundum
861 2264 92 55 suam
918 2264 150 55 essentiam
1022 2264 81 55 inten

191 2311 120 59 datur.
299 2311 72 59 Ad
335 2311 96 59 hanc
396 2311 108 59 autem
468 2311 144 59 rationem
576 2311 96 59 ipsi
636 2311 169 59 dupliciter
769 2311 181 59 respondent.
913 2311 108 59 Primo
986 2311 120 59 quidem
1058 2311 60 59 di-

189 2357 121 51 cendum
274 2357 97 51 quod
334 2357 73 51 2a
370 2357 169 51 qualitates
504 2357 182 51 intenduntur
649 2357 133 51 propter
746 2357 182 51 intensionem
891 2357 145 51 primarum
988 2357 121 51 qualita-

179 2406 89 47 tum
230 2406 165 47 formalium
357 2406 102 47 quae
421 2406 102 47 sunt
484 2406 178 47 qualitates
624 2406 114 47 primo
700 2406 127 47 actiue
789 2406 76 47 et
827 2406 140 47 passiue
928 2406 76 47 et
966 2406 102 47 sunt
1017 2406 89 47 dispo

194 2442 146 51 sitiones
303 2442 73 51 ad
340 2442 170 51 qualitates
474 2442 158 51 secundas.
595 2442 97 51 ille
656 2442 109 51 autem
729 2442 182 51 intenduntur
875 2442 134 51 propter
960 2442 158 51 intensionem

180 2486 145 52 primarum
289 2486 169 52 qualitatum
422 2486 182 52 materialium
567 2486 97 52 quae
628 2486 97 52 sunt
688 2486 133 52 raritas
785 2486 73 52 et
821 2486 157 52 densitas.
943 2486 97 52 ille
1003 2486 97 52 vero
1051 2486 61 52 non

187 2529 159 51 intendunt
309 2529 135 51 propter
407 2529 172 51 intensione
542 2529 147 51 primarum
652 2529 135 51 aliarum
750 2529 135 51 priorum
848 2529 184 51 qualitatum:
995 2529 86 51 sed
1032 2529 86 51 rari-

180 2575 81 51 tas
227 2575 138 51 praecise
330 2575 161 51 intenditur
457 2575 127 51 propter
549 2575 127 51 maiorem
641 2575 173 51 extensionem
779 2575 138 51 materie:
883 2575 69 51 et
917 2575 138 51 densitas
1009 2575 104 51 propter

191 2622 144 51 maiorem
296 2622 144 51 materie
401 2622 249 51 constrictionem.
611 2622 92 51 Nam
664 2622 118 51 tanto
742 2622 92 51 res
795 2622 131 51 rarior
887 2622 105 51 est:
952 2622 131 51 quanto
1031 2622 79 51 ipsa

190 2660 126 44 sine
269 2660 205 44 additione
427 2660 190 44 alicuius
570 2660 221 44 extrinseci
743 2660 174 44 maiorem
870 2660 174 44 occupat
996 2660 111 44 vel
1044 2660 63 44 oc

192 2705 118 46 cupare
275 2705 94 46 nata
334 2705 83 46 est
381 2705 118 46 locum:
464 2705 71 46 et
499 2705 130 46 econtra
594 2705 71 46 de
629 2705 165 46 densitate.
759 2705 94 46 Quia
818 2705 106 46 autem
889 2705 130 46 materia
983 2705 94 46 nunc
1030 2705 83 46 simul

189 2750 162 48 extensior
313 2750 87 48 vel
363 2750 112 48 minus
438 2750 137 48 extensa
538 2750 87 48 non
588 2750 175 48 requiritur
726 2750 125 48 aliqua
813 2750 100 48 alia
876 2750 187 48 dispositio:
1026 2750 87 48 sed
1063 2750 50 48 in

194 2790 75 56 na
232 2790 88 56 sua
282 2790 100 56 est:
345 2790 75 56 vt
382 2790 88 56 sic
433 2790 175 56 formaliter
570 2790 125 56 potest
658 2790 138 56 extendi
758 2790 88 56 per
808 2790 188 56 quantitatem
959 2790 75 56 et
996 2790 75 56 ab
1021 2790 88 56 agen-

192 2835 68 52 te
226 2835 125 52 actiue:
316 2835 68 52 et
350 2835 79 52 sic
396 2835 125 52 vitatur
486 2835 147 52 processus
600 2835 68 52 in
634 2835 147 52 infinitum
747 2835 68 52 in
781 2835 227 52 dispositionibus.
997 2835 68 52 2o
1019 2835 91 52 respon

185 2874 105 51 detur
255 2874 93 51 quod
314 2874 152 51 possibile
430 2874 82 51 est
477 2874 117 51 formam
558 2874 128 51 intendi
652 2874 128 51 propter
745 2874 128 51 maiorem
838 2874 198 51 dispositionem
990 2874 128 51 subiecti:

191 2925 99 48 esto
253 2925 99 48 quod
315 2925 99 48 illa
377 2925 174 48 dispositio
513 2925 149 48 subiecti
625 2925 87 48 non
674 2925 186 48 intendatur.
823 2925 87 48 Nam
873 2925 87 48 vna
923 2925 112 48 forma
985 2925 136 48 potestre-

196 2969 107 48 cipi
262 2969 80 48 in
303 2969 160 48 subiecto
423 2969 160 48 mediante
543 2969 147 48 duplici
650 2969 187 48 qualitate:
797 2969 120 48 sicut
877 2969 160 48 caslitas
984 2969 134 48 mediante

182 3009 190 49 siccitate
329 3009 88 49 et
373 3009 220 49 humiditate:
548 3009 176 49 siccitas
680 3009 132 49 tamen
768 3009 132 49 magis
856 3009 176 49 disponit
987 3009 88 49 ad
1017 3009 102 49 calo-

179 3050 101 74 rem:
242 3050 101 74 quam
306 3050 164 74 huiditas:
432 3050 101 74 vnde
495 3050 76 74 in
533 3050 139 74 materia
634 3050 114 74 sicca
709 3050 139 74 ceteris
810 3050 139 74 paribus
911 3050 88 74 est
962 3050 114 74 calor
1025 3050 88 74 inten

1163 261 112 63 sior:
1237 261 100 63 quam
1300 261 75 63 in
1337 261 150 63 huminda.
1450 261 75 63 Si
1487 261 100 63 ergo
1550 261 137 63 aliquod
1650 261 162 63 subiectum
1775 261 87 63 sit
1825 261 125 63 calite
1912 261 75 63 et
1950 261 137 63 humidum
2037 261 50 63 et

1171 320 114 46 postea
1250 320 91 46 fiat
1307 320 125 46 siccum:
1398 320 91 46 erit
1455 320 136 46 calidius
1557 320 91 46 quam
1614 320 91 46 fuit
1671 320 114 46 prius:
1750 320 68 46 et
1784 320 102 46 tamen
1853 320 148 46 subiectum
1966 320 80 46 non
2000 320 80 46 erit.

1160 366 116 46 magis
1237 366 141 46 calitem
1340 366 90 46 aut
1391 366 180 46 dispositum
1533 366 77 46 ad
1571 366 128 46 calore
1661 366 141 46 propter
1764 366 193 46 intensionem
1918 366 141 46 prioris
2008 366 64 46 di-

1168 407 171 47 positionis:
1304 407 80 47 sed
1350 407 125 47 propter
1441 407 102 47 nouam
1509 407 194 47 dispositionem
1669 407 137 47 alterius
1771 407 137 47 rationis
1874 407 57 47 a
1896 407 114 47 prima.
1988 407 102 47 Contra.

1159 455 90 53 prima
1219 455 131 53 responsio
1320 455 70 53 non
1360 455 101 53 valet:
1430 455 70 53 tum
1471 455 80 53 quia
1521 455 70 53 non
1561 455 70 53 est
1601 455 111 53 necesse
1682 455 80 53 quod
1732 455 161 53 quandocumque
1863 455 111 53 aliquod
1943 455 131 53 subiectum
2034 455 50 53 fit

1156 493 126 59 magis
1240 493 98 59 vel
1296 493 126 59 minus
1380 493 112 59 tale
1449 493 126 59 ipsum
1533 493 168 59 rarefiat
1659 493 98 59 vel
1715 493 224 59 condensetur:
1896 493 98 59 sic
1938 493 140 59 probatum

1161 535 88 50 est.
1216 535 66 50 s.
1249 535 66 50 in
1282 535 110 50 prima.
1358 535 66 50 q.
1391 535 66 50 de
1424 535 132 50 augmento
1523 535 143 50 formarum.
1632 535 99 50 arti:
1698 535 110 50 primo.
1775 535 66 50 Et
1808 535 99 50 patet
1874 535 110 50 etiam:
1950 535 88 50 quia
2005 535 66 50 si
2027 535 55 50 lu-

1165 583 84 50 ne
1207 583 280 50 appropinquaretur
1445 583 154 50 aliquod
1557 583 140 50 corpus
1656 583 140 50 potens
1754 583 98 50 eam
1810 583 210 50 illuminare:
1964 583 112 50 quanto

1162 622 103 54 plus
1226 622 270 54 appropinquaretur:
1458 622 116 54 tanto
1535 622 103 54 eius
1599 622 116 54 lumen
1677 622 219 54 intenderetur:
1857 622 77 54 et
1895 622 116 54 tamen
1972 622 103 54 ipsa
2024 622 64 54 non

1158 669 173 46 rarefieret
1294 669 87 46 aut
1343 669 223 46 condensaretur.
1529 669 87 46 tum
1578 669 99 46 quia
1640 669 74 46 et
1677 669 74 46 in
1714 669 124 46 formis
1801 669 210 46 spiritualibus
1974 669 74 46 in
1998 669 87 46 anima

1165 710 142 52 rationali
1274 710 77 52 est
1318 710 131 52 intensio
1417 710 66 52 ea
1449 710 131 52 remissio
1548 710 88 52 etia
1603 710 98 52 sated
1668 710 109 52 istos:
1745 710 66 52 et
1778 710 98 52 tamen
1843 710 77 52 ibi
1887 710 98 52 nulla
1953 710 77 52 est
1986 710 98 52 conden-

1151 750 112 50 satio
1225 750 87 50 vel
1275 750 186 50 rarefactio:
1424 750 74 50 et
1461 750 87 50 ibi
1510 750 99 50 tunc
1572 750 112 50 ratio
1647 750 99 50 fcam
1709 750 87 50 est
1758 750 198 50 insolubilis.
1945 750 74 50 2a
1969 750 112 50 quoqmue

1160 793 126 49 responsio
1257 793 68 49 non
1296 793 97 49 valet.
1364 793 68 49 nam
1403 793 58 49 vt
1432 793 116 49 probatum
1519 793 78 49 est.
1567 793 87 49 supra
1626 793 58 49 q.
1655 793 58 49 et
1684 793 107 49 articio
1761 793 136 49 allegatis.
1868 793 126 49 possibile
1965 793 68 49 est
1994 793 87 49 aliquam

1157 838 174 53 intensionem
1296 838 93 53 esse
1354 838 162 53 continuam:
1482 838 93 53 quae
1540 838 116 53 posito
1621 838 81 53 non
1667 838 127 53 poterit
1760 838 93 53 dici
1818 838 93 53 quod
1876 838 104 53 forma
1934 838 139 53 intendatir

1156 882 118 51 propter
1242 882 118 51 aliquam
1328 882 183 51 dispositionem
1479 882 129 51 secundum
1576 882 129 51 speciem:
1672 882 86 51 nisi
1726 882 140 51 poneretur
1834 882 86 51 quod
1887 882 65 51 in
1920 882 129 51 qualibet
2006 882 75 51 parte

1155 930 139 49 temporis
1260 930 174 49 mensurantis
1399 930 174 49 intensionem
1538 930 104 49 illam
1608 930 151 49 subiectum
1724 930 81 49 sit
1771 930 128 49 mutatum
1863 930 139 49 secundum
1956 930 128 49 infinitas

1164 969 112 57 formas
1242 969 112 57 specie
1321 969 168 57 daestentes.
1478 969 90 57 Item
1534 969 79 57 cum
1579 969 146 57 possibile
1691 969 79 57 sit
1736 969 123 57 aliquam
1826 969 101 57 earum
1893 969 90 57 esse
1950 969 112 57 tantum
2017 969 56 57 per

1171 1015 89 50 vnum
1227 1015 134 50 instans:
1327 1015 134 50 sequitur
1427 1015 89 50 quod
1483 1015 100 50 simul
1550 1015 123 50 habebit
1639 1015 145 50 infinitas
1751 1015 111 50 formas
1829 1015 111 50 specie
1907 1015 156 50 draisentes
2018 1015 67 50 quod

1159 1055 89 47 sunt
1215 1055 212 47 inconuenientia.
1415 1055 67 47 4o
1448 1055 111 47 contra
1526 1055 89 47 opi.
1582 1055 156 47 sequeretur
1705 1055 89 47 quod
1760 1055 100 47 forma
1827 1055 167 47 subiectalis
1961 1055 78 47 est
1994 1055 78 47 susci

1158 1100 109 54 piat
1227 1100 123 54 magis
1308 1100 82 54 et
1349 1100 136 54 minus.
1445 1100 95 54 Nam
1499 1100 82 54 si
1540 1100 109 54 ideo
1608 1100 123 54 forma
1690 1100 218 54 accidentalis
1867 1100 164 54 suscipit
1977 1100 95 54 magis

1160 1146 70 44 et
1195 1146 117 44 minus:
1278 1146 94 44 quia
1336 1146 153 44 subiectum
1454 1146 94 44 quod
1512 1146 141 44 perficit
1618 1146 117 44 potest
1700 1146 94 44 esse
1759 1146 82 44 seu
1805 1146 82 44 est
1852 1146 106 44 magis
1923 1146 70 44 et
1958 1146 106 44 minus
2017 1146 70 44 dis-

1158 1189 133 55 positum:
1258 1189 78 55 cum
1302 1189 78 55 est
1346 1189 144 55 subiectum
1457 1189 78 55 vel
1501 1189 122 55 materia
1590 1189 100 55 forme
1656 1189 188 55 substantialis
1811 1189 144 55 aliquando
1922 1189 78 55 sit
1966 1189 100 55 magis
2022 1189 66 55 dis-

1161 1230 122 54 posita
1246 1230 73 54 ad
1283 1230 122 54 formam
1368 1230 110 54 illam
1441 1230 195 54 substactalem
1600 1230 98 54 quam
1661 1230 110 54 primo
1734 1230 110 54 fuit.
1807 1230 159 54 Similiter
1929 1230 85 54 vna
1978 1230 73 54 ma
2003 1230 85 54 plus-

1166 1272 93 53 quam
1225 1272 105 53 alia.
1295 1272 82 53 nam
1341 1272 105 53 forma
1411 1272 175 53 subiectalis
1551 1272 82 53 non
1598 1272 105 53 habet
1667 1272 70 53 in
1702 1272 93 53 esse
1761 1272 186 53 indiuisibili
1901 1272 186 53 dispositionem:

1153 1315 101 48 cum
1210 1315 145 48 quadam
1312 1315 159 48 corpora
1428 1315 130 48 magis
1514 1315 174 48 videamus
1645 1315 188 48 disposita
1789 1315 87 48 ad
1833 1315 145 48 animam
1920 1315 159 48 quibusdam

1165 1358 111 52 aliis.
1243 1358 89 52 vnde
1298 1358 67 52 et
1331 1358 133 52 meliores
1431 1358 111 52 habent
1509 1358 166 52 operationes
1642 1358 67 52 in
1675 1358 89 52 eis.
1730 1358 144 52 similiter
1841 1358 78 52 non
1885 1358 144 52 quaelibet
1985 1358 100 52 materia

1163 1400 72 51 in
1199 1400 85 51 qua
1247 1400 157 51 inducitur
1368 1400 109 51 forma
1441 1400 109 51 ignis
1513 1400 85 51 est
1562 1400 109 51 eodem
1634 1400 97 51 modo
1694 1400 72 51 et
1731 1400 97 51 eque
1791 1400 97 51 bene
1851 1400 157 51 disposita
1972 1400 72 51 ad
1996 1400 97 51 ipsam:

1158 1445 70 58 vt
1193 1445 104 58 patet
1263 1445 70 58 ad
1298 1445 128 58 sensum:
1391 1445 104 58 seitu
1460 1445 93 58 quod
1518 1445 104 58 etiam
1588 1445 104 58 forme
1658 1445 186 58 subitectales
1808 1445 163 58 suscipient
1936 1445 104 58 magis
2006 1445 70 58 et
2029 1445 58 58 mi-

1160 1490 91 47 nus
1212 1490 104 47 quod
1277 1490 104 47 isti
1343 1490 144 47 negant:
1447 1490 104 47 vnde
1513 1490 104 47 nisi
1578 1490 78 47 in
1617 1490 157 47 subiecto
1734 1490 118 47 magis
1813 1490 170 47 disposito
1943 1490 118 47 esset
2009 1490 65 47 for

1155 1530 160 49 intensiue
1278 1530 147 49 secundum
1388 1530 74 49 se
1425 1530 123 49 maior:
1511 1530 98 49 quam
1572 1530 74 49 ea
1609 1530 98 49 quae
1670 1530 86 49 est
1720 1530 74 49 in
1756 1530 111 49 minus
1830 1530 172 49 disposito:
1965 1530 111 49 ipsum
2027 1530 61 49 non

1155 1578 107 44 esset
1227 1578 107 44 magis
1298 1578 107 44 tale:
1370 1578 95 44 quam
1429 1578 119 44 illud.
1513 1578 83 44 Nec
1560 1578 107 44 valet
1632 1578 167 44 responsio:
1763 1578 119 44 eorum:
1847 1578 83 44 qua
1894 1578 119 44 dicunt
1978 1578 95 44 ideo
2025 1578 60 44 for

1155 1616 136 51 materia
1253 1616 198 51 subsiectalem
1414 1616 86 51 non
1463 1616 161 51 suscipere
1587 1616 111 51 magis
1661 1616 74 51 et
1698 1616 123 51 minus:
1784 1616 99 51 quia
1846 1616 99 51 ipsa
1908 1616 86 51 dat
1957 1616 99 51 esse
2007 1616 86 51 speci

1163 1658 96 52 ficum
1227 1658 182 52 substantiale:
1377 1658 64 52 et
1409 1658 85 52 tale
1463 1658 85 52 esse
1516 1658 75 52 non
1559 1658 107 52 potest
1634 1658 128 52 variari:
1730 1658 85 52 nisi
1783 1658 85 52 ipsa
1837 1658 96 52 forma
1901 1658 128 52 varietur
1986 1658 107 52 secundum

1157 1704 125 45 speciem.
1250 1704 73 45 non
1292 1704 94 45 valet
1354 1704 115 45 inquam:
1438 1704 115 45 quoniam
1521 1704 94 45 sicut
1584 1704 94 45 forma
1646 1704 156 45 subiectalis
1771 1704 73 45 dat
1813 1704 83 45 esse
1865 1704 115 45 specium
1938 1704 156 45 substantiale:

1165 1739 73 54 ita
1206 1739 94 54 forma
1269 1739 167 54 accidentalis
1405 1739 73 54 dat
1446 1739 83 54 esse
1498 1739 125 54 spedieum
1592 1739 167 54 accidentale.
1728 1739 63 54 Si
1759 1739 83 54 ergo
1811 1739 115 54 propter
1895 1739 94 54 aliam
1957 1739 156 54 dispositio

1158 1786 86 52 nem
1207 1786 147 52 subiecti
1317 1786 122 52 potest
1402 1786 134 52 variari
1500 1786 98 52 esse
1561 1786 122 52 formae
1647 1786 196 52 accidentalis
1806 1786 86 52 non
1855 1786 134 52 variata
1953 1786 110 52 forma
2014 1786 73 52 acci

1168 1826 122 52 dentali
1257 1826 144 52 spediete.
1368 1826 78 52 sic
1412 1826 122 52 propter
1501 1826 100 52 aliam
1567 1826 189 52 dispositionem
1723 1826 122 52 materie
1812 1826 111 52 potest
1889 1826 122 52 variari
1978 1826 89 52 esse
2023 1826 55 52 for

1156 1875 175 51 subsiectalis
1298 1875 87 51 ipsa
1353 1875 77 51 non
1397 1875 120 51 variata
1484 1875 142 51 spediete:
1593 1875 66 51 et
1626 1875 77 51 sic
1670 1875 98 51 sicut
1735 1875 98 51 eadem
1801 1875 98 51 forma
1866 1875 175 51 accidentalis
1998 1875 87 51 specie

1164 1917 73 51 et
1200 1917 97 51 nuoa
1261 1917 134 51 propter
1359 1917 134 51 maiorem
1456 1917 85 51 vel
1505 1917 134 51 minorem
1603 1917 207 51 dispositionem
1773 1917 146 51 subiecti
1883 1917 122 51 potest
1968 1917 97 51 dare
2017 1917 73 51 esse

1165 1962 144 51 subiecto
1273 1962 108 51 magis
1345 1962 84 51 vel
1393 1962 120 51 minus:
1478 1962 84 51 sic
1526 1962 72 51 et
1562 1962 216 51 substantialis:
1742 1962 84 51 aut
1790 1962 72 51 si
1826 1962 180 51 subiectalis
1971 1962 84 51 non
2007 1962 84 51 pote-

1163 2003 98 51 rit:
1224 2003 110 51 neque
1298 2003 74 51 et
1334 2003 196 51 accidentalis
1494 2003 86 51 hoc
1543 2003 147 51 poterit.
1678 2003 98 51 Dico
1739 2003 98 51 ergo
1800 2003 135 51 quantum
1898 2003 74 51 ad
1935 2003 98 51 hunc
1984 2003 98 51 artium

1172 2051 86 49 quod
1226 2051 97 49 forma
1291 2051 140 49 quaelibet
1399 2051 129 49 corporal
1496 2051 75 49 qua
1539 2051 162 49 intenditur:
1668 2051 151 49 intenditur
1787 2051 75 49 per
1830 2051 183 49 acquisitionem
1981 2051 86 49 noue
2024 2051 54 49 for

1171 2092 141 50 totaliter
1280 2092 76 50 vel
1323 2092 163 50 partialiter
1454 2092 120 50 eiusdem
1541 2092 141 50 rationis.
1650 2092 65 50 Et
1682 2092 87 50 quod
1737 2092 65 50 in
1769 2092 131 50 qualibet
1867 2092 152 50 intensione
1976 2092 109 50 hususmod

1167 2134 171 53 acquiratur
1301 2134 98 53 noua
1362 2134 110 53 forma
1436 2134 86 53 vel
1485 2134 98 53 pars
1546 2134 122 53 forme:
1632 2134 110 53 patet
1705 2134 73 53 ex
1742 2134 171 53 rationibus
1876 2134 183 53 praemissis.
2011 2134 73 53 quod

1162 2179 103 47 vero
1226 2179 116 47 illud
1304 2179 141 47 nouiter
1406 2179 180 47 acquisitum
1548 2179 90 47 sit
1599 2179 141 47 eiusdem
1702 2179 154 47 rationis
1818 2179 90 47 cum
1869 2179 141 47 priore:
1972 2179 116 47 patet
2037 2179 51 47 ex

1170 2217 82 58 eo
1211 2217 110 58 quod
1280 2217 124 58 forma
1362 2217 96 58 non
1417 2217 165 58 augetur:
1541 2217 110 58 nisi
1609 2217 96 58 per
1664 2217 151 58 simile:
1774 2217 96 58 nec
1829 2217 178 58 subiectum
1966 2217 96 58 fit
2007 2217 69 58 mag

1154 2263 118 47 tale
1228 2263 220 47 formaliter:
1404 2263 118 47 nisi
1477 2263 103 47 per
1536 2263 162 47 aliquod
1654 2263 147 47 simile
1757 2263 88 47 ei
1801 2263 103 47 quo
1859 2263 103 47 est
1918 2263 132 47 tale.
2021 2263 88 47 Con-

1165 2309 97 44 tra
1221 2309 111 44 ista
1290 2309 125 44 tamen
1373 2309 111 44 sunt
1442 2309 208 44 obiectiones
1608 2309 152 44 alique.
1719 2309 125 44 Primo
1802 2309 152 44 quidem:
1913 2309 111 44 quia
1968 2309 125 44 augmen-

1160 2355 113 52 tatio
1236 2355 76 52 et
1274 2355 164 52 generatio
1400 2355 101 52 sunt
1463 2355 176 52 mutationes
1601 2355 176 52 desparate.
1740 2355 126 52 igitur
1828 2355 101 52 augo
1891 2355 126 52 potest
1980 2355 101 52 esse
2030 2355 63 52 si-

1172 2394 74 50 ne
1209 2394 198 50 generatione:
1370 2394 74 50 et
1407 2394 87 50 per
1456 2394 173 50 consequens
1593 2394 124 50 potest
1679 2394 111 50 forma
1754 2394 173 50 augmentari
1890 2394 99 50 sine
1939 2394 149 50 productio-

1167 2435 84 53 ne
1209 2435 168 53 alicuius
1335 2435 168 53 alterius
1461 2435 140 53 partis
1559 2435 168 53 similis:
1686 2435 84 53 ac
1728 2435 98 53 per
1784 2435 98 53 hic
1840 2435 112 53 sine
1910 2435 182 53 additione
2036 2435 56 53 al

1167 2480 164 48 terius.
1317 2480 90 48 2o
1361 2480 90 48 in
1406 2480 209 48 indiuiduis
1571 2480 164 48 eiusdem
1690 2480 179 48 rationis
1825 2480 105 48 non
1885 2480 105 48 est
1945 2480 120 48 ordo
2004 2480 105 48 essen

1168 2524 113 50 tialis
1247 2524 135 50 secundum
1348 2524 192 50 perfectionem.
1506 2524 68 50 Si
1540 2524 102 50 autem
1608 2524 102 50 forma
1675 2524 124 50 intensa
1766 2524 102 50 esset
1833 2524 68 50 in
1867 2524 68 50 se
1901 2524 68 50 et
1935 2524 135 50 secundum
2025 2524 68 50 suam

1162 2568 189 49 essentiam
1308 2568 203 49 perfectior
1467 2568 116 49 alia
1540 2568 102 49 non
1598 2568 116 49 eque
1670 2568 174 49 intensa:
1801 2568 102 49 iam
1859 2568 116 49 vnum
1917 2568 174 49 indiuiduum

1168 2609 120 51 esset
1248 2609 226 51 essentialiter
1434 2609 80 51 et
1474 2609 200 51 inequaliter
1634 2609 186 51 persectius
1780 2609 107 51 alio
1847 2609 173 51 indiuiduo
1967 2609 133 51 eiusden-

1171 2658 188 49 rationis.
1344 2658 87 49 3o
1387 2658 87 49 si
1430 2658 130 49 forma
1517 2658 130 49 auged
1603 2658 101 49 per
1661 2658 216 49 additionem:
1834 2658 101 49 aut
1892 2658 130 49 illud
1964 2658 130 49 additum

1167 2697 83 54 est
1214 2697 165 54 essentiale
1344 2697 130 54 naturae
1439 2697 83 54 vel
1486 2697 106 54 forme
1557 2697 165 54 specifice:
1687 2697 83 54 aut
1734 2697 189 54 accidentalem
1887 2697 130 54 tantum.
1982 2697 71 54 si
2006 2697 94 54 essen-

1167 2740 118 52 tiale.
1250 2740 95 52 ergo
1309 2740 189 52 praeexistens
1463 2740 106 52 forma
1534 2740 83 52 cui
1581 2740 130 52 additur
1675 2740 83 52 non
1723 2740 95 52 erat
1782 2740 83 52 per
1829 2740 71 52 se
1864 2740 71 52 in
1900 2740 118 52 specie
1983 2740 95 52 illa
2030 2740 59 52 cum

1174 2783 124 47 careret
1264 2783 68 47 eo
1298 2783 91 47 quod
1355 2783 79 47 est
1400 2783 68 47 de
1434 2783 124 47 ratione
1524 2783 68 47 et
1558 2783 136 47 essentia
1660 2783 136 47 speciei.
1762 2783 68 47 Si
1796 2783 181 47 accidentale.
1943 2783 91 47 ergo
2000 2783 79 47 non
2033 2783 57 47 fa-

1172 2824 79 54 cit
1217 2824 79 54 per
1262 2824 68 54 se
1296 2824 91 54 vnum
1353 2824 79 54 cum
1398 2824 204 54 praeexistente:
1568 2824 68 54 et
1602 2824 79 54 per
1647 2824 158 54 consequens
1772 2824 79 54 non
1817 2824 147 54 augmentat
1930 2824 113 54 ipsam.
2032 2824 68 54 4o
2055 2824 45 54 si

1180 2870 93 45 forma
1242 2870 124 45 intendus
1335 2870 73 45 per
1377 2870 73 45 hoc
1418 2870 83 45 quod
1470 2870 83 45 sibi
1522 2870 114 45 additur
1605 2870 83 45 alia
1657 2870 156 45 consimilis.
1781 2870 83 45 ergo
1833 2870 62 45 et
1864 2870 93 45 forma
1926 2870 166 45 subsiectalis
2051 2870 41 45 et

1170 2915 180 54 consimiliter
1316 2915 146 54 quantitas
1428 2915 180 54 intenderetur
1574 2915 67 54 ex
1608 2915 146 54 additione
1720 2915 135 54 alicuius
1821 2915 168 54 consimilis:
1956 2915 79 54 cum
2001 2915 67 54 et
2023 2915 79 54 forme

1168 2959 217 51 substantiali
1344 2959 135 51 possit
1439 2959 108 51 addi
1507 2959 149 51 similis
1615 2959 122 51 forma
1696 2959 95 51 vel
1751 2959 108 51 pars
1818 2959 149 51 similis
1927 2959 149 51 faciens
2021 2959 68 51 per

1182 3001 54 48 se
1209 3001 72 48 vnum
1254 3001 63 48 cum
1290 3001 63 48 ea:
1326 3001 54 48 et
1353 3001 117 48 similiter
1443 3001 135 48 quantitati.
1551 3001 126 48 consequens
1651 3001 81 48 tamen
1705 3001 63 48 est
1741 3001 126 48 sfcilitet:
1840 3001 72 48 quia
1885 3001 63 48 nec
1921 3001 144 48 substectalis
2029 3001 63 48 forma

1166 3045 112 55 nec
1230 3045 208 55 quantitas
1390 3045 192 55 suscipit
1534 3045 144 55 magis
1630 3045 96 55 et
1677 3045 160 55 minus.
1821 3045 96 55 5o
1869 3045 112 55 cum
1933 3045 160 55 aliqua
2029 3045 80 55 res
