2467 3531
157 273 162 78 posite
270 273 97 78 ex
319 273 146 78 primo
416 273 162 78 genere
529 273 97 78 et
577 273 194 78 pluribus
723 273 259 78 differentiis
933 273 162 78 quando
1030 273 65 78 ab

167 342 83 53 eis
215 342 167 53 diminuitur
346 342 119 53 aliqua
429 342 178 53 differentia
572 342 178 53 transfertur
714 342 167 53 diffinitio
845 342 71 53 ad
881 342 202 53 diffinitionem
1036 342 59 53 al-

172 386 96 47 terius
240 386 116 47 naturae.
326 386 58 47 et
355 386 125 47 similiter
452 386 96 47 quando
519 386 106 47 additur
596 386 58 47 in
625 386 67 47 eis
663 386 96 47 aliqua
731 386 154 47 differentia.
856 386 87 47 verbi
914 386 96 47 gratia
981 386 96 47 quando
1039 386 48 47 cum

160 431 174 48 dixerimus
293 431 80 48 in
333 431 214 48 diffinitione
507 431 160 48 animalis
627 431 107 48 quod
694 431 94 48 est
748 431 134 48 corpus
841 431 174 48 nutribile
975 431 80 48 et
1001 431 94 48 sensi

166 472 107 48 bile
232 472 80 48 si
272 472 213 48 diminuerimus
445 472 147 48 vltimam
552 472 213 48 differentiam
725 472 173 48 remanebit
859 472 187 48 diffinitio
992 472 93 48 vege-

171 519 137 49 tabilium.
277 519 63 49 Et
308 519 63 49 si
340 519 116 49 addatur
424 519 84 49 alia
477 519 147 49 differntia
593 519 126 49 scilicet
687 519 137 49 rationale
793 519 84 49 fiet
845 519 147 49 diffinitio
951 519 126 49 homnins:ho

161 563 200 53 Commentatoris.
327 563 55 53 â‹
349 563 67 53 Ex
383 563 100 53 istis
449 563 100 53 patet
516 563 89 53 quod
571 563 122 53 dictum.
660 563 67 53 P.
693 563 67 53 in
726 563 100 53 nullo
793 563 78 53 est
837 563 67 53 ad
870 563 155 53 propositum
981 563 111 53 istorum:

169 609 76 42 cum
213 609 76 42 non
256 609 131 42 loquatur
354 609 87 42 nisi
409 609 65 42 de
441 609 207 42 diffinitionibus
616 609 76 42 non
659 609 65 42 de
692 609 109 42 formis
768 609 98 42 extra
834 609 120 42 animam.
921 609 65 42 in
953 609 109 42 tantum
1019 609 76 42 tamen

161 652 117 51 potest
243 652 117 51 adduci
325 652 70 51 ad
361 652 82 51 res
408 652 117 51 ipsas:
490 652 117 51 quarum
572 652 94 51 sunt
630 652 211 51 diffinitiones:
806 652 129 51 quoniam
900 652 106 51 sicut
970 652 70 51 ex
994 652 82 51 addi-

149 689 112 46 tione
223 689 87 46 vel
273 689 187 46 diminutione
422 689 174 46 diffinitio
559 689 87 46 fit
609 689 137 46 propria
709 689 137 46 aliarum
808 689 75 46 et
846 689 137 46 aliarum
945 689 124 46 rerum:
1020 689 62 46 sic

153 734 82 50 res
200 734 94 50 ipse
259 734 117 50 quibus
341 734 199 50 diffinitiones
505 734 94 50 sunt
564 734 129 50 proprie
658 734 94 50 fcam
716 734 164 50 praedictam
845 734 153 50 additione
963 734 82 50 vel
998 734 82 50 dimi-

148 776 142 52 nutione.
255 776 95 52 sunt
314 776 142 52 alterius
421 776 71 52 et
456 776 142 52 alterius
563 776 130 52 speciei
658 776 83 52 vel
705 776 118 52 nature
788 776 166 52 specifice.
918 776 154 52 Similiter
1025 776 71 52 quod

156 820 83 44 res
204 820 95 44 quae
263 820 201 44 essentialiter
429 820 154 44 includunt
547 820 130 44 aliquod
642 820 71 44 ad
677 820 95 44 quod
737 820 178 44 explicandum
879 820 83 44 per
914 820 178 44 diffinitionem

154 865 128 43 necesse
247 865 81 43 est
294 865 116 43 addere
375 865 186 43 differentiam
526 865 128 43 aliquam
618 865 70 43 in
653 865 197 43 diffinitione:
816 865 93 43 quam
874 865 81 43 non
920 865 128 43 oportet
1001 865 93 43 ponere

155 907 72 45 in
191 907 192 45 diffinitione
347 907 132 45 aliarum
443 907 108 45 rerum
515 907 84 45 que
563 907 84 45 per
611 907 168 45 consequens
743 907 96 45 tale
803 907 96 45 quid
863 907 204 45 essentialiter
1019 907 60 45 non

150 951 147 45 includunt
263 951 192 45 essentialiter
421 951 91 45 sunt
478 951 136 45 alterius
580 951 124 45 speciei
670 951 68 45 ab
704 951 113 45 illis:
783 951 79 45 sed
829 951 102 45 illud
897 951 68 45 vt
931 951 102 45 patet
998 951 79 45 non
1032 951 57 45 est

148 994 71 50 ad
184 994 177 50 propositum:
326 994 130 50 quoniam
420 994 130 50 additio
515 994 95 50 quae
574 994 130 50 ponitur
668 994 71 50 in
704 994 106 50 forma
775 994 83 50 cum
822 994 166 50 intenditur
952 994 83 50 non
999 994 83 50 est
1035 994 59 50 per

153 1036 143 56 aliquod
257 1036 117 56 tale.
336 1036 91 56 cum
388 1036 78 56 id
427 1036 91 56 sit
479 1036 143 56 penitus
583 1036 143 56 eiusdem
688 1036 157 56 rationis
805 1036 91 56 cum
857 1036 78 56 ea
896 1036 91 56 cui
949 1036 143 56 additur
1040 1036 52 56 et

162 1082 84 44 cum
210 1082 72 44 ea
246 1082 96 44 quae
306 1082 191 44 constituitur
461 1082 72 44 ex
497 1082 144 44 vtraque.
605 1082 60 44 â‹
629 1082 96 44 Item
688 1082 96 44 esto
748 1082 108 44 quod.
820 1082 72 44 P.
856 1082 167 44 loqueretur
987 1082 72 44 de
1011 1082 72 44 esen

142 1125 103 43 tiis
207 1125 155 43 formarum
323 1125 116 43 extra
400 1125 129 43 animam
490 1125 116 43 adhuc
567 1125 90 43 non
619 1125 193 43 loquaeretur
774 1125 103 43 nisi
838 1125 77 43 de
877 1125 129 43 formis
954 1125 129 43 subiecta

152 1167 111 53 libus:
229 1167 100 53 sicut
296 1167 78 53 non
340 1167 133 53 loquitur
440 1167 89 53 nisi
495 1167 66 53 de
528 1167 210 53 diffinitionibus
706 1167 166 53 subiectarum
838 1167 188 53 compositarum:
993 1167 66 53 et
1016 1167 66 53 ideo

157 1212 115 47 nihil
234 1212 115 47 facit
311 1212 90 47 pro
362 1212 90 47 eis
414 1212 115 47 illud
490 1212 141 47 dictum.
593 1212 77 47 P.
631 1212 77 47 et
670 1212 128 47 multum
760 1212 115 47 miror
836 1212 103 47 quod
901 1212 77 47 in
939 1212 103 47 tali
990 1212 90 47 dicto

154 1254 123 49 tanti
237 1254 165 49 doctores
360 1254 110 49 suam
429 1254 206 49 fundauerunt
593 1254 192 49 opinionem.
744 1254 69 49 â‹
772 1254 82 49 Et
813 1254 82 49 si
854 1254 151 49 dicatur
964 1254 123 49 quod.
1032 1254 55 49 P.

153 1297 104 48 ibi
212 1297 163 48 subdit:
331 1297 89 48 et
375 1297 222 48 quemadmodum
553 1297 104 48 nec
612 1297 148 48 nuerus
715 1297 133 48 habet
804 1297 133 48 magis
893 1297 89 48 et
937 1297 133 48 minus
1011 1297 74 48 nec

163 1341 77 46 quae
211 1341 115 46 secundum
298 1341 106 46 speciem
375 1341 125 46 subiecta:
471 1341 67 46 sed
509 1341 115 46 siquidem
596 1341 67 46 cum
634 1341 115 46 materia.
721 1341 67 46 vbi
759 1341 86 46 vult.
817 1341 77 46 quod
865 1341 115 46 subiecta
951 1341 77 46 quae
1000 1341 67 46 est
1028 1341 58 46 for-

155 1385 72 45 ma
191 1385 85 45 non
239 1385 145 45 suscipit
348 1385 109 45 magis
421 1385 72 45 et
457 1385 109 45 minus
529 1385 97 45 nisi
590 1385 145 45 secundum
698 1385 97 45 quod
759 1385 85 45 est
807 1385 72 45 in
843 1385 145 45 materia.
952 1385 85 45 Non
988 1385 97 45 potest

143 1430 105 53 autem
214 1430 82 53 hoc
260 1430 152 53 intelligi
378 1430 70 53 de
413 1430 141 53 subiecta
518 1430 141 53 secundum
624 1430 94 53 quod
682 1430 187 53 distinguitur
834 1430 70 53 ab
869 1430 164 53 accidente:
987 1430 105 53 quoniam

152 1472 109 45 talis
224 1472 85 45 non
273 1472 97 45 estm
333 1472 145 45 secundum
442 1472 97 45 quod
503 1472 85 45 est
551 1472 73 45 in
587 1472 133 45 materia
684 1472 145 45 suscipit
793 1472 109 45 magis
865 1472 73 45 et
902 1472 121 45 minus.
974 1472 109 45 accipit

157 1515 87 50 ergo
212 1515 142 50 subiectam
321 1515 76 50 pro
365 1515 131 50 essentia
463 1515 66 50 et
496 1515 76 50 est
539 1515 87 50 eius
594 1515 131 50 intentio
692 1515 87 50 quod
747 1515 131 50 essentia
845 1515 98 50 forme
910 1515 131 50 secundum
1009 1515 66 50 se
1030 1515 55 50 non

152 1561 139 54 suscipit
256 1561 104 54 magis
326 1561 69 54 et
360 1561 116 54 minus:
441 1561 81 54 sed
488 1561 139 54 secundum
592 1561 92 54 quod
649 1561 81 54 est
696 1561 69 54 in
730 1561 139 54 materia:
834 1561 69 54 et
869 1561 81 54 hoc
915 1561 81 54 est
950 1561 127 54 suscipere

158 1604 108 51 magis
230 1604 72 51 et
266 1604 108 51 minus
339 1604 145 51 secundum
447 1604 108 51 esse.
520 1604 60 51 â‹
544 1604 157 51 Respondeo
664 1604 96 51 quod
724 1604 108 51 etiam
797 1604 96 51 ista
857 1604 169 51 similitudo
978 1604 108 51 attendi

152 1646 82 53 tur
199 1646 105 53 inter
269 1646 128 53 numerum
362 1646 70 53 et
397 1646 210 53 diffinitionem:
572 1646 82 53 aut
619 1646 105 53 etiam
689 1646 152 53 essentiam
806 1646 140 53 subiecte
911 1646 152 53 composite
1016 1646 70 53 quam

155 1691 142 45 explicat
262 1691 165 45 diffinitio
392 1691 83 45 vel
439 1691 95 45 ipsa
498 1691 106 45 forma
569 1691 189 45 subsiectalis
722 1691 95 45 quae
782 1691 189 45 principalior
935 1691 83 45 est
982 1691 95 45 pars
1030 1691 47 45 ta

154 1731 70 49 lis
194 1731 130 49 essentie.
294 1731 140 49 Diffinitio
404 1731 80 49 enim
454 1731 70 49 non
494 1731 110 49 dicitur
574 1731 60 49 de
604 1731 100 49 aliquo
674 1731 120 49 secundum
764 1731 90 49 magis
824 1731 60 49 et
854 1731 60 49 de
884 1731 100 49 aliqua
954 1731 120 49 secundum
1034 1731 50 49 mi-

150 1775 100 49 nus.
213 1775 88 49 nec
263 1775 100 49 ipsa
326 1775 150 49 essentia
439 1775 150 49 subiecte
552 1775 88 49 vel
602 1775 113 49 forma
677 1775 213 49 substantialis
853 1775 88 49 sic
903 1775 163 49 composite
1016 1775 75 49 ali-

156 1820 114 51 quam
227 1820 86 51 in
270 1820 86 51 se
313 1820 185 51 itensiuam
455 1820 128 51 habet
541 1820 214 51 latitudinem
712 1820 100 51 aut
769 1820 214 51 maioritatem
940 1820 100 51 vel
983 1820 100 51 mino-

159 1861 156 54 ritatem.
276 1861 104 54 Quia
341 1861 78 54 si
380 1861 104 54 quam
444 1861 117 54 habet
522 1861 195 54 latitudinem
678 1861 91 54 hoc
730 1861 91 54 est
782 1861 156 54 latitudo
898 1861 169 54 extensiua
1015 1861 65 54 que

154 1904 73 49 est
195 1904 126 49 secundum
290 1904 126 49 diuersas
384 1904 105 49 partes
457 1904 189 49 quantitatiuas.
615 1904 84 49 quae
667 1904 126 49 secundum
761 1904 94 49 ipsum
824 1904 178 49 principaliter
971 1904 63 49 ex
992 1904 94 49 materia

166 1951 80 50 vel
211 1951 126 50 propter
303 1951 138 50 materiam
406 1951 149 50 competunt
521 1951 92 50 rei:
579 1951 69 50 et
613 1951 126 50 propter
705 1951 80 50 hoc
751 1951 92 50 vnus
808 1951 92 50 homo
866 1951 80 50 non
911 1951 80 50 est
957 1951 103 50 magis
1015 1951 80 50 homo:

156 1995 111 46 quam
225 1995 138 46 alius:
322 1995 152 46 quamuis
433 1995 138 46 posset
529 1995 111 46 esse
598 1995 97 46 aut
654 1995 97 46 sit
709 1995 138 46 maior.
806 1995 69 46 â‹
833 1995 83 46 Et
875 1995 111 46 huic
930 1995 152 46 concordat

152 2040 145 49 expoitio
260 2040 217 49 Commentatoris.
441 2040 133 49 ibidem.
538 2040 84 49 Ait
586 2040 96 49 enim
646 2040 121 49 deinde
730 2040 133 49 inducit
827 2040 84 49 3am
875 2040 205 49 similitudinem
1032 2040 60 49 in-

151 2077 89 49 ter
202 2077 217 49 diffinitiones
381 2077 77 49 et
419 2077 140 49 numeros
521 2077 77 49 et
560 2077 128 49 dixit.
649 2077 77 49 et
687 2077 191 49 quemadmodum
840 2077 89 49 etc
892 2077 77 49 id
930 2077 89 49 est
968 2077 115 49 quemad-

147 2122 125 54 modum
230 2122 125 54 forma
314 2122 153 54 numeri.
425 2122 111 54 vrbi
494 2122 153 54 gratia.
605 2122 167 54 trinitas
730 2122 97 54 non
786 2122 153 54 recipit
897 2122 125 54 magis
980 2122 83 54 et
1008 2122 69 54 mi-

144 2171 112 49 nus:
214 2171 84 49 eo
256 2171 112 49 quod
326 2171 98 49 non
382 2171 98 49 est
437 2171 168 49 trinitas
563 2171 126 49 magis
647 2171 112 49 quam
717 2171 112 49 alia
787 2171 182 49 trinitas:
926 2171 126 49 neque
996 2171 84 49 dua-

141 2211 129 46 litas
227 2211 129 46 magis
313 2211 115 46 quam
385 2211 115 46 alia
456 2211 187 46 dualitas:
600 2211 100 46 ita
657 2211 129 46 forma
744 2211 215 46 subiectalis
916 2211 100 46 non
959 2211 129 46 recipit

145 2253 130 49 magis
231 2253 87 49 et
275 2253 144 49 minus.
376 2253 101 49 Non
433 2253 116 49 enim
506 2253 101 49 est
563 2253 116 49 homo
635 2253 159 49 maioris
751 2253 217 49 huanitatis:
924 2253 116 49 quam
982 2253 101 49 alius

143 2296 91 49 homo
199 2296 136 49 secundum
301 2296 124 49 formam:
392 2296 79 49 sed
437 2296 68 49 si
471 2296 113 49 fuerit
550 2296 136 49 scilicet
652 2296 124 49 maioris
742 2296 158 49 huanitatis
867 2296 91 49 erit
924 2296 136 49 secundum
1014 2296 68 49 quod

146 2345 109 46 forma
219 2345 85 46 est
267 2345 73 46 in
304 2345 73 46 eo
340 2345 73 46 in
377 2345 146 46 materia.
486 2345 73 46 Et
522 2345 134 46 constat
620 2345 97 46 quod
680 2345 109 46 talis
753 2345 158 46 maioritas
875 2345 97 46 quae
935 2345 85 46 est
972 2345 109 46 secundu

153 2382 132 55 partes
245 2382 158 55 materiae
364 2382 92 55 est
417 2382 132 55 tantum
509 2382 172 55 maioritas
641 2382 185 55 extensiua.
787 2382 66 55 â‹
813 2382 79 55 Ad
853 2382 158 55 rationem
971 2382 92 55 2am
1011 2382 66 55 cum

165 2429 122 54 dicitur
253 2429 88 54 quod
309 2429 155 54 vnaquaeque
430 2429 77 54 res
475 2429 133 54 propriam
574 2429 100 54 habet
641 2429 166 54 certitudine
773 2429 88 54 quae
829 2429 144 54 consistit
939 2429 66 54 in
961 2429 122 54 indiuisi-

153 2473 96 52 bili.
217 2473 85 52 dico
270 2473 85 52 quod
323 2473 74 52 vel
366 2473 74 52 per
408 2473 170 52 certitudinem
546 2473 159 52 intellecter
674 2473 149 52 diffinitio
790 2473 64 52 et
822 2473 117 52 propria
907 2473 96 52 ratio
960 2473 117 52 quiditati

161 2518 86 52 ua:
210 2518 110 52 sicut
283 2518 110 52 Auic.
356 2518 159 52 aliquando
479 2518 135 52 videtur
577 2518 86 52 hoc
626 2518 147 52 vocabulo
736 2518 98 52 vti.
797 2518 73 52 et
833 2518 98 52 tunc
895 2518 86 52 quo
943 2518 86 52 non
980 2518 98 52 possit

151 2558 96 49 sibi
211 2558 108 49 fieri
283 2558 144 49 additio:
391 2558 72 49 et
427 2558 144 49 qualiter
535 2558 84 49 hoc
583 2558 120 49 faciat
668 2558 72 49 ad
704 2558 168 49 propositum
836 2558 108 49 patet
908 2558 72 49 ex
932 2558 144 49 praeceden-

157 2600 71 49 ti
193 2600 188 49 responsione.
345 2600 82 49 vel
393 2600 82 49 per
440 2600 188 49 certitudinem
593 2600 176 49 intellecter
734 2600 129 49 ipsamet
828 2600 141 49 essentia
934 2600 82 49 rei
969 2600 106 49 praeci-

157 2644 67 50 sa
190 2644 90 50 quae
247 2644 79 50 non
292 2644 79 50 est
336 2644 90 50 nisi
393 2644 101 50 ipsa:
460 2644 67 50 et
494 2644 90 50 tunc
550 2644 79 50 cum
595 2644 124 50 dicitur
685 2644 90 50 quod
741 2644 90 50 ipsa
797 2644 146 50 consistit
909 2644 67 50 in
932 2644 157 50 indiuisibili

161 2689 131 53 sensus
253 2689 131 53 potest
345 2689 105 53 esse
411 2689 92 53 2a.
463 2689 105 53 vnus
529 2689 105 53 quod
595 2689 105 53 ipsa
660 2689 92 53 sit
713 2689 79 53 in
752 2689 79 53 se
792 2689 145 53 simplex
897 2689 92 53 non
936 2689 145 53 includens

169 2735 142 50 partes.
272 2735 77 50 et
311 2735 90 50 hic
362 2735 90 50 est
414 2735 142 50 falsus.
517 2735 154 50 huanitas
633 2735 103 50 enim
697 2735 90 50 est
748 2735 129 50 tantum
838 2735 167 50 humanitas
967 2735 77 50 et
993 2735 90 50 equi-

171 2772 103 51 nitas
239 2772 114 51 tantum
319 2772 160 51 equinitas:
445 2772 69 51 et
479 2772 126 51 vtraque
571 2772 80 51 est
617 2772 149 51 composita
731 2772 69 51 et
765 2772 80 51 non
811 2772 183 51 simpliciter:
960 2772 69 51 et
994 2772 80 51 sic
1028 2772 46 51 de

172 2817 156 55 quaelibet
292 2817 144 55 essentia
400 2817 180 55 subiectarum
544 2817 204 55 compositarum.
712 2817 108 55 Alius
784 2817 120 55 sensus
868 2817 84 55 est
916 2817 96 55 quod
976 2817 96 55 sibi
1024 2817 60 55 non

168 2865 115 53 potest
248 2865 92 53 addi
305 2865 126 53 aliquid
397 2865 92 53 quod
454 2865 80 53 sit
500 2865 92 53 eius
558 2865 172 53 intrinsece:
695 2865 69 53 et
730 2865 92 53 omne
787 2865 80 53 cui
833 2865 80 53 est
879 2865 126 53 aliquod
959 2865 115 53 intrinus

162 2907 102 52 quod
226 2907 89 52 non
277 2907 89 52 est
328 2907 153 52 intrinum
443 2907 102 52 sibi
506 2907 89 52 non
557 2907 89 52 est
608 2907 115 52 ipsa.
685 2907 102 52 Item
749 2907 89 52 nec
800 2907 140 52 aliquid
902 2907 89 52 non
940 2907 140 52 includens

161 2949 98 47 omne
222 2949 98 47 quod
283 2949 98 47 ista
345 2949 147 47 includit
455 2949 86 47 est
504 2949 110 47 ipsa:
578 2949 74 47 et
615 2949 86 47 hic
664 2949 123 47 sensus
750 2949 110 47 verus
823 2949 98 47 est.
885 2949 86 47 Sed
934 2949 86 47 hoc
971 2949 110 47 contin-

154 2991 89 54 git
205 2991 191 54 dupliciter:
358 2991 140 54 quoniam
460 2991 89 54 vel
511 2991 115 54 istud
587 2991 140 54 additum
689 2991 89 54 seu
740 2991 102 54 plus
803 2991 153 54 inclusum
918 2991 89 54 est
956 2991 127 54 alterius

168 3041 133 47 rationis
268 3041 67 47 ab
301 3041 67 47 eo
335 3041 78 47 cui
379 3041 133 47 additur:
479 3041 67 47 et
512 3041 100 47 illud
579 3041 78 47 cui
623 3041 122 47 additur
712 3041 100 47 habet
779 3041 133 47 propriam
879 3041 144 47 rationem:
990 3041 67 47 et
1012 3041 67 47 tunc

158 3082 104 71 illud
228 3082 93 71 quod
286 3082 81 71 hoc
333 3082 93 71 plus
391 3082 139 71 includit
495 3082 81 71 est
541 3082 104 71 aliud
611 3082 139 71 secundum
716 3082 139 71 rationem
820 3082 70 71 et
855 3082 139 71 speciem:
959 3082 81 71 vel
1006 3082 104 71 illud

1138 275 106 79 plus
1204 275 160 79 inclusum
1324 275 93 79 est
1377 275 146 79 eiusdem
1484 275 160 79 rationis
1604 275 93 79 cum
1657 275 80 79 eo
1697 275 93 79 cui
1750 275 160 79 additur:
1870 275 80 79 et
1910 275 106 79 tunc
1963 275 93 79 inclu

1129 350 95 51 dens
1189 350 143 51 vtrumque
1296 350 83 51 non
1343 350 83 51 est
1391 350 107 51 aliud
1463 350 143 51 secundum
1570 350 155 51 rationem:
1689 350 83 51 sed
1736 350 83 51 est
1784 350 107 51 aliud
1856 350 143 51 secundum
1951 350 107 51 numerum

1141 393 91 51 vel
1193 393 117 51 sicut
1271 393 117 51 totum
1349 393 91 51 est
1401 393 117 51 aliud
1479 393 65 51 a
1505 393 130 51 parte.
1596 393 65 51 â‹
1623 393 104 51 Nunc
1688 393 78 51 ad
1727 393 182 51 propositum
1870 393 117 51 forme
1935 393 117 51 praexi-

1133 432 121 55 stenti
1218 432 133 55 additur
1314 432 133 55 aliquid
1411 432 121 55 simile
1496 432 73 55 et
1532 432 133 55 eiusdem
1629 432 157 55 rationis:
1750 432 73 55 et
1786 432 109 55 illud
1859 432 133 55 additum
1955 432 85 55 non
1992 432 60 55 est

1136 473 75 51 de
1174 473 151 51 essentia
1287 473 125 51 illius
1375 473 226 51 praeexistentis
1563 473 88 51 cui
1613 473 151 51 additur:
1726 473 88 51 sed
1776 473 75 51 de
1814 473 151 51 essentia
1927 473 113 51 forme
1989 473 63 51 to-

1129 516 113 53 talis
1205 516 75 53 ex
1242 516 113 53 illis
1318 516 188 53 constitute:
1468 516 75 53 et
1506 516 100 53 ideo
1569 516 100 53 ipsa
1632 516 88 53 que
1682 516 113 53 vltra
1757 516 213 53 preexistentem
1920 516 126 53 includit

1130 563 143 48 additam
1234 563 91 48 non
1286 563 91 48 est
1339 563 104 48 illa
1404 563 209 48 preexistens.
1573 563 104 48 vnde
1639 563 143 48 ponatur
1743 563 104 48 quod
1808 563 117 48 nomen
1873 563 170 48 significans

1137 606 145 52 praecise
1246 606 121 52 formam
1331 606 97 52 nunc
1391 606 170 52 existente.
1525 606 85 52 vbi
1573 606 121 52 gratia
1658 606 158 52 albedinem
1779 606 121 52 sortes
1864 606 85 52 sit
1913 606 73 52 a.
1937 606 121 52 acquirat

1137 652 142 45 deinde
1236 652 142 45 sortes
1335 652 113 45 plus
1406 652 85 45 de
1449 652 184 45 albedine:
1590 652 128 45 forma
1675 652 156 45 totalis
1789 652 184 45 resultans
1930 652 85 45 ex
1973 652 85 45 a.
2001 652 57 45 et

1136 698 73 45 ea
1172 698 97 45 quae
1233 698 97 45 nunc
1293 698 157 45 acquisita
1414 698 97 45 est:
1475 698 85 45 non
1523 698 85 45 est
1571 698 73 45 a.
1608 698 133 45 quamuis
1704 698 145 45 includat
1813 698 73 45 a.
1849 698 109 45 sicut
1922 698 109 45 totum
1983 698 60 45 non

1142 738 85 55 est
1191 738 110 55 pars:
1264 738 134 55 quamuis
1361 738 146 55 includat
1471 738 134 55 partem.
1569 738 61 55 â‹
1593 738 98 55 Item
1654 738 73 55 si
1691 738 85 55 per
1740 738 195 55 remissionem:
1899 738 122 55 sortes
1972 738 73 55 per-

1132 778 103 47 dat
1191 778 162 47 aliquod
1309 778 103 47 dne
1367 778 132 47 forma
1456 778 88 47 a.
1500 778 132 47 forma
1588 778 176 47 remanens
1720 778 103 47 non
1779 778 103 47 est
1838 778 88 47 a.
1882 778 103 47 his
1940 778 103 47 non
1985 778 73 47 ob-

1127 822 160 49 stantibus:
1253 822 80 49 non
1298 822 80 49 est
1344 822 137 49 alterius
1447 822 137 49 speciei:
1550 822 92 49 quam
1608 822 92 49 eius
1665 822 103 49 cuius
1734 822 92 49 fuit
1791 822 69 49 a.
1825 822 69 49 et
1860 822 103 49 eodem
1928 822 92 49 modo
1974 822 69 49 form

1140 866 145 52 includens
1251 866 134 52 plusquam
1352 866 67 52 a.
1385 866 78 52 non
1430 866 78 52 est
1474 866 134 52 alterius
1575 866 123 52 speciei
1664 866 89 52 quam
1720 866 67 52 a.
1753 866 145 52 Similiter
1865 866 134 52 dicendum
1965 866 67 52 de
1987 866 56 52 dua

1134 909 91 55 bus
1186 909 194 55 albedinibus
1341 909 168 55 totaliter
1470 909 78 55 se
1509 909 233 55 excludentibus:
1703 909 116 55 sicut
1781 909 129 55 albedo
1871 909 129 55 sortis
1962 909 78 55 et
1987 909 65 55 ali

1140 952 112 47 bedo
1210 952 181 47 platonis.
1349 952 98 47 Nam
1405 952 112 47 esto
1475 952 112 47 quod
1544 952 98 47 vna
1600 952 125 47 harum
1684 952 139 47 plures
1781 952 139 47 gradus
1879 952 153 47 eiusdem
1976 952 70 47 ra-

1138 998 125 47 tionis
1226 998 163 47 includat:
1351 998 100 47 quam
1414 998 138 47 reliqua
1514 998 113 47 adhuc
1589 998 88 47 non
1639 998 88 47 est
1689 998 150 47 alterius
1802 998 150 47 rationis
1914 998 75 47 ab
1952 998 88 47 ea:
1989 998 63 47 sed

1130 1038 125 50 tantum
1217 1038 175 50 dintecenus
1354 1038 150 50 secundum
1466 1038 150 50 numerum.
1578 1038 112 50 secus
1653 1038 112 50 autem
1728 1038 112 50 esset
1803 1038 75 50 si
1840 1038 112 50 illud
1915 1038 100 50 plus
1965 1038 87 50 inclu

1135 1083 92 54 sum
1187 1083 118 54 esset
1266 1083 158 54 alterius
1385 1083 158 54 rationis
1503 1083 79 54 et
1542 1083 118 54 totum
1621 1083 171 54 includens
1753 1083 105 54 illa
1818 1083 145 54 diuersa
1924 1083 118 54 esset
1989 1083 66 54 per

1137 1124 84 49 se
1179 1124 126 49 vnum.
1263 1124 70 49 â‹
1291 1124 84 49 Ad
1333 1124 126 49 aliam
1417 1124 98 49 per
1473 1124 112 49 quam
1543 1124 168 49 probatur
1670 1124 112 49 quod
1740 1124 126 49 eadem
1824 1124 126 49 forma
1908 1124 84 49 in
1950 1124 84 49 se
1978 1124 70 49 non

1134 1170 122 46 aucta
1216 1170 95 46 vel
1270 1170 162 46 diminuta
1392 1170 135 46 potest
1486 1170 108 46 dare
1554 1170 122 46 magis
1635 1170 81 46 et
1676 1170 122 46 minus
1757 1170 108 46 esse
1825 1170 122 46 tale:
1906 1170 108 46 quia
1960 1170 95 46 sicut

1139 1211 113 56 virtus
1218 1211 68 56 ad
1252 1211 102 56 agere
1320 1211 91 56 etc.
1377 1211 91 56 Dico
1433 1211 102 56 primo
1501 1211 91 56 quod
1558 1211 68 56 si
1592 1211 102 56 ratio
1660 1211 125 56 valeret
1750 1211 102 56 eodem
1818 1211 91 56 modo
1875 1211 159 56 probaretur
1988 1211 68 56 quod

1127 1257 117 47 eadem
1205 1257 117 47 forma
1283 1257 156 47 secundum
1399 1257 78 47 se
1438 1257 117 47 totam
1516 1257 130 47 posset
1607 1257 104 47 dare
1672 1257 104 47 esse
1737 1257 156 47 diuersis
1853 1257 169 47 subiectis
1970 1257 78 47 esst

1132 1296 94 47 situ
1191 1296 177 47 distantibus
1332 1296 71 47 et
1368 1296 82 47 vno
1415 1296 130 47 tempore
1509 1296 82 47 vni
1556 1296 71 47 et
1592 1296 94 47 alio
1651 1296 130 47 tempore
1745 1296 130 47 alteri:
1839 1296 82 47 cui
1886 1296 106 47 primo
1957 1296 82 47 non
1992 1296 59 47 da-

1137 1343 94 48 bat
1190 1343 121 48 esse.
1271 1343 94 48 Nam
1325 1343 94 48 per
1379 1343 135 48 eandem
1473 1343 162 48 virtutem
1594 1343 135 48 potest
1689 1343 121 48 agens
1769 1343 121 48 simul
1850 1343 121 48 agere
1931 1343 81 48 in
1958 1343 94 48 diuer

1125 1384 75 56 sa
1163 1384 163 56 subiecta:
1288 1384 100 56 sict
1351 1384 88 56 sol
1401 1384 113 56 simul
1476 1384 88 56 per
1526 1384 125 56 eandem
1613 1384 150 56 virtutem
1726 1384 163 56 illuminat
1851 1384 113 56 aquam
1926 1384 75 56 et
1951 1384 100 56 aerem.

1129 1427 71 50 Et
1165 1427 153 50 similiter
1282 1427 118 50 potest
1364 1427 106 50 agere
1435 1427 106 50 prius
1505 1427 71 50 in
1541 1427 106 50 vnum:
1611 1427 71 50 et
1646 1427 118 50 postea
1729 1427 71 50 in
1764 1427 118 50 aliud:
1846 1427 106 50 sicut
1917 1427 94 50 nunc
1964 1427 82 50 illu-

1130 1477 134 49 minat
1219 1477 134 49 supra
1308 1477 149 49 terram
1412 1477 89 49 et
1457 1477 149 49 postea
1561 1477 104 49 sub
1620 1477 134 49 terra
1709 1477 104 49 seu
1769 1477 89 49 in
1813 1477 119 49 alio
1873 1477 178 49 hemisperio

1131 1516 103 46 huic
1196 1516 129 46 nostro
1286 1516 168 46 opposita:
1416 1516 129 46 itaque
1506 1516 91 46 neo
1558 1516 220 46 similitudinem
1739 1516 129 46 illam.
1829 1516 91 46 Nam
1881 1516 116 46 agere
1959 1516 78 46 vt
1984 1516 65 46 su-

1127 1557 106 57 mitur
1198 1557 71 57 in
1233 1557 165 57 argumentio
1363 1557 82 57 est
1410 1557 130 57 aliquid
1504 1557 165 57 distinctum
1634 1557 59 57 a
1657 1557 130 57 virtute
1752 1557 71 57 et
1787 1557 141 57 elicitum
1893 1557 71 57 ab
1928 1557 106 57 ipsa.
1987 1557 71 57 esse

1135 1601 111 50 autem
1209 1601 86 50 non
1258 1601 86 50 est
1307 1601 135 50 aliquid
1406 1601 172 50 distinctum
1541 1601 74 50 ab
1578 1601 148 50 essentia
1689 1601 74 50 et
1726 1601 148 50 causatum
1836 1601 74 50 ab
1873 1601 74 50 ea
1910 1601 98 50 quod
1972 1601 74 50 si
1996 1601 62 50 non

1130 1643 144 52 sumatur
1235 1643 92 52 sic
1287 1643 118 52 esse:
1365 1643 92 52 sed
1418 1643 92 52 pro
1470 1643 105 52 esse
1535 1643 183 52 denominato
1679 1643 78 52 vt
1718 1643 92 52 sit
1770 1643 131 52 sensus
1862 1643 118 52 sicut
1940 1643 105 52 idem
1993 1643 65 52 per

1127 1682 135 56 eandem
1222 1682 163 56 virtutem
1344 1682 135 56 potest
1439 1682 122 56 magis
1520 1682 81 56 et
1561 1682 122 56 minus
1642 1682 122 56 agere
1723 1682 95 56 sic
1778 1682 95 56 per
1832 1682 135 56 eandem
1913 1682 149 56 essentiam

1136 1727 143 54 potest
1236 1727 128 54 magis
1321 1727 86 54 et
1364 1727 128 54 minus
1450 1727 114 54 esse
1521 1727 128 54 tale.
1607 1727 128 54 Adhuc
1692 1727 114 54 nego
1763 1727 243 54 similitudinem
1963 1727 86 54 si
1992 1727 71 54 su-

1128 1779 96 45 matur
1192 1779 192 45 vniversaliter.
1352 1779 64 45 Et
1384 1779 85 45 quia
1437 1779 75 45 non
1480 1779 138 45 probatur:
1586 1779 75 45 non
1629 1779 117 45 oportet
1714 1779 128 45 vlterius
1800 1779 138 45 respondere.

1101 1808 178 101 Quantum
1230 1808 97 101 ad
1279 1808 97 101 2m
1327 1808 178 101 articui
1457 1808 113 101 est
1521 1808 113 101 vna
1586 1808 178 101 opinio:
1715 1808 129 101 quae
1796 1808 146 101 dicit
1893 1808 129 101 quod
1958 1808 113 101 inten

1373 1860 110 49 sio
1436 1860 142 49 forme
1531 1860 110 49 fit
1594 1860 110 49 per
1657 1860 268 49 acquisitionem
1877 1860 126 49 noue
1940 1860 110 49 forme

1132 1897 209 60 perfectioris
1302 1897 104 60 quam
1367 1897 196 60 praecedens:
1523 1897 91 60 cum
1575 1897 91 60 qua
1628 1897 91 60 non
1680 1897 143 60 remanet
1784 1897 196 60 praecedens:
1941 1897 91 60 sed
1980 1897 91 60 simul

1129 1951 188 53 adueniente
1277 1951 108 53 noua
1344 1951 202 53 perfectione
1506 1951 202 53 corrumpitur
1667 1951 202 53 praecedens:
1829 1951 94 53 ita
1883 1951 108 53 quod
1950 1951 81 53 in
1977 1951 94 53 subus

1132 1991 122 55 iecto
1214 1991 149 55 nunquam
1323 1991 109 55 sunt
1391 1991 122 55 simul
1472 1991 122 55 tales
1554 1991 95 55 due
1608 1991 136 55 forme:
1703 1991 136 55 quarum
1798 1991 95 55 vna
1853 1991 136 55 fuerit
1948 1991 122 55 prius
2016 1991 54 55 in

1123 2035 162 56 subiecto:
1247 2035 100 56 quam
1310 2035 137 56 altera.
1410 2035 137 56 Insuper
1509 2035 87 56 sic
1559 2035 162 56 opinantes
1684 2035 175 56 concedunt:
1821 2035 100 56 quod
1884 2035 162 56 contingit
1996 2035 75 56 ali-

1127 2077 106 55 quam
1193 2077 198 55 intensionem
1351 2077 106 55 esse
1418 2077 185 55 continuam:
1563 2077 106 55 quod
1629 2077 132 55 vtique
1722 2077 119 55 verum
1801 2077 106 55 est:
1867 2077 79 55 vt
1907 2077 119 55 supra
1973 2077 79 55 pro-

1132 2123 129 47 batur.
1222 2123 64 47 â‹
1248 2123 77 47 Ex
1287 2123 90 47 his
1338 2123 116 47 autem
1415 2123 154 47 vlterius
1531 2123 154 47 sequitur
1647 2123 103 47 quod
1711 2123 167 47 quaelibet
1840 2123 116 47 forma
1917 2123 90 47 que
1956 2123 103 47 acqui-

1127 2166 115 50 ritur
1204 2166 90 50 dum
1255 2166 115 50 durat
1332 2166 166 50 intensio:
1460 2166 90 50 sit
1511 2166 128 50 tantum
1601 2166 90 50 per
1652 2166 102 50 vnum
1716 2166 154 50 instans:
1832 2166 154 50 alioquin
1947 2166 77 50 si
1972 2166 90 50 esset

1132 2215 88 48 per
1183 2215 139 48 tempus:
1284 2215 88 48 cum
1334 2215 76 48 in
1372 2215 139 48 tempore
1473 2215 101 48 illo
1536 2215 88 48 quo
1586 2215 126 48 esset:
1674 2215 88 48 sit
1724 2215 113 48 adhuc
1800 2215 164 48 intensio:
1926 2215 76 48 et
1951 2215 101 48 acqui-

1135 2249 132 52 ratur
1223 2249 147 52 semper
1326 2249 147 52 aliqua
1429 2249 118 52 pars
1503 2249 132 52 forme
1591 2249 103 52 iam
1650 2249 206 52 preueniens
1811 2249 88 52 et
1855 2249 176 52 sequens:
1973 2249 88 52 immo

1131 2297 114 50 multe
1207 2297 164 50 sequentes
1333 2297 126 50 essent
1421 2297 114 50 simul
1497 2297 76 50 in
1535 2297 164 50 subiecto.
1661 2297 63 50 â‹
1686 2297 101 50 Item
1749 2297 177 50 sequeretur
1888 2297 101 50 quod
1939 2297 114 50 quaeli-

1132 2337 98 46 bet
1188 2337 126 46 talis
1272 2337 126 46 forma
1356 2337 224 46 acquireretur
1538 2337 168 46 indiuius
1664 2337 84 46 et
1706 2337 84 46 in
1748 2337 168 46 instanti
1874 2337 168 46 alioquin
1986 2337 70 46 ac-

1138 2385 172 45 quireretur
1273 2385 98 45 pars
1335 2385 98 45 ante
1396 2385 135 45 partem:
1495 2385 74 45 et
1532 2385 111 45 omnes
1606 2385 98 45 ille
1667 2385 123 45 partes
1753 2385 111 45 simul
1827 2385 123 45 essent
1913 2385 74 45 in
1950 2385 98 45 illo
1999 2385 62 45 im-

1129 2418 129 61 stanti
1219 2418 77 61 in
1258 2418 90 61 quo
1309 2418 141 61 ponitur
1412 2418 103 61 esse
1476 2418 129 61 forma:
1566 2418 103 61 vnde
1631 2418 77 61 de
1669 2418 154 61 qualibet
1785 2418 116 61 forma
1862 2418 129 61 potest
1939 2418 116 61 quaeri:

1128 2468 71 55 an
1164 2468 83 55 sit
1211 2468 154 55 acquisita
1329 2468 71 55 in
1364 2468 154 55 instanti:
1482 2468 71 55 et
1518 2468 71 55 si
1553 2468 83 55 sic
1600 2468 130 55 habetur
1695 2468 94 55 quod
1754 2468 130 55 dicitur
1848 2468 71 55 Si
1884 2468 94 55 non.
1943 2468 94 55 ergo
1990 2468 71 55 ali-

1139 2509 86 60 qua
1188 2509 99 60 pars
1250 2509 99 60 eius
1311 2509 99 60 fuit
1373 2509 160 60 acquisita
1497 2509 111 60 prius
1571 2509 74 60 et
1608 2509 123 60 aliqua
1694 2509 173 60 posterius:
1830 2509 74 60 et
1867 2509 111 60 tamen
1941 2509 99 60 tunc
1990 2509 62 60 hoc

1132 2557 76 48 et
1170 2557 101 48 illa
1233 2557 114 48 sunt:
1309 2557 76 48 et
1347 2557 88 48 hec
1398 2557 88 48 duo
1448 2557 126 48 tanque
1537 2557 76 48 ad
1575 2557 164 48 opinionem
1701 2557 202 48 consequentia
1865 2557 101 48 ipsi
1916 2557 139 48 opinantes

1131 2602 220 48 concedunt.
1304 2602 79 48 â‹
1336 2602 110 48 hec
1399 2602 157 48 opinio
1509 2602 110 48 non
1571 2602 141 48 solum
1666 2602 141 48 falsa
1760 2602 126 48 est:
1839 2602 110 48 sed
1902 2602 141 48 etiam
1980 2602 63 48 im

1132 2640 208 58 possibilis:
1299 2640 83 58 vt
1340 2640 111 58 mihi
1410 2640 167 58 apparet.
1535 2640 83 58 Et
1577 2640 125 58 primo
1660 2640 153 58 quidem:
1771 2640 153 58 quoniam
1882 2640 111 58 ipsi
1938 2640 111 58 ponunt

1133 2687 141 51 aliquam
1236 2687 90 51 rem
1287 2687 103 51 esse
1351 2687 90 51 per
1403 2687 103 51 vnum
1467 2687 141 51 instans
1569 2687 128 51 tantum
1659 2687 90 51 sic
1710 2687 103 51 quod
1775 2687 167 51 immediate
1903 2687 115 51 prius
1967 2687 77 51 eius

1119 2727 126 59 nihil
1203 2727 126 59 fuit:
1287 2727 84 59 et
1329 2727 182 59 immediate
1469 2727 112 59 post
1539 2727 126 59 nihil
1622 2727 112 59 eius
1692 2727 126 59 erit.
1776 2727 112 59 Quod
1846 2727 126 59 libet
1930 2727 98 59 per
1972 2727 70 59 di-

1127 2774 114 51 uinam
1204 2774 165 51 potentiam
1331 2774 89 51 sit
1381 2774 178 51 possibile:
1521 2774 89 51 non
1572 2774 114 51 tamen
1648 2774 191 51 naturaliter
1801 2774 76 51 vt
1839 2774 127 51 videt:
1928 2774 114 51 sicut
1991 2774 51 51 in

1127 2815 140 47 secunda
1229 2815 178 47 quaestione
1369 2815 114 47 huius
1445 2815 229 47 distinctionis.
1636 2815 140 47 artiio:
1738 2815 76 47 2o
1776 2815 153 47 ostensum
1890 2815 102 47 est.
1954 2815 89 47 nec
1992 2815 51 47 du

1125 2861 111 50 bium
1194 2861 111 50 est:
1264 2861 97 50 hoc
1319 2861 111 50 esse
1389 2861 139 50 contra
1486 2861 222 50 intentionem.
1666 2861 83 50 P.
1707 2861 83 50 S.
1749 2861 125 50 phyc.
1832 2861 83 50 et
1874 2861 152 50 Commen.
1971 2861 69 50 vn-

1128 2900 97 56 de.
1184 2900 83 56 P.
1225 2900 111 56 ait.
1295 2900 223 56 inconueniens
1476 2900 181 56 videbitur
1615 2900 83 56 si
1657 2900 139 56 factum
1754 2900 111 56 mox:
1823 2900 153 56 necesse
1935 2900 97 56 est
1976 2900 70 56 cor

1124 2951 140 49 rumpi:
1222 2951 84 49 et
1264 2951 126 49 nullo
1348 2951 154 49 tempore
1461 2951 196 49 primanere.
1615 2951 84 49 Et
1657 2951 154 49 Commen.
1769 2951 112 49 omne
1840 2951 140 49 inquit
1924 2951 126 49 generan

1130 2994 77 51 dum
1174 2994 99 51 habet
1240 2994 88 51 esse
1295 2994 66 51 in
1328 2994 99 51 actu:
1394 2994 66 51 et
1427 2994 88 51 omne
1482 2994 132 51 existens
1581 2994 66 51 in
1614 2994 88 51 actu
1669 2994 77 51 est
1713 2994 66 51 in
1746 2994 121 51 tempore
1834 2994 176 51 demonstrato.
1966 2994 77 51 alias

1127 3038 124 50 natura
1214 3038 124 50 ageret
1301 3038 137 50 ociose.
1400 3038 99 50 vnde
1462 3038 124 50 volunt
1549 3038 149 50 expresse
1661 3038 99 50 quod
1723 3038 186 50 impossibile
1872 3038 87 50 est
1909 3038 137 50 corruptio

1125 3079 87 62 nem
1174 3079 149 62 alicuius
1286 3079 87 62 rei
1335 3079 112 62 sequi
1410 3079 99 62 sine
1472 3079 99 62 meo:
1534 3079 161 62 genatonem
1657 3079 149 62 eiusdem.
1769 3079 74 62 Et
1806 3079 87 62 per
1856 3079 87 62 hoc
1905 3079 136 62 tanquam
1992 3079 62 62 per
