2491 3542
413 257 138 56 mantur
510 257 96 56 due
565 257 193 56 qualitates
716 257 193 56 consimiles
868 257 138 56 omnino
964 257 151 56 quantum
1074 257 83 56 ad
1115 257 138 56 gradus
1212 257 83 56 et
1239 257 83 56 cete

415 299 92 59 ra:
468 299 119 59 inter
547 299 105 59 quas
612 299 132 59 nullus
705 299 92 59 sit
757 299 105 59 ordo
823 299 184 59 naturalis:
968 299 79 59 et
1008 299 132 59 ponant
1100 299 79 59 in
1139 299 119 59 eodem
1205 299 132 59 subiecto

414 349 158 51 adequato:
536 349 85 51 sic
584 349 98 51 quod
645 349 73 51 ex
682 349 85 51 eis
731 349 98 51 fiat
792 349 85 51 vna
840 349 134 51 totalis
938 349 110 51 sicut
1011 349 158 51 possibile
1133 349 85 51 est
1182 349 146 51 secundum
1279 349 49 51 op

418 390 144 48 nionem:
523 390 79 48 et
562 390 105 48 stat
628 390 131 48 ratio.
720 390 66 48 ⁋
746 390 79 48 3o
786 390 79 48 si
825 390 92 48 vna
877 390 158 48 medietas
996 390 197 48 corrumpitur
1153 390 105 48 ante
1206 390 131 48 alteram:

413 427 150 57 quaeratur
529 427 104 57 vtrum
598 427 69 57 in
632 427 127 57 tempore
724 427 81 57 quo
770 427 92 57 vna.
828 427 92 57 vebi
885 427 127 57 gratia.
977 427 69 57 a.
1012 427 184 57 corrumpitur:
1161 427 161 57 remittatur
1276 427 58 57 ali

422 481 114 47 tera:
498 481 76 47 et
536 481 89 47 sit
587 481 101 47 illa
650 481 76 47 b.
688 481 76 47 si
726 481 139 47 dicatur
828 481 101 47 quod
891 481 101 47 non:
954 481 89 47 sed
1005 481 152 47 medietas
1119 481 76 47 b.
1157 481 139 47 remanet
1245 481 89 47 inte-

431 520 97 54 gra:
492 520 146 54 sequitur
601 520 97 54 quod
662 520 109 54 agens
735 520 146 54 naturale
844 520 97 54 stet
905 520 85 54 per
954 520 122 54 tempus
1039 520 195 54 approximatum
1197 520 109 54 passo
1258 520 73 54 dis-

425 566 124 52 posito
511 566 74 52 ad
548 566 148 52 patiedum
660 566 74 52 in
697 566 99 52 omni
759 566 198 52 dispositione
919 566 186 52 necescsaria
1068 566 74 52 ad
1105 566 148 52 agendum:
1216 566 74 52 et
1241 566 99 52 absque

429 615 90 44 vllo
485 615 180 44 impedimento:
631 615 79 44 nec
676 615 101 44 tamen
744 615 101 44 agit:
811 615 90 44 quod
868 615 79 44 est
913 615 135 44 scultum:
1014 615 68 44 vt
1048 615 101 44 patet
1115 615 101 44 primo
1183 615 68 44 de
1216 615 90 44 gen.
1273 615 68 44 et
1295 615 45 44 9.

429 649 113 56 meta.
504 649 75 56 Si
541 649 113 56 autem
616 649 75 56 in
654 649 138 56 tempore
754 649 100 56 illo
816 649 150 56 remittit
929 649 175 56 medietatem
1066 649 100 56 quae
1129 649 88 56 est
1179 649 75 56 b.
1216 649 100 56 ergo
1266 649 75 56 ali-

418 694 90 53 qua
469 694 102 53 pars
533 694 102 53 eius
597 694 141 53 aufert:
700 694 77 53 et
738 694 77 53 de
777 694 141 53 residua
879 694 166 53 quaeratur
1007 694 115 53 vtrum
1084 694 179 53 remittatur
1225 694 77 53 an
1250 694 77 53 non:

416 741 71 45 et
452 741 118 45 tandem
534 741 130 45 oportet
628 741 153 45 concedere
746 741 82 45 vel
793 741 94 45 quod
852 741 118 45 aliqua
935 741 94 45 pars
993 741 82 45 non
1041 741 177 45 remittatur:
1182 741 94 45 quod
1241 741 82 45 est
1276 741 59 45 in-

423 781 171 54 conueniens:
560 781 69 54 vt
594 781 137 54 probatum
697 781 91 54 est:
754 781 80 54 vel
800 781 91 54 quod
857 781 149 54 quaelibet
971 781 91 54 pars
1028 781 114 54 illius
1108 781 103 54 forme
1177 781 103 54 simul
1234 781 103 54 corrum-

416 826 117 54 patur:
498 826 70 54 et
534 826 82 54 per
580 826 164 54 consequens
709 826 82 54 non
756 826 164 54 remittitur
885 826 106 54 forma
956 826 82 54 per
1003 826 188 54 diminutionem
1155 826 117 54 partis
1237 826 59 54 a
1249 826 82 54 parte

419 874 62 44 ⁋
443 874 74 44 8o
481 874 74 44 ad
518 874 161 44 principio
642 874 74 44 si
679 874 111 44 forma
753 874 173 44 intenderet
889 874 99 44 modo
951 874 173 44 praedicto:
1087 874 173 44 sequeretur
1224 874 99 44 quod
1273 874 62 44 vna

417 911 124 46 forma
500 911 179 46 excederet
637 911 124 46 aliam
720 911 151 46 eiusdem
830 911 151 46 generis
939 911 192 46 distinctam
1091 911 137 46 specie
1187 911 82 46 ab
1228 911 110 46 illa
1283 911 55 46 in

411 951 141 54 infinitum
520 951 65 54 in
552 951 174 54 perfectione.
693 951 152 54 consequens
813 951 76 54 est
856 951 119 54 sultum:
943 951 119 54 quoniam
1030 951 87 54 tunc
1084 951 130 54 excedens
1182 951 98 54 esset
1236 951 98 54 infini-

415 998 58 53 te
444 998 165 53 perfectionis:
580 998 58 53 et
609 998 155 53 consequentia
735 998 116 53 probatur
823 998 58 53 et
852 998 136 53 supponatur
959 998 78 53 quod
1007 998 126 53 contraria
1104 998 136 53 differeant
1211 998 107 53 specie.
1279 998 58 53 Item

414 1041 90 52 quod
470 1041 169 52 impossibile
605 1041 79 52 est
650 1041 79 52 duo
695 1041 146 52 indiuidua
807 1041 157 52 diuersarum
931 1041 146 52 specierum
1044 1041 90 52 esse
1100 1041 101 52 equae
1167 1041 146 52 perfecta:
1269 1041 67 52 quae

419 1084 209 53 suppositiones
591 1084 172 53 communiter
726 1084 197 53 conceduntur.
886 1084 135 53 Sumatur
984 1084 98 53 ergo
1045 1084 172 53 indiuiduum
1180 1084 160 53 albedinis
1291 1084 49 53 a.

420 1127 77 53 et
459 1127 179 53 indiuiduum
599 1127 179 53 nigredinis
740 1127 77 53 b.
778 1127 102 53 tunc
842 1127 102 53 sic.
906 1127 77 53 a.
945 1127 141 53 excedit
1047 1127 77 53 b.
1085 1127 77 53 in
1124 1127 192 53 perfectione
1264 1127 77 53 sine

423 1175 143 49 proportione.
539 1175 71 49 ergo
584 1175 54 49 in
611 1175 125 49 infinitum:
709 1175 143 49 consequentia
825 1175 89 49 patet:
888 1175 54 49 et
914 1175 125 49 antecedens
1013 1175 116 49 probatur.
1102 1175 71 49 quod
1147 1175 71 49 enim
1191 1175 98 49 excedat
1263 1175 80 49 patet
1307 1175 36 49 ex

413 1216 191 47 suppositis:
566 1216 89 47 sed
617 1216 102 47 quod
681 1216 102 47 sine
744 1216 191 47 proportione
897 1216 166 47 probatur:
1025 1216 102 47 quia
1088 1216 76 47 a.
1126 1216 140 47 excedit
1228 1216 102 47 suam
1279 1216 64 47 me-

411 1261 174 52 dietatem
542 1261 87 52 in
586 1261 131 52 dupla
673 1261 232 52 proportione:
862 1261 87 52 et
905 1261 102 52 sua
963 1261 174 52 medietas
1094 1261 160 52 excedit
1210 1261 87 52 in
1239 1261 102 52 perfe

414 1307 119 52 ctione
497 1307 107 52 ipsum
569 1307 71 52 b.
604 1307 95 52 ergo
664 1307 71 52 a.
699 1307 131 52 excedit
794 1307 71 52 b.
830 1307 71 52 in
866 1307 119 52 duplo.
949 1307 71 52 Et
984 1307 107 52 eodem
1056 1307 71 52 mo
1091 1307 119 52 potest
1175 1307 131 52 probari
1258 1307 71 52 quod

416 1346 143 52 excedit
520 1346 117 52 ipsum
599 1346 78 52 in
638 1346 196 52 quandruplo:
794 1346 143 52 quoniam
899 1346 78 52 a.
938 1346 143 52 excedit
1042 1346 104 52 suam
1107 1346 143 52 quartam
1212 1346 78 52 in
1238 1346 104 52 quadru

421 1394 100 49 plo:
484 1394 75 49 et
522 1394 125 49 quarta
610 1394 100 49 pars
672 1394 75 49 a.
710 1394 138 49 excedit
810 1394 113 49 ipsum
886 1394 75 49 b.
923 1394 75 49 et
961 1394 151 49 quicquid
1074 1394 138 49 excedit
1174 1394 151 49 excedens
1274 1394 63 49 ex-

420 1432 118 51 cedit
498 1432 170 51 excessum.
629 1432 105 51 ergo
694 1432 78 51 a.
734 1432 144 51 excedit
838 1432 78 51 b.
877 1432 78 51 in
917 1432 183 51 quidruplo:
1060 1432 78 51 et
1100 1432 92 51 sic
1152 1432 78 51 in
1178 1432 157 51 infinitum:

408 1479 82 45 cum
455 1479 70 45 a.
490 1479 141 45 secundum
596 1479 141 45 opinione
702 1479 82 45 sit
748 1479 188 45 diuisibilis.
901 1479 70 45 in
936 1479 153 45 infinitum
1053 1479 70 45 in
1089 1479 117 45 partes
1171 1479 82 45 est
1206 1479 129 45 formales:

421 1523 66 47 et
454 1523 77 47 sic
498 1523 99 47 vltra
564 1523 143 47 quamlibet
673 1523 176 47 proportionem
816 1523 154 47 ostendetur
937 1523 88 47 quod
992 1523 66 47 a.
1025 1523 121 47 excedit
1113 1523 66 47 b.
1145 1523 66 47 et
1178 1523 77 47 per
1211 1523 132 47 consequens

417 1564 159 52 infinite:
539 1564 98 52 vnde
600 1564 122 52 posset
686 1564 122 52 argui.
772 1564 73 52 si
809 1564 73 52 a.
845 1564 110 52 autem
919 1564 86 52 non
968 1564 135 52 excedit
1066 1564 73 52 b.
1102 1564 159 52 infinite.
1225 1564 98 52 ergo
1274 1564 61 52 ex.

422 1608 104 54 cedit
492 1608 104 54 ipsum
562 1608 139 54 praecise
666 1608 139 54 secundum
771 1608 128 54 aliquam
864 1608 186 54 proportionem
1015 1608 139 54 finitam:
1119 1608 70 54 et
1154 1608 163 54 quaecumque
1270 1608 58 54 dei

407 1651 115 53 illa:
484 1651 128 53 probat
573 1651 179 53 oppositum:
713 1651 140 53 quoniam
815 1651 77 53 a.
854 1651 140 53 aliquam
956 1651 102 53 suam
1019 1651 128 53 partem
1109 1651 140 53 excedit
1211 1651 77 53 in
1236 1651 102 53 maiore

418 1698 193 48 proportione
572 1698 103 48 quam
637 1698 90 48 est
688 1698 103 48 illa
752 1698 116 48 data.
830 1698 103 48 vnde
894 1698 77 48 si
932 1698 103 48 illa
997 1698 90 48 sit
1048 1698 167 48 proportio
1177 1698 154 48 centupla
1280 1698 51 48 su

412 1742 120 40 matur
491 1742 173 40 millesima
624 1742 106 40 pars
691 1742 146 40 ipsius.
797 1742 146 40 Constat
903 1742 120 40 autem
983 1742 106 40 quod
1050 1742 106 40 hanc
1116 1742 146 40 excedit
1222 1742 80 40 a.
1262 1742 80 40 in
1289 1742 53 40 ma

412 1781 101 48 iore
475 1781 189 48 proportione
626 1781 101 48 quam
689 1781 163 48 centupla:
815 1781 138 48 quoniam
915 1781 75 48 in
953 1781 189 48 millecupla:
1104 1781 75 48 et
1142 1781 88 48 sic
1180 1781 163 48 probabitur.

416 1827 72 49 de
452 1827 156 49 qualibet:
572 1827 108 49 exquo
644 1827 72 49 a.
680 1827 84 49 est
728 1827 180 49 diuisibilis
872 1827 72 49 in
909 1827 168 49 infinitum.
1041 1827 132 49 constat
1137 1827 108 49 autem
1209 1827 96 49 quod
1257 1827 84 49 quae-

416 1866 117 54 libet
494 1866 104 54 pars
559 1866 78 54 a.
598 1866 143 54 excedit
702 1866 78 54 in
741 1866 195 54 perfectione
898 1866 117 54 ipsum
976 1866 78 54 b.
1015 1866 91 54 cum
1067 1866 91 54 sit
1119 1866 182 54 indiuiduum
1249 1866 91 54 perfe

418 1915 148 48 ctioris
525 1915 162 48 speciei.
647 1915 67 48 ⁋
674 1915 81 48 6o
714 1915 148 48 termini
822 1915 121 48 motus
903 1915 108 48 sunt
971 1915 270 48 incompossibiles:
1200 1915 94 48 sed
1241 1915 94 48 forma

424 1952 181 51 praecedens
566 1952 77 51 et
605 1952 181 51 subsequens
747 1952 103 51 sunt
811 1952 142 51 termini
914 1952 116 51 motus
992 1952 206 51 intensionis.
1159 1952 103 51 ergo
1224 1952 103 51 sunt
1276 1952 65 51 in-

416 1998 236 50 compossibiles:
612 1998 92 50 nec
665 1998 131 50 posset
756 1998 105 50 dici
822 1998 105 50 quod
887 1998 157 50 terminus
1005 1998 65 50 a
1031 1998 105 50 quae
1096 1998 92 50 sit
1149 1998 157 50 priuatio
1253 1998 79 50 for-

416 2042 79 49 me
455 2042 211 49 aduenientis.
626 2042 92 49 Nam
679 2042 158 49 intentio
797 2042 92 49 est
850 2042 132 49 motus:
942 2042 79 49 et
982 2042 118 49 motus
1061 2042 92 49 est
1113 2042 79 49 de
1153 2042 184 49 affirmatio
1284 2042 53 49 in

411 2091 208 56 affirmatum:
578 2091 111 56 siue
647 2091 83 56 de
689 2091 167 56 positiuo
814 2091 83 56 in
855 2091 180 56 positiuum
994 2091 83 56 5o
1036 2091 111 56 phy.
1105 2091 69 56 ⁋
1133 2091 83 56 io
1174 2091 83 56 mo
1216 2091 111 56 tunc
1272 2091 69 56 for

420 2131 61 47 ma
450 2131 71 47 non
491 2131 142 47 augeretur:
602 2131 81 47 quod
653 2131 71 47 est
693 2131 132 47 oppositum
794 2131 172 47 antecedentis:
936 2131 162 47 consequentia
1068 2131 111 47 probat:
1149 2131 81 47 quia
1199 2131 81 47 pars
1240 2131 91 47 praece-

411 2172 109 58 dens
480 2172 95 58 non
534 2172 164 58 augetur:
657 2172 109 58 quia
725 2172 95 58 non
779 2172 95 58 fit
834 2172 123 58 maior
916 2172 109 58 quam
984 2172 109 58 fuit
1052 2172 136 58 prius.
1147 2172 68 58 ⁋
1174 2172 109 58 Item
1229 2172 109 58 augmen

408 2213 84 56 tum
456 2213 84 56 fit
504 2213 84 56 per
552 2213 168 56 additionem
684 2213 144 56 secundum
792 2213 168 56 opinionem.
923 2213 72 56 Et
959 2213 96 56 ideo
1019 2213 96 56 quod
1079 2213 144 56 augetur:
1187 2213 108 56 habet
1247 2213 84 56 nouam

411 2265 113 48 partem
490 2265 91 48 quam
547 2265 102 48 prius
615 2265 79 48 non
660 2265 125 48 habuit:
750 2265 79 48 sed
796 2265 91 48 pars
852 2265 159 48 praecedens
977 2265 79 48 non
1022 2265 102 48 habet
1090 2265 79 48 per
1135 2265 170 48 intensionem
1260 2265 68 48 ali-

411 2306 110 47 quam
480 2306 137 47 partem
576 2306 110 47 quam
645 2306 124 47 prius
727 2306 96 47 non
782 2306 151 47 habuit.
892 2306 110 47 ergo
960 2306 110 47 ipsa
1029 2306 96 47 non
1084 2306 137 47 auget.
1180 2306 69 47 ⁋
1207 2306 110 47 Item
1262 2306 69 47 nes

427 2353 100 49 pars
489 2353 137 49 sequens
589 2353 87 49 nec
639 2353 187 49 augmentatum
789 2353 75 49 ex
826 2353 137 49 vtraque
926 2353 150 49 scilicet
1038 2353 187 49 praecedente
1188 2353 75 49 et
1213 2353 125 49 sequente

425 2392 111 55 auget:
503 2392 122 55 quoniam
591 2392 122 55 neutrum
680 2392 144 55 praefuit:
791 2392 67 55 et
824 2392 89 55 omne
880 2392 89 55 quod
935 2392 122 55 augetur
1024 2392 144 55 praefuit.
1135 2392 55 55 ⁋
1157 2392 89 55 xiuo
1202 2392 133 55 sequeretur

425 2435 102 55 quod
489 2435 140 55 remisse
591 2435 140 55 calitem
693 2435 128 55 potest
783 2435 153 55 inducere
897 2435 77 55 in
936 2435 153 55 subiecto
1051 2435 217 55 intensissimum
1216 2435 128 55 calorem:

423 2480 99 56 quod
484 2480 136 56 videtur
583 2480 210 56 inconueniens:
756 2480 198 56 consequentia
917 2480 185 56 declaratur.
1065 2480 86 56 Nam
1115 2480 111 56 agens
1189 2480 124 56 potens
1263 2480 74 56 indu

416 2520 106 48 cere
482 2520 106 48 vnam
549 2520 133 48 partem
642 2520 133 48 forme:
735 2520 133 48 potest
828 2520 160 48 inducere
948 2520 120 48 aliam
1028 2520 133 48 partem
1121 2520 146 48 equalem
1228 2520 80 48 in
1254 2520 80 48 sub-

417 2562 110 49 iecto
490 2562 159 49 equaliter
613 2562 86 49 vel
662 2562 110 49 magis
735 2562 171 49 disposito:
870 2562 86 49 sit
919 2562 98 49 ergo
980 2562 135 49 remisse
1078 2562 135 49 calitem
1176 2562 73 49 a.
1213 2562 73 49 et
1249 2562 86 49 sit
1286 2562 49 49 b.

418 2608 136 53 gradus
514 2608 163 53 caloris:
636 2608 109 53 quem
704 2608 82 53 a.
745 2608 136 53 potest
840 2608 163 53 inducere
963 2608 82 53 in
1004 2608 163 53 subiecto
1126 2608 82 53 c.
1167 2608 109 53 tunc
1221 2608 123 53 inducto

405 2652 125 54 gradu
489 2652 83 54 b.
530 2652 83 54 in
572 2652 167 54 subiecto
697 2652 83 54 c.
739 2652 125 54 adhuc
822 2652 83 54 a.
864 2652 139 54 posset
961 2652 167 54 inducere
1087 2652 83 54 in
1128 2652 125 54 eodem
1198 2652 139 54 subiecto

405 2697 123 59 alium
487 2697 136 59 gradum
582 2697 150 59 equalem
691 2697 136 59 gradui
787 2697 82 59 b.
828 2697 150 59 quoniam
936 2697 177 59 subiectum
1073 2697 82 59 c.
1114 2697 109 59 post
1168 2697 177 59 inductionem

410 2737 140 65 vnius
504 2737 156 65 gradus
613 2737 140 65 forme
706 2737 109 65 non
768 2737 156 65 minus:
877 2737 124 65 immo
955 2737 140 65 magis
1048 2737 109 65 est
1111 2737 218 65 dispositum
1282 2737 93 65 ad

415 2785 187 46 recipiendum
564 2785 137 46 calorem
663 2785 100 46 quam
726 2785 124 46 prius:
813 2785 75 46 et
850 2785 162 46 similiter
974 2785 100 46 post
1036 2785 75 46 2m
1074 2785 124 46 gradum
1161 2785 112 46 poest
1223 2785 112 46 induce-

411 2830 72 49 re
447 2830 84 49 3m.
495 2830 84 49 sic
543 2830 120 49 semper
626 2830 144 49 quousque
734 2830 167 49 deueniatur
866 2830 72 49 ad
901 2830 132 49 calorem
997 2830 215 49 intensissimum:
1177 2830 96 49 quia
1224 2830 108 49 secundu

412 2869 175 55 opinionem
546 2869 81 55 ex
586 2869 107 55 tali
653 2869 175 55 additione
788 2869 134 55 semper
881 2869 121 55 calor
962 2869 161 55 augetur.
1083 2869 67 55 ⁋
1110 2869 94 55 12o
1163 2869 121 55 licet
1244 2869 94 55 non
1284 2869 54 55 ab

413 2912 123 54 istis.
499 2912 86 54 sic
548 2912 159 54 arguitur:
670 2912 110 54 sicut
744 2912 74 54 se
780 2912 110 54 habet
854 2912 159 54 augmentum
977 2912 74 54 in
1013 2912 172 54 quantitate
1148 2912 123 54 molis:
1234 2912 86 54 ita
1271 2912 61 54 suo

412 2957 104 60 modo
477 2957 78 60 in
516 2957 182 60 quantitate
659 2957 169 60 virtutis:
789 2957 91 60 sed
841 2957 78 60 in
880 2957 156 60 augmento
997 2957 195 60 quantitatis
1153 2957 117 60 molis
1218 2957 117 60 praece-

419 3003 96 57 dens
479 3003 156 57 quantitas
599 3003 192 57 corrumpitur.
755 3003 96 57 ergo
815 3003 72 57 et
851 3003 72 57 in
887 3003 96 57 isto
947 3003 180 57 corrumpitur
1091 3003 144 57 qualitas
1187 3003 156 57 praecedens.

417 3047 112 69 minor
491 3047 162 69 probatur:
616 3047 100 69 quia
678 3047 137 69 ponatur
778 3047 100 69 quod
840 3047 87 69 aer
890 3047 162 69 rarefiat:
1014 3047 75 69 et
1052 3047 87 69 sic
1101 3047 100 69 eius
1164 3047 162 69 quantitas
1276 3047 62 69 au

1374 248 125 59 geatur:
1464 248 91 59 tunc
1521 248 148 59 quaeritur
1635 248 68 59 an
1669 248 159 59 praecedens
1794 248 170 59 corrumpitur
1930 248 79 59 vel
1975 248 91 59 non:
2032 248 68 59 si
2066 248 91 59 sic:
2123 248 125 59 habetur
2202 248 91 59 propoi

1379 297 120 54 situm:
1463 297 72 54 si
1499 297 96 54 non:
1559 297 84 54 sed
1607 297 120 54 manet:
1690 297 84 54 aut
1738 297 96 54 ergo
1798 297 108 54 manet
1870 297 144 54 secundum
1978 297 72 54 se
2014 297 108 54 totam
2085 297 72 54 in
2121 297 108 54 eodem
2181 297 120 54 subiecto

1377 338 159 57 praecise
1496 338 93 57 quo
1549 338 133 57 prius:
1642 338 93 57 aut
1695 338 80 57 in
1735 338 119 57 alio.
1815 338 80 57 Si
1855 338 119 57 detur
1934 338 133 57 primum
2027 338 106 57 tunc
2094 338 159 57 queritur
2213 338 80 57 in
2240 338 66 57 quo

1378 386 156 47 subiecto
1495 386 169 47 recipitur
1625 386 169 47 quantitas
1755 386 182 47 adueniens:
1897 386 91 47 aut
1949 386 78 47 in
1988 386 104 47 toto
2053 386 104 47 isto
2118 386 169 47 subiecto:
2235 386 65 47 aut

1374 432 82 47 in
1415 432 137 47 partem
1511 432 123 47 eius:
1593 432 96 47 aut
1647 432 82 47 in
1688 432 137 47 aliquo
1784 432 123 47 alio:
1866 432 96 47 aut
1921 432 82 47 in
1962 432 137 47 nullo:
2057 432 82 47 Si
2098 432 82 47 in
2139 432 109 47 isto
2207 432 96 47 vel
2248 432 55 47 in

1386 475 112 59 partem
1464 475 101 59 eius:
1532 475 135 59 sequitur
1633 475 90 59 quod
1689 475 79 59 due
1734 475 169 59 quantitates
1869 475 101 59 simul
1937 475 90 59 sint
1993 475 67 59 in
2027 475 101 59 eodem
2094 475 146 59 subiecto:
2207 475 90 59 quod
2252 475 56 59 est

1386 520 161 52 possibile.
1512 520 69 52 Si
1547 520 69 52 in
1581 520 104 52 alio.
1650 520 92 52 ergo
1708 520 104 52 istud
1777 520 81 52 non
1823 520 127 52 rarefit
1915 520 81 52 vel
1961 520 138 52 augetur:
2064 520 92 52 quod
2122 520 81 52 est
2168 520 115 52 contra
2237 520 58 52 sup

1383 559 138 57 positum.
1486 559 69 57 Si
1520 559 69 57 in
1555 559 115 57 nullo.
1635 559 92 57 ergo
1692 559 103 57 manet
1761 559 149 57 separata:
1876 559 92 57 quod
1933 559 80 57 est
1979 559 172 57 naturaliter
2117 559 183 57 impossibile.
2254 559 46 57 Si

1381 608 102 48 detur
1449 608 68 48 2m
1483 608 136 48 scilicet
1585 608 91 48 quod
1642 608 148 48 quantitas
1755 608 159 48 praecedens
1880 608 79 48 non
1925 608 102 48 manet
1994 608 136 48 praecise
2096 608 68 48 in
2130 608 102 48 eodem
2187 608 114 48 subiecto

1390 656 79 52 quo
1435 656 113 52 prius.
1514 656 90 52 ergo
1570 656 158 52 necessario
1694 656 113 52 migrat
1773 656 135 52 secundum
1875 656 68 52 se
1908 656 101 52 totam
1976 656 79 52 vel
2021 656 113 52 partem
2100 656 79 52 sui
2145 656 56 52 a
2168 656 135 52 subiecto
2258 656 45 52 in

1377 693 154 56 subiectum:
1498 693 88 56 quod
1553 693 77 56 est
1597 693 176 56 impossibile.
1740 693 55 56 ⁋
1762 693 110 56 Deinde
1839 693 110 56 contra
1917 693 132 56 rationes
2016 693 121 56 fcauans
2104 693 132 56 arguitur
2192 693 121 56 ostenden-

1381 734 77 49 do
1420 734 89 49 eas
1471 734 89 49 non
1522 734 191 49 concludere:
1675 734 102 49 quia
1739 734 77 49 si
1777 734 153 49 valerent
1892 734 102 49 ille
1955 734 153 49 rationes
2070 734 115 49 omnia
2134 734 166 49 inconuenien

1384 775 99 55 tia
1440 775 99 55 ibi
1497 775 127 55 tacta
1582 775 156 55 possent
1695 775 142 55 induci
1794 775 85 55 ad
1837 775 184 55 probandum
1978 775 113 55 quod
2049 775 127 55 nihil
2134 775 156 55 mouetur
2247 775 85 55 ad

1381 821 106 48 vbi.
1447 821 93 48 Nam
1500 821 93 48 vbi
1553 821 93 48 est
1606 821 106 48 quid
1673 821 212 48 indiuisibile
1846 821 80 48 et
1885 821 133 48 durans
1978 821 133 48 tantum
2071 821 93 48 per
2124 821 159 48 instans:
2231 821 66 48 quo

1377 864 147 55 supposito
1490 864 113 55 statim
1569 864 113 55 patet:
1648 864 91 55 quod
1705 864 102 55 omnes
1773 864 136 55 rationes
1875 864 147 55 praedicte
1988 864 125 55 possunt
2079 864 113 55 contra
2158 864 147 55 hocfieri:
2260 864 45 55 et

1372 910 121 55 tamen
1452 910 81 55 ad
1493 910 135 55 sensum
1587 910 121 55 notum
1668 910 108 55 est:
1735 910 108 55 quod
1803 910 148 55 aliquid
1911 910 148 55 mouetur
2018 910 81 55 ad
2059 910 94 55 vbi
2113 910 108 55 motu
2167 910 148 55 continuo:

1380 962 97 44 quod
1440 962 109 44 autem
1513 962 85 44 vbi
1561 962 85 44 sit
1609 962 97 44 quid
1670 962 205 44 indiuisibile:
1839 962 72 44 et
1875 962 121 44 durans
1960 962 121 44 tantum
2044 962 85 44 per
2093 962 97 44 vnum
2153 962 133 44 instans
2238 962 72 44 pro-

1382 996 119 56 batur:
1466 996 95 56 quia
1525 996 119 56 quaero
1609 996 72 56 de
1645 996 95 56 vbi:
1704 996 95 56 quod
1764 996 72 56 in
1800 996 84 56 hoc
1848 996 143 56 instanti
1955 996 107 56 habet
2027 996 119 56 mobile
2110 996 143 56 continue
2206 996 95 56 motum:

1385 1038 102 54 aut
1444 1038 160 54 aliquid
1560 1038 116 54 erit
1633 1038 87 54 ex
1676 1038 87 54 eo
1720 1038 116 54 post
1793 1038 102 54 hoc
1851 1038 160 54 instans
1967 1038 87 54 in
2011 1038 145 54 mobili
2112 1038 102 54 aut
2171 1038 145 54 nihil.
2258 1038 58 54 Si

1381 1089 131 46 nihil.
1473 1089 105 46 ergo
1539 1089 118 46 simul
1617 1089 118 46 totum
1696 1089 171 46 perditur.
1828 1089 79 46 Si
1867 1089 158 46 aliquid:
1986 1089 92 46 aut
2038 1089 118 46 illud
2117 1089 105 46 erit
2183 1089 79 46 in
2209 1089 92 46 eadem

1383 1133 119 50 parte
1462 1133 119 50 moti:
1541 1133 79 50 in
1581 1133 92 50 qua
1633 1133 106 50 nunc
1699 1133 106 50 est:
1765 1133 92 50 aut
1818 1133 79 50 in
1858 1133 119 50 alia.
1937 1133 79 50 Si
1976 1133 79 50 in
2016 1133 132 50 eadem.
2108 1133 106 50 ergo
2174 1133 106 50 illa
2227 1133 79 50 pars

1381 1181 133 46 quiescit:
1483 1181 61 46 et
1514 1181 72 46 per
1555 1181 143 46 consequens
1667 1181 102 46 totum:
1739 1181 61 46 et
1770 1181 72 46 sic
1811 1181 92 46 simul
1872 1181 113 46 mouetur
1954 1181 61 46 et
1985 1181 133 46 quiescit:
2087 1181 82 46 quod
2138 1181 72 46 est
2169 1181 143 46 impossibile.

1386 1222 68 45 Si
1420 1222 68 45 in
1454 1222 90 45 alia
1510 1222 90 45 ergo
1567 1222 136 45 migrauit
1668 1222 68 45 de
1702 1222 136 45 subiecto
1804 1222 68 45 in
1838 1222 158 45 subiectum:
1962 1222 90 45 quod
2019 1222 79 45 est
2064 1222 79 45 est
2109 1222 181 45 impossibile.
2245 1222 57 45 Eo-

1386 1255 75 60 dem
1429 1255 86 60 modo
1483 1255 107 60 probat
1557 1255 86 60 quod
1611 1255 96 60 totum
1675 1255 96 60 simul
1739 1255 75 60 est
1782 1255 160 60 acquisitum:
1910 1255 64 60 et
1942 1255 96 60 nihil
2007 1255 86 60 eius
2060 1255 139 60 praefuit:
2167 1255 86 60 quia
2220 1255 64 60 si
2242 1255 64 60 ali-

1382 1297 96 61 quid
1442 1297 96 61 eius
1502 1297 192 61 praefuisset:
1658 1297 84 61 vel
1706 1297 96 61 ergo
1766 1297 72 61 in
1802 1297 108 61 eadem
1874 1297 108 61 parte
1946 1297 108 61 moti:
2018 1297 72 61 in
2054 1297 84 61 qua
2102 1297 96 61 nunc
2162 1297 96 61 est:
2222 1297 72 61 et
2246 1297 72 61 tunc

1387 1349 89 47 illa
1443 1349 145 47 quiescit:
1554 1349 67 47 et
1587 1349 78 47 per
1632 1349 156 47 consequens
1754 1349 111 47 totum:
1832 1349 78 47 vel
1877 1349 67 47 in
1910 1349 100 47 alia:
1977 1349 67 47 et
2010 1349 89 47 tunc
2066 1349 134 47 sequitur
2166 1349 89 47 quod
2211 1349 89 47 migra-

1377 1387 81 55 bit
1424 1387 69 55 de
1458 1387 139 55 subiecto
1562 1387 69 55 in
1597 1387 162 55 subiectum.
1724 1387 92 55 ergo
1782 1387 104 55 nihil
1851 1387 92 55 eius
1909 1387 139 55 prefuit:
2013 1387 69 55 et
2047 1387 81 55 per
2094 1387 162 55 consequens
2221 1387 81 55 est
2255 1387 58 55 ac-

1392 1436 146 56 quisitum
1501 1436 109 56 totum
1574 1436 109 56 simul
1647 1436 73 56 et
1683 1436 243 56 indiuisibiliter:
1890 1436 73 56 et
1926 1436 109 56 durat
1999 1436 121 56 tantum
2084 1436 85 56 per
2133 1436 146 56 instans:
2230 1436 85 56 eodem

1380 1483 122 49 itaque
1465 1483 110 49 modo:
1538 1483 85 49 non
1587 1483 146 49 obstante
1697 1483 98 49 quod
1758 1483 73 49 in
1795 1483 146 49 quolibet
1904 1483 146 49 instanti
2014 1483 146 49 temporis
2124 1483 183 49 mensurantis
2258 1483 61 49 in-

1376 1518 190 59 tensionem
1523 1518 132 59 forme
1610 1518 205 59 acquiratur
1771 1518 132 59 nouus
1859 1518 146 59 gradus
1961 1518 263 59 indiuisibilis:
2180 1518 88 59 et
2210 1518 102 59 duret

1382 1562 127 59 tantum
1471 1562 89 59 per
1522 1562 153 59 instans:
1637 1562 140 59 poterit
1739 1562 153 59 intensio
1854 1562 102 59 esse
1918 1562 166 59 continua:
2045 1562 127 59 absque
2122 1562 178 59 consecutione

1380 1600 189 63 cuiusquam
1526 1600 276 63 inconuenientis.
1759 1600 73 63 ⁋
1788 1600 87 63 Ad
1831 1600 145 63 primum
1933 1600 116 63 nego
2006 1600 175 63 maiorem:
2137 1600 160 63 constat
2239 1600 87 63 enim

1390 1653 102 56 quod
1454 1653 76 56 ex
1492 1653 153 56 diuersis
1606 1653 114 56 aquis
1683 1653 89 56 fit
1734 1653 89 56 vna
1785 1653 102 56 aqua
1848 1653 153 56 totalis:
1963 1653 89 56 ita
2013 1653 89 56 per
2064 1653 76 56 se
2103 1653 102 56 vna:
2166 1653 114 56 sicut
2230 1653 76 56 erat

1385 1692 119 53 aliqua
1469 1692 107 53 earum
1540 1692 72 53 ex
1576 1692 119 53 quibus
1660 1692 179 53 componitur:
1803 1692 84 53 nec
1851 1692 107 53 tamen
1922 1692 84 53 vna
1970 1692 95 53 pars
2030 1692 84 53 est
2077 1692 72 53 in
2113 1692 143 53 potentia
2220 1692 72 53 ad
2244 1692 60 53 al-

1381 1736 119 57 teram:
1464 1736 83 57 sed
1512 1736 95 57 ambe
1571 1736 119 57 priuso
1654 1736 107 57 erant
1725 1736 71 57 in
1761 1736 142 57 potentia
1868 1736 71 57 ad
1903 1736 202 57 constituendum
2070 1736 95 57 vnam
2129 1736 131 57 totalem
2212 1736 95 57 aquam:

1390 1781 68 53 et
1424 1781 113 53 quando
1503 1781 158 53 actualiter
1627 1781 90 53 sunt
1683 1781 113 53 partes
1762 1781 90 53 actu
1819 1781 124 53 illius:
1909 1781 102 53 illam
1977 1781 169 53 constituunt
2113 1781 68 53 in
2147 1781 102 53 actu:
2214 1781 68 53 et
2237 1781 79 53 simul

1385 1826 131 53 sumpte
1477 1826 105 53 sunt
1542 1826 105 53 aqua
1608 1826 105 53 vna.
1673 1826 66 53 ⁋
1700 1826 79 53 Ad
1739 1826 197 53 probationem
1896 1826 92 53 cum
1949 1826 144 53 dicitur
2054 1826 79 53 si
2093 1826 157 53 vtrumque
2211 1826 92 53 est
2251 1826 52 53 in

1394 1867 96 52 actu
1454 1867 84 52 non
1502 1867 84 52 fit
1550 1867 72 52 ex
1586 1867 84 52 eis
1634 1867 96 52 vnum
1694 1867 72 52 in
1730 1867 108 52 actu:
1802 1867 156 52 secundum.
1922 1867 72 52 P.
1958 1867 72 52 7.
1994 1867 108 52 meta.
2066 1867 144 52 dicendum
2174 1867 96 52 quod
2222 1867 96 52 contio

1386 1923 129 45 exponit
1480 1923 129 45 dictum.
1574 1923 70 45 P.
1609 1923 129 45 ibidem.
1703 1923 141 45 diceinit
1809 1923 70 45 et
1844 1923 176 45 impossibile
1985 1923 82 45 est
2032 1923 94 45 quod
2091 1923 82 45 duo
2138 1923 70 45 in
2173 1923 94 45 actu
2232 1923 94 45 sint
2279 1923 47 45 ex

1397 1961 104 53 ibus
1462 1961 78 53 in
1501 1961 130 53 aliqua
1593 1961 104 53 hora
1658 1961 104 53 fiat
1723 1961 104 53 vnum
1788 1961 78 53 in
1827 1961 104 53 actu
1893 1961 209 53 existentibus
2062 1961 91 53 eis
2114 1961 130 53 duobus
2206 1961 78 53 in
2232 1961 78 53 actu

1380 2001 68 56 in
1414 2001 80 56 eo.
1459 2001 68 56 Et
1493 2001 182 56 intelligunt.
1642 2001 68 56 P.
1676 2001 68 56 et
1710 2001 205 56 Commentatoris.
1881 2001 68 56 de
1915 2001 80 56 vno
1960 2001 68 56 in
1995 2001 102 56 actu:
2063 2001 91 56 quod
2120 2001 80 56 est
2165 2001 137 56 secundum
2256 2001 46 56 se

1386 2043 95 55 vnum
1445 2043 83 55 hoc
1493 2043 142 55 aliquid:
1599 2043 71 55 et
1635 2043 106 55 aliud
1706 2043 71 55 ab
1741 2043 106 55 alio:
1812 2043 71 55 ex
1848 2043 130 55 talibus
1942 2043 95 55 enim
2001 2043 83 55 non
2049 2043 189 55 constituitur
2203 2043 130 55 aliquid

1382 2089 97 53 vnum
1442 2089 145 53 secundum
1552 2089 85 53 se:
1600 2089 109 53 illis
1673 2089 170 53 manentibus
1806 2089 133 53 talibus
1903 2089 73 53 in
1939 2089 85 53 eo:
1988 2089 133 53 quaeuis
2085 2089 133 53 aliquod
2182 2089 109 53 talem
2242 2089 73 53 vnum

1385 2128 100 57 vere
1447 2128 199 57 constituatur
1609 2128 75 57 ex
1646 2128 149 57 pluribus
1758 2128 75 57 in
1795 2128 187 57 actualitate
1945 2128 187 57 praesentie:
2094 2128 75 57 et
2119 2128 187 57 distinctionis

1384 2172 161 50 essentialis:
1515 2172 81 50 quia
1565 2172 121 50 scilicet
1656 2172 81 50 vere
1706 2172 111 50 dicitur
1787 2172 81 50 quod
1837 2172 70 50 hoc
1877 2172 70 50 non
1917 2172 70 50 est
1958 2172 101 50 illud:
2028 2172 70 50 hec
2068 2172 111 50 solulio
2149 2172 101 50 potest
2209 2172 91 50 amplius

1380 2224 154 46 declarari
1498 2224 71 46 ex
1534 2224 83 46 his
1581 2224 94 46 quae
1640 2224 142 46 dicentur
1746 2224 71 46 in
1782 2224 201 46 distinctionem
1947 2224 83 46 24.
1994 2224 71 46 q.
2030 2224 118 46 primo.
2112 2224 59 46 ⁋
2136 2224 71 46 Ad
2171 2224 71 46 2m
2207 2224 94 46 dico
2254 2224 71 46 quod

1384 2259 78 58 se
1423 2259 169 58 totaliter
1553 2259 143 58 faciunt
1656 2259 104 58 vnum
1721 2259 78 58 ad
1760 2259 104 58 hunc
1825 2259 208 58 intellectum.
1994 2259 130 58 valet.
2084 2259 104 58 quod
2149 2259 78 58 se
2175 2259 130 58 totalies

1391 2307 158 54 vniuntur:
1512 2307 85 54 ita
1561 2307 97 54 quod
1622 2307 146 54 quilibet
1731 2307 73 54 et
1768 2307 97 54 eius
1829 2307 146 54 quelibet
1938 2307 97 54 pars
1999 2307 146 54 cuilibet
2108 2307 134 54 alteri:
2206 2307 73 54 et
2230 2307 73 54 eist

1396 2355 107 44 tiam
1463 2355 161 44 cuilibet
1584 2355 121 44 parti
1664 2355 175 44 immediate
1799 2355 148 44 vnitur:
1906 2355 81 44 et
1946 2355 94 44 cum
2000 2355 107 44 illa
2067 2355 107 44 vnam
2134 2355 94 44 per
2188 2355 81 44 se
2215 2355 94 44 tota-

1384 2390 100 52 lem
1441 2390 142 52 formam
1540 2390 214 52 constituit:
1711 2390 85 52 et
1754 2390 142 52 loquor
1854 2390 85 52 de
1896 2390 171 52 partibus
2024 2390 270 52 intentionalibus
2238 2390 71 52 ne-

1389 2441 134 52 quaquam
1486 2441 97 52 situ
1547 2441 183 52 distinctis.
1693 2441 85 52 Nam
1742 2441 97 52 quae
1803 2441 97 52 situ
1864 2441 134 52 distant
1962 2441 85 52 nec
2010 2441 85 52 sic
2059 2441 207 52 vniversaliter
2218 2441 97 52 vniun-

1380 2473 91 63 tur:
1436 2473 68 63 vt
1470 2473 114 63 patet:
1550 2473 79 63 cum
1595 2473 136 63 arguitur
1698 2473 114 63 contra
1777 2473 91 63 hoc:
1834 2473 91 63 quia
1891 2473 91 63 tunc
1947 2473 159 63 necessario
2072 2473 114 63 altera
2140 2473 182 63 corrumperetur:

1394 2523 88 58 qui
1445 2523 88 58 non
1495 2523 88 58 est
1545 2523 163 58 possibile
1671 2523 101 58 vnam
1734 2523 176 58 realitatem
1872 2523 151 58 transire
1985 2523 75 58 in
2023 2523 138 58 alteram
2123 2523 88 58 per
2161 2523 151 58 omnimodam-

1385 2572 176 47 identitatem
1526 2572 71 47 ea
1562 2572 141 47 manente.
1668 2572 82 47 neo
1715 2572 212 47 consequentiam:
1891 2572 82 47 nec
1938 2572 141 47 probatio
2044 2572 118 47 valet:
2127 2572 82 47 tum
2174 2572 94 47 quia
2232 2572 71 47 in
2256 2572 47 47 ta

1387 2608 83 54 li
1429 2608 138 54 vnione
1526 2608 97 54 vna
1581 2608 111 54 pars
1650 2608 97 54 non
1706 2608 152 54 transit
1816 2608 83 54 in
1858 2608 180 54 omimmodam
1996 2608 208 54 identitatem
2163 2608 180 54 alterius:

1381 2658 114 52 immo
1452 2658 157 52 remanet
1566 2658 114 52 vere
1637 2658 185 52 distincta
1780 2658 242 52 essentialiter
1979 2658 85 52 ab
2022 2658 128 52 alia:
2107 2658 157 52 quamuis
2221 2658 85 52 ei
2250 2658 71 52 sit

1388 2705 158 51 totaliter
1509 2705 121 51 vnita:
1594 2705 85 51 tum
1642 2705 97 51 quia
1703 2705 73 51 si
1739 2705 158 51 transiret
1861 2705 73 51 in
1897 2705 158 51 omimmodam
2018 2705 194 51 identitatem:
2176 2705 85 51 non
2212 2705 97 51 sequi-

1388 2750 102 43 tur
1447 2750 117 43 quod
1520 2750 263 43 corrumperetur:
1739 2750 102 43 sed
1798 2750 190 43 oppositum
1944 2750 161 43 potius.
2061 2750 102 43 Nam
2119 2750 102 43 quo
2178 2750 102 43 hec
2222 2750 102 43 esset

1377 2788 125 54 eadem
1460 2788 111 54 illi
1530 2788 83 54 si
1572 2788 97 54 hoc
1627 2788 97 54 non
1683 2788 139 54 esset.
1780 2788 83 54 Si
1822 2788 125 54 autem
1905 2788 125 54 esset
1988 2788 167 54 corrupta
2113 2788 97 54 iam
2169 2788 97 54 non
2211 2788 97 54 esset

1375 2830 80 55 ⁋
1407 2830 128 55 Item
1487 2830 96 55 si
1535 2830 112 55 hoc
1598 2830 175 55 transit
1726 2830 96 55 in
1774 2830 239 55 identitatem
1965 2830 191 55 alterius
2109 2830 159 55 altera
2204 2830 112 55 etiam

1383 2878 193 52 econuerso
1532 2878 164 52 transit
1651 2878 89 52 in
1695 2878 223 52 identitatem
1874 2878 149 52 huius.
1978 2878 119 52 ergo
2052 2878 104 52 vel
2112 2878 164 52 vtraque
2216 2878 89 52 cor-

1379 2917 174 53 rumpitur:
1513 2917 94 53 vel
1566 2917 148 53 neutra:
1674 2917 80 53 et
1714 2917 94 53 non
1768 2917 161 53 vtraque:
1888 2917 107 53 quia
1955 2917 107 53 tunc
2022 2917 94 53 non
2076 2917 134 53 essent
2170 2917 121 53 idem.
2237 2917 67 53 Nam

1386 2958 155 63 quecumque
1505 2958 95 63 sunt
1565 2958 119 63 eadem:
1648 2958 107 63 sunt:
1719 2958 107 63 patet
1791 2958 95 63 ergo
1850 2958 95 63 quod
1910 2958 95 63 ista
1969 2958 190 63 consequentia
2124 2958 83 63 non
2171 2958 119 63 valet.
2255 2958 59 63 ⁋
2278 2958 71 63 Ad

1382 3010 175 50 tertium
1510 3010 159 50 potest
1621 3010 127 50 dici
1701 3010 127 50 quod
1780 3010 175 50 faciunt
1908 3010 127 50 vnum
1987 3010 175 50 vnitate
2099 3010 191 50 compositio

1382 3048 120 75 nis:
1457 3048 90 75 si
1502 3048 180 75 quelibet
1636 3048 254 75 constituentia
1846 3048 120 75 vnum
1921 3048 105 75 per
1981 3048 90 75 se
2026 3048 180 75 dicantur
2160 3048 120 75 esse
2220 3048 90 75 vnum
