2441 3519
185 229 150 80 quibus
290 229 120 80 alie
365 229 240 80 considerant:
560 229 135 80 sicut
651 229 135 80 etiam
741 229 195 80 geometria
891 229 90 80 ad
936 229 150 80 plures
1026 229 75 80 li-

189 293 117 58 neas
262 293 88 58 se
306 293 175 58 extendit
438 293 117 58 quam
511 293 234 58 perspectiua:
701 293 102 58 cum
760 293 219 58 perspectiua
935 293 88 58 de
964 293 132 58 visuali

192 329 118 64 tantum
275 329 177 64 consideret:
416 329 82 64 sic
463 329 71 64 et
498 329 71 64 de
534 329 188 64 philosophica
687 329 118 64 dicunt
769 329 82 64 qui
816 329 106 64 licem
887 329 82 64 sit
922 329 177 64 consideratiua

195 374 122 62 omnium
280 374 73 62 de
317 374 122 62 quibus
403 374 135 62 tamquam
501 374 73 62 de
537 374 135 62 obiecto
635 374 86 62 est
684 374 171 62 geometria:
819 374 73 62 de
855 374 159 62 plitribus
978 374 86 62 est
1014 374 86 62 aliis

194 414 181 67 considerat
337 414 78 67 de
375 414 130 67 quibus
466 414 91 67 non
518 414 117 67 illa:
596 414 78 67 vt
635 414 78 67 de
673 414 155 67 qualibus
790 414 207 67 sensibilibus
958 414 78 67 de
984 414 117 67 materia

186 463 150 63 etaliis
295 463 150 63 multis.
404 463 68 63 ⁋
432 463 82 63 Ex
473 463 177 63 predictis
609 463 123 63 patet
691 463 164 63 falsitas
813 463 123 63 huius
895 463 177 63 opinionis
1018 463 68 63 di-

180 504 72 64 te
216 504 97 64 etc.
277 504 109 64 Primo
349 504 97 64 quia
409 504 145 64 probatum
518 504 97 64 est:
579 504 97 64 quod
639 504 72 64 de
675 504 109 64 eodem
748 504 145 64 subiecto
856 504 133 64 possunt
953 504 97 64 esse
1001 504 97 64 diuer-

179 544 74 59 si
216 544 136 59 habitus
315 544 173 59 partiales:
450 544 136 59 vocando
549 544 136 59 habitum
648 544 161 59 partialem
772 544 86 59 qui
821 544 86 59 est
870 544 111 59 vnius
932 544 173 59 conclusionis

178 582 124 65 tantum.
268 582 124 65 totalem
358 582 90 65 vero
414 582 124 65 vocando
504 582 101 65 illum
571 582 124 65 habitum
661 582 79 65 qui
706 582 79 65 est
751 582 124 65 plurium
841 582 191 65 conclusionum:
998 582 90 65 siue
1043 582 56 65 sit

186 632 120 67 vnus
261 632 255 67 essentialiter
471 632 120 67 siue
546 632 195 67 collectio
695 632 165 67 plurium
815 632 90 67 de
860 632 105 67 quo
920 632 135 67 infra
995 632 105 67 inqui

179 675 148 67 retur:
283 675 104 67 sic
342 675 118 67 vsum
416 675 104 67 est
475 675 148 67 vocare
579 675 118 67 vnam
653 675 192 67 scientiam
801 675 207 67 geometriam
964 675 104 67 vel
1008 675 89 67 geo-

179 721 92 59 met.
237 721 115 59 omnium
318 721 196 59 conclusionum:
479 721 115 59 quarum
559 721 127 59 doctria
651 721 138 59 traditur
755 721 69 59 ab
789 721 138 59 euclide:
893 721 69 59 et
927 721 150 59 similiter
1031 721 69 59 phhi

183 762 106 63 cam
244 762 258 63 etmetaphicam:
456 762 91 63 et
502 762 106 63 ita
562 762 91 63 de
608 762 152 63 aliis:
714 762 91 63 de
760 762 152 63 quarum
866 762 182 63 qualibet
988 762 106 63 multe

170 806 188 56 conclusiones
323 806 82 56 seu
370 806 141 56 multarum
476 806 188 56 conclusionem
628 806 176 56 significata
769 806 153 56 sciuntur.
886 806 117 56 igitur
969 806 106 56 nihil
1027 806 59 56 pro

171 844 134 64 hibet
260 844 89 64 de
305 844 149 64 eisdem
409 844 134 64 rebus
498 844 178 64 precipue
632 844 119 64 esse
706 844 178 64 diuersos
840 844 163 64 habitus
943 844 149 64 totales:

173 894 117 60 patet
251 894 222 60 consequentia:
434 894 104 60 quia
499 894 78 60 ex
538 894 117 60 aliis
616 894 78 60 et
656 894 117 60 aliis
734 894 196 60 partialibus
890 894 104 60 alii
956 894 78 60 et
995 894 104 60 alii
1047 894 52 60 to

165 936 128 55 tales
250 936 128 55 sunt.
336 936 71 55 ⁋
364 936 228 55 Confirmatur.
550 936 100 55 nam
607 936 157 55 constat
721 936 114 55 quod
792 936 114 55 illa
864 936 114 55 pars
921 936 171 55 philosophi

168 982 158 59 totalis
283 982 101 59 que
340 982 101 59 est
398 982 86 59 de
441 982 202 59 corporibus
600 982 216 59 celestibus:
772 982 86 59 et
815 982 130 59 eorum
902 982 173 59 motibus:
1017 982 72 59 non

170 1019 236 64 distinguitur
362 1019 89 64 ab
407 1019 222 64 astronomia:
584 1019 103 64 per
643 1019 103 64 hoc
702 1019 118 64 quod
776 1019 118 64 alia
850 1019 118 64 pars
924 1019 163 64 phisice
1027 1019 74 64 est

160 1066 95 57 de
208 1066 143 57 aliis
303 1066 159 57 rebus:
414 1066 95 57 de
462 1066 159 57 quibus
573 1066 111 57 non
637 1066 111 57 est
701 1066 238 57 astronomia:
891 1066 127 57 immo
971 1066 95 57 si
1003 1066 95 57 nul-

170 1105 75 64 la
207 1105 100 64 alia
269 1105 100 64 pars
332 1105 187 64 philosophie
481 1105 125 64 esset:
568 1105 87 64 vel
618 1105 112 64 etiam
693 1105 112 64 nulla
768 1105 100 64 alia
830 1105 87 64 res
880 1105 175 64 naturalis:
1005 1105 87 64 adhuc

166 1144 220 67 philosophica
345 1144 82 67 de
386 1144 110 67 celo
455 1144 124 67 esset
537 1144 124 67 alius
619 1144 151 67 habitus
729 1144 165 67 secundum
853 1144 151 67 speciem
962 1144 82 67 ab
990 1144 96 67 astro

168 1197 139 60 nomia.
265 1197 70 60 ⁋
293 1197 83 60 2o
335 1197 111 60 quia
405 1197 83 60 de
446 1197 223 60 quibuscumque
627 1197 139 60 potest
724 1197 111 60 esse
794 1197 167 60 scientia
919 1197 139 60 potest
1003 1197 83 60 esse

164 1247 177 48 opinio.
293 1247 161 48 igitur
406 1247 97 48 de
454 1247 161 48 eisdem
567 1247 194 48 precipue
712 1247 210 48 contingit
873 1247 129 48 esse
938 1247 145 48 habitus

169 1281 140 65 totales
271 1281 178 65 distinctos
411 1281 178 65 specifice:
551 1281 114 65 patet
627 1281 203 65 consequentia
792 1281 89 65 cum
843 1281 127 65 opinio
932 1281 76 65 et
958 1281 127 65 scientia

177 1319 152 60 specifice
294 1319 199 60 distinguatur:
458 1319 164 60 antecedens
587 1319 117 60 patet:
669 1319 129 60 quoniam
763 1319 94 60 omne
822 1319 94 60 quod
880 1319 117 60 potest
950 1319 141 60 demonstra-

179 1373 86 54 ri
222 1373 143 54 potest
322 1373 129 54 etiam
408 1373 229 54 probabiliter
594 1373 172 54 concludi
723 1373 86 54 et
766 1373 215 54 conformiter
923 1373 172 54 assentiri.

175 1410 71 61 ⁋
203 1410 212 61 Confirmatur
373 1410 85 61 ex
415 1410 198 61 intentione
570 1410 212 61 philosophi.
740 1410 85 61 4.
782 1410 141 61 metha.
881 1410 170 61 dicentis
994 1410 85 61 quod

172 1457 140 61 circa
266 1457 124 61 idem
343 1457 140 61 genus
437 1457 186 61 versatur
576 1457 217 61 sophistica
747 1457 93 61 et
794 1457 202 61 dialetica
949 1457 109 61 cum
996 1457 93 61 phi-

170 1494 142 65 sica.
265 1494 95 65 et
312 1494 189 65 loquitur
454 1494 95 65 de
501 1494 205 65 dialetica
659 1494 158 65 vtente
769 1494 95 65 et
816 1494 110 65 non
879 1494 173 65 docente
990 1494 110 65 iuxta

175 1541 231 60 distinctionem
365 1541 217 60 expositorum.
542 1541 81 60 et
583 1541 176 60 sequitur.
718 1541 95 60 est
773 1541 122 60 autem
854 1541 176 60 dialetica
976 1541 109 60 tenta-

169 1586 110 62 tiua
238 1586 83 62 de
280 1586 138 62 quibus
376 1586 207 62 philosophia
541 1586 97 62 est
597 1586 152 62 sciens:
707 1586 97 62 vbi
762 1586 152 62 Commen.
872 1586 152 62 Commune
983 1586 110 62 est:
1038 1586 55 62 in

162 1631 138 51 quit:
253 1631 107 51 eis
315 1631 138 51 loqui
406 1631 92 51 de
452 1631 138 51 ente:
544 1631 92 51 et
590 1631 122 51 quia
666 1631 214 51 conueniunt
834 1631 183 51 subiecto
956 1631 138 51 deducit

168 1676 148 52 scilicet
279 1676 99 52 Agr3
341 1676 111 52 modum
415 1676 148 52 secundum
526 1676 99 52 quem
588 1676 173 52 differunt.
724 1676 74 52 Et
761 1676 124 52 dicit.
848 1676 148 52 scientia
959 1676 99 52 enim
1009 1676 74 52 etc.

160 1725 87 49 id
203 1725 101 49 est
261 1725 130 49 genus
347 1725 144 49 omnium
448 1725 159 49 istorum
564 1725 144 49 trium:
665 1725 87 49 in
708 1725 101 49 quo
766 1725 216 49 considerant
939 1725 101 49 est
982 1725 101 49 vnum:

167 1759 76 51 et
205 1759 89 51 est
256 1759 89 51 ens
307 1759 203 51 simpliciter:
473 1759 89 51 sed
523 1759 191 51 philosophia
676 1759 102 51 vera
740 1759 140 51 differt
841 1759 64 51 a
867 1759 127 51 logica
956 1759 89 51 per
994 1759 89 51 modum

164 1791 175 66 scientie:
298 1791 202 66 philosophia
460 1791 108 66 enim
527 1791 189 66 considerat
676 1791 81 66 de
716 1791 108 66 ente
783 1791 243 66 consideratione
972 1791 108 66 demon-

165 1840 189 72 stratiua:
311 1840 145 72 logica
412 1840 116 72 vero
485 1840 261 72 consideratione
703 1840 203 72 probabili:
862 1840 102 72 hec
920 1840 160 72 Commen.
1022 1840 58 72 Ex

172 1882 78 65 his
217 1882 101 65 patet
284 1882 90 65 quod
340 1882 67 65 de
373 1882 179 65 quibuscumque
519 1882 101 65 rebus
586 1882 123 65 possunt
675 1882 90 65 esse
731 1882 145 65 scientie:
843 1882 123 65 possunt
933 1882 90 65 esse
989 1882 67 65 et
1011 1882 67 65 opi-

165 1926 173 62 niones.
291 1926 79 62 ⁋
322 1926 189 62 Arguitur
464 1926 141 62 autem
558 1926 110 62 pro
621 1926 189 62 opinione
763 1926 157 62 illius
857 1926 220 62 tripliciter.

168 1966 78 68 Et
207 1966 117 68 primo
285 1966 195 68 auctoritate
442 1966 182 68 philosophi
585 1966 78 68 3o
624 1966 78 68 de
663 1966 117 68 anima
741 1966 156 68 allegata
859 1966 78 68 in
898 1966 117 68 prima
963 1966 117 68 ratione

172 2009 133 69 facta
261 2009 89 69 ad
305 2009 222 69 questionem.
482 2009 74 69 ⁋
512 2009 89 69 2o
556 2009 118 69 quia
630 2009 133 69 omnis
719 2009 177 69 scientia
852 2009 148 69 probat
940 2009 133 69 aliquam

164 2057 192 60 passionem
312 2057 89 60 de
357 2057 104 60 suo
416 2057 192 60 subiecto:
564 2057 118 60 quam
638 2057 118 60 alia
712 2057 104 60 non
771 2057 163 60 probat:
890 2057 148 60 igitur
978 2057 104 60 habet

177 2095 109 64 aliud
250 2095 170 64 subiectum.
383 2095 61 64 ⁋
407 2095 73 64 3o
443 2095 97 64 quia
504 2095 73 64 6.
540 2095 133 64 metaph.
637 2095 109 64 dicit
710 2095 182 64 philosophus
855 2095 97 64 quod
916 2095 73 64 si
952 2095 85 64 non
988 2095 85 64 esset

166 2145 162 62 subiecta
287 2145 175 62 separata:
422 2145 216 62 philosophica
597 2145 121 62 esset
678 2145 121 62 prima
759 2145 216 62 philosophia:
934 2145 135 62 igitur
1015 2145 67 62 si-

163 2188 115 54 nunc
234 2188 230 54 methaphisica
421 2188 230 54 distinguitur
608 2188 72 54 a
637 2188 187 54 phisicam:
780 2188 101 54 hoc
838 2188 115 54 est:
910 2188 115 54 quia
967 2188 115 54 consi-

169 2231 147 55 derat
267 2231 98 55 de
316 2231 245 55 substantiis
512 2231 229 55 abstractis
691 2231 98 55 de
740 2231 163 55 quibus
855 2231 114 55 non
904 2231 163 55 conside-

167 2271 107 65 rat
228 2271 183 65 phisica.
365 2271 76 65 ⁋
396 2271 92 65 4o
442 2271 92 65 ad
488 2271 122 65 idem
564 2271 153 65 induci
671 2271 153 65 potest
778 2271 214 65 auctoritas
931 2271 137 65 Commmen

165 2323 173 53 tatoris:
294 2323 158 53 quamuis
409 2323 115 53 ipsi
481 2323 101 53 eam
539 2323 101 53 non
596 2323 187 53 inducant.
740 2323 101 53 Ait
798 2323 115 53 enim
870 2323 86 53 2o
913 2323 144 53 metha.
999 2323 72 53 su-

173 2358 82 58 per
220 2358 93 58 illo
278 2358 105 58 verbo
348 2358 175 58 philosophi.
488 2358 128 58 videtur
581 2358 93 58 enim
639 2358 93 58 quod
697 2358 140 58 quelibet
802 2358 116 58 natura
884 2358 116 58 habeat
954 2358 116 58 materiam

161 2413 156 53 inquit.
274 2413 128 53 Uidet
359 2413 114 53 enim
430 2413 114 53 quod
501 2413 114 53 omne
572 2413 99 53 ens
629 2413 142 53 habeat
728 2413 142 53 causam
828 2413 213 53 materialem:
998 2413 85 53 et
1026 2413 57 53 si

167 2446 101 67 ita
224 2446 101 67 est
282 2446 130 67 nulla
369 2446 174 67 scientia
500 2446 101 67 est
558 2446 116 67 alia
630 2446 72 67 a
659 2446 174 67 scientia
789 2446 188 67 naturali.
920 2446 159 67 Fundatur.

154 2496 102 48 autem
222 2496 79 48 hec
267 2496 181 48 consequentia
414 2496 102 48 super
482 2496 79 48 hoc
527 2496 91 48 quod
584 2496 68 48 de
618 2496 91 48 omni
674 2496 68 48 re
708 2496 124 48 habente
799 2496 136 48 materiam
900 2496 102 48 habet
957 2496 113 48 conside-

157 2540 109 52 rare
225 2540 190 52 naturalis.
375 2540 81 52 Ex
415 2540 109 52 eius
483 2540 122 52 autem
565 2540 204 52 consequente
728 2540 163 52 infertur
850 2540 163 52 vlterius
972 2540 109 52 quod
1027 2540 54 52 si

168 2579 87 54 est
217 2579 99 54 nunc
279 2579 124 54 aliqua
365 2579 99 54 alia
427 2579 148 54 scientia
538 2579 62 54 a
563 2579 161 54 naturali:
687 2579 99 54 illa
749 2579 124 54 vtique
835 2579 87 54 est
885 2579 74 54 de
922 2579 111 54 rebus
983 2579 87 54 carem

168 2623 111 61 tibus
242 2623 148 61 materia:
352 2623 74 61 de
389 2623 123 61 quibus
476 2623 86 61 non
525 2623 86 61 est
574 2623 209 61 philosophica.
746 2623 62 61 ⁋
771 2623 74 61 Ad
808 2623 123 61 primum
894 2623 99 61 dico
956 2623 99 61 quod
1005 2623 74 61 pari

159 2665 101 60 ter
216 2665 101 60 per
274 2665 130 60 illam
361 2665 231 60 auctoritatem
549 2665 188 60 probaretu
694 2665 116 60 quod
766 2665 101 60 nec
824 2665 101 60 est
882 2665 101 60 due
925 2665 145 60 scientio

175 2707 180 65 partiales
313 2707 152 65 possunt
424 2707 111 65 esse
493 2707 83 65 de
534 2707 124 65 eadem
617 2707 97 65 re.
673 2707 124 65 cuius
755 2707 180 65 oppositum
894 2707 180 65 manifeste
1018 2707 69 65 est

170 2758 162 56 ostensum.
294 2758 75 56 2o
332 2758 100 56 quod
394 2758 100 56 illa
456 2758 112 56 verba
531 2758 174 56 philosophi
668 2758 87 56 non
718 2758 174 56 scribuntur
855 2758 75 56 ad
892 2758 174 56 propositum
1017 2758 62 56 il-

170 2791 96 58 lud.
230 2791 84 58 non
278 2791 96 58 enim
337 2791 96 58 vult
397 2791 120 58 dicere
481 2791 179 58 philosophus
625 2791 96 58 quod
684 2791 167 58 distinctio
816 2791 179 58 scientiarum
959 2791 84 58 sit
995 2791 84 58 secum

162 2843 99 48 dum
219 2843 241 48 distinctionem
417 2843 128 48 rerum
502 2843 85 48 et
545 2843 170 48 econtra.
673 2843 99 48 nec
729 2843 99 48 hoc
786 2843 128 48 facit
871 2843 85 48 ad
900 2843 170 48 propositum

165 2882 130 56 suum:
251 2882 101 56 sed
309 2882 115 56 vult
381 2882 144 56 dicere
482 2882 115 56 quod
554 2882 144 56 simili
655 2882 188 56 diuisione
800 2882 101 56 diu
857 2882 159 56 iduntur
973 2882 101 56 res
1016 2882 58 56 et

169 2922 153 65 scientia
284 2922 115 65 atque
361 2922 140 65 sensus:
463 2922 153 65 scilicet
577 2922 166 65 diuisione
705 2922 153 65 secundum
820 2922 115 65 actum
896 2922 77 65 et
922 2922 140 65 potentiam

170 2968 119 64 vnde
245 2968 224 64 Commentator
424 2968 179 64 exponens
558 2968 134 64 illud
647 2968 119 64 quod
722 2968 194 64 allegatum
871 2968 119 64 est:
931 2968 134 64 secatur

168 3009 140 72 igitur
266 3009 168 72 scientia
392 3009 84 72 et
435 3009 140 72 sensus
533 3009 84 72 in
575 3009 112 72 res:
645 3009 98 72 que
701 3009 140 72 quidem
799 3009 168 72 potentia
926 3009 84 72 in
968 3009 84 72 ea
996 3009 84 72 quae

1142 261 119 65 sunt
1217 261 179 65 potentia
1351 261 119 65 etc.
1426 261 164 65 inquit.
1545 261 104 65 Cum
1605 261 149 65 posuit
1709 261 119 65 quod
1784 261 134 65 anima
1873 261 104 65 est
1918 261 134 65 quodan-

1149 305 118 68 modo
1223 305 148 68 anima:
1327 305 163 68 incepit
1445 305 192 68 declarare
1593 305 133 68 illum
1682 305 148 68 modum:
1786 305 133 68 dicit
1874 305 148 68 dicaus
1963 305 89 68 etc.

1139 356 130 58 quia
1220 356 244 58 differentie
1415 356 163 58 entium
1529 356 163 58 quibus
1643 356 228 58 diuiduntur
1822 356 114 58 cum
1871 356 179 58 differen-

1142 395 120 60 tiis
1217 395 135 60 anime
1307 395 120 60 sunt
1382 395 135 60 eedem
1472 395 90 60 et
1517 395 120 60 sunt
1592 395 180 60 potentia
1727 395 90 60 et
1772 395 150 60 actus.
1877 395 135 60 Sicut
1952 395 90 60 enim

1134 439 84 60 et
1176 439 209 60 intellectus
1343 439 84 60 et
1385 439 139 60 sensus
1482 439 111 60 sunt
1552 439 167 60 potentia
1677 439 97 60 aut
1733 439 125 60 actu:
1816 439 97 60 ita
1872 439 111 60 omne
1928 439 111 60 sensi-

1141 475 100 75 bile
1204 475 88 75 aut
1254 475 213 75 intelligibile
1430 475 88 75 est
1480 475 88 75 aut
1530 475 151 75 potentia
1643 475 88 75 aut
1694 475 113 75 actu.
1769 475 75 75 et
1807 475 88 75 cum
1857 475 88 75 ita
1907 475 88 75 sit
1957 475 75 75 si
1982 475 63 75 sen

1141 520 113 67 tiens
1217 520 88 67 est
1267 520 76 67 in
1305 520 164 67 potentio.
1431 520 151 67 sensatum
1545 520 101 67 erit
1608 520 76 67 in
1646 520 164 67 potentia.
1772 520 76 67 Et
1809 520 76 67 si
1847 520 126 67 fuerit
1936 520 76 67 in
1961 520 88 67 actu:

1150 562 169 70 sensatum
1276 562 112 70 erit
1347 562 84 70 in
1389 562 126 70 actu:
1473 562 84 70 et
1515 562 98 70 sic
1571 562 98 70 est
1628 562 84 70 de
1670 562 197 70 intellectu
1824 562 98 70 cum
1866 562 183 70 intellecto:

1138 604 80 72 Et
1178 604 80 72 ex
1218 604 94 72 hoc
1271 604 174 72 concludit
1405 604 107 72 ipse
1472 604 80 72 et
1512 604 214 72 philosophus:
1685 604 107 72 quod
1752 604 134 72 sciens
1846 604 94 72 est
1886 604 160 72 quodammodo

1144 651 157 63 scitum
1254 651 94 63 et
1301 651 188 63 sentiens
1443 651 204 63 sensatum.
1600 651 94 63 Et
1647 651 126 63 quia
1725 651 110 63 hoc
1788 651 110 63 non
1851 651 157 63 potest
1945 651 94 63 esse

1135 693 188 65 secundum
1276 693 204 65 essentiam
1433 693 141 65 suam.
1527 693 125 65 quia
1605 693 141 65 lapis
1699 693 110 65 non
1762 693 110 65 est
1825 693 94 65 in
1872 693 157 65 anima:
1966 693 78 65 nec

1137 734 83 68 in
1179 734 83 68 ea
1220 734 125 68 erit:
1303 734 97 68 sed
1359 734 166 68 secundum
1484 734 236 68 similitudinem
1678 734 83 68 et
1719 734 166 68 speciem.
1844 734 83 68 Et
1886 734 111 68 ideo
1941 734 111 68 conclu

1135 781 92 67 dit
1187 781 105 67 quod
1253 781 197 67 intellectus
1411 781 92 67 est
1464 781 145 67 species
1569 781 184 67 specierum:
1714 781 79 67 et
1753 781 132 67 sensus
1846 781 145 67 species
1938 781 105 67 sensi-

1137 818 160 74 bilium.
1254 818 131 74 patet
1341 818 131 74 autem
1428 818 116 74 quod
1500 818 116 74 ista
1573 818 102 74 non
1631 818 160 74 faciunt
1747 818 87 74 ad
1790 818 218 74 propositum.
1964 818 73 74 ⁋
1979 818 58 74 Ad

1141 863 183 69 secundum
1278 863 122 69 dico
1354 863 152 69 primo.
1460 863 122 69 quod
1537 863 244 69 consequentia
1735 863 107 69 non
1795 863 107 69 est
1841 863 198 69 necessaria.

1134 907 116 68 Nam
1201 907 99 68 de
1250 907 149 68 eodem
1350 907 199 68 subiecto
1499 907 182 68 possunt
1632 907 182 68 diuersi
1764 907 215 68 artifices
1913 907 133 68 diuer-

1128 949 108 75 sas
1189 949 200 75 passiones
1343 949 247 75 demonstrare:
1544 949 139 75 sicut
1636 949 92 75 de
1682 949 154 75 astris
1790 949 139 75 alias
1867 949 170 75 passiones

1139 996 157 72 probat
1249 996 236 72 Astrologus:
1438 996 141 72 alias
1532 996 157 72 probat
1642 996 204 72 phisicus.
1799 996 94 72 Et
1846 996 94 72 de
1877 996 173 72 magnitudi

1127 1046 136 59 nibus
1217 1046 136 59 alias
1308 1046 151 59 probat
1414 1046 196 59 passiones
1564 1046 196 59 physicus:
1715 1046 136 59 alias
1806 1046 196 59 geometra.
1957 1046 75 59 ⁋
1972 1046 60 59 2o

1134 1077 115 72 dico
1205 1077 115 72 quod
1277 1077 86 72 si
1320 1077 86 72 in
1363 1077 215 72 antecedente
1535 1077 201 72 accipiatur
1693 1077 172 72 scientia
1822 1077 201 72 communiter
1965 1077 72 72 pro

1121 1124 176 66 partiali
1253 1124 88 66 et
1297 1124 102 66 pro
1355 1124 161 66 totali:
1472 1124 132 66 patet
1560 1124 132 66 ipsum
1648 1124 117 66 esse
1721 1124 161 66 falsum:
1838 1124 161 66 quoniam
1941 1124 102 66 eande

1128 1171 191 68 passionem
1275 1171 88 68 de
1319 1171 132 68 eodem
1407 1171 176 68 subiecto
1540 1171 191 68 distincte
1686 1171 176 68 scientie
1819 1171 191 68 partiales
1951 1171 88 68 pro-

1132 1213 141 64 bant:
1226 1213 94 64 vt
1273 1213 94 64 in
1321 1213 235 64 sequentibus
1509 1213 188 64 patebit.
1650 1213 78 64 ⁋
1681 1213 204 64 Preterea.
1838 1213 188 64 quicquid
1964 1213 78 64 sit

1127 1259 90 61 de
1172 1259 195 61 habitibus
1322 1259 255 61 scientificis:
1532 1259 255 61 vniuersaliter
1742 1259 135 61 tamen
1832 1259 90 61 de
1862 1259 180 61 habitibus.

1128 1296 191 70 loquendo:
1275 1296 132 70 illud
1363 1296 205 70 antecedens
1524 1296 103 70 non
1583 1296 103 70 est
1641 1296 147 70 verum.
1744 1296 103 70 nam
1803 1296 132 70 omnem
1876 1296 161 70 passionem

1128 1340 119 65 quam
1203 1340 149 65 probat
1307 1340 89 65 de
1351 1340 149 65 aliquo
1456 1340 179 65 subiecto
1590 1340 179 65 scientia
1723 1340 179 65 physica:
1857 1340 164 65 probare
1962 1340 74 65 est

1127 1387 155 63 potest
1235 1387 93 63 de
1281 1387 139 63 eodem
1374 1387 186 63 subiecto
1513 1387 155 63 opinio
1621 1387 186 63 physica:
1761 1387 108 63 qui
1822 1387 139 63 tamen
1900 1387 139 63 habitus

1133 1426 123 64 specie
1219 1426 221 64 distinguuntur.
1403 1426 62 64 ⁋
1428 1426 74 64 Ad
1465 1426 135 64 tertium
1563 1426 111 64 dico:
1637 1426 98 64 quod
1699 1426 86 64 non
1748 1426 86 64 est
1797 1426 148 64 intentio
1895 1426 148 64 philosophi

1132 1475 101 60 quod
1196 1475 139 60 physica
1297 1475 114 60 esset
1373 1475 114 60 prima
1449 1475 190 60 philosophia
1601 1475 76 60 id
1639 1475 89 60 est
1690 1475 139 60 metaph.
1791 1475 76 60 In
1829 1475 89 60 hac
1880 1475 101 60 enim
1931 1475 101 60 signi-

1130 1516 173 63 ficatione
1263 1516 173 63 aliquando
1396 1516 133 63 vtitur
1489 1516 106 63 isto
1555 1516 146 63 termino
1662 1516 160 63 complexo
1781 1516 120 63 prima
1848 1516 186 63 philosophia.

1131 1555 85 67 sed
1179 1555 145 67 intendit
1288 1555 97 67 quod
1349 1555 109 67 esset
1421 1555 181 67 philosophia
1566 1555 121 67 prima.
1651 1555 73 67 id
1687 1555 85 67 est
1736 1555 181 67 vniuersalis
1881 1555 73 67 et
1905 1555 121 67 communis

1136 1596 90 73 qua
1187 1596 115 73 nulla
1264 1596 115 73 esset
1341 1596 179 73 communior.
1482 1596 90 73 ita
1533 1596 102 73 quod
1597 1596 77 73 ly
1635 1596 128 73 prima:
1725 1596 166 73 praecipue
1853 1596 166 73 exponitur
1968 1596 51 73 ne

1136 1649 134 64 gatiue
1229 1649 80 64 et
1270 1649 215 64 intelligitur
1444 1649 80 64 de
1484 1649 174 64 primitate
1618 1649 228 64 communitatis.
1806 1649 121 64 patet
1887 1649 121 64 autem
1954 1649 80 64 hanc

1129 1693 111 56 esse
1198 1693 207 56 intentionem
1364 1693 124 56 eius.
1447 1693 97 56 nam
1503 1693 83 56 de
1544 1693 111 56 tali
1613 1693 180 56 primitate
1752 1693 166 56 loquitur
1862 1693 180 56 philosophus

1133 1723 112 78 ibi.
1203 1723 98 78 ait
1259 1723 126 78 enim.
1343 1723 182 78 dubitabit
1483 1723 154 78 aliquis
1596 1723 126 78 vtrum
1680 1723 210 78 philosophia
1848 1723 98 78 sit
1890 1723 140 78 vniuersa

1128 1767 95 68 lis
1183 1767 95 68 aut
1237 1767 122 68 circa
1319 1767 150 68 aliquod
1428 1767 122 68 genus
1509 1767 82 68 et
1550 1767 150 68 naturam
1659 1767 122 68 vnam.
1741 1767 82 68 et
1781 1767 177 68 concludit
1918 1767 109 68 quod
1972 1767 68 68 est

1131 1818 239 67 vniuersalis:
1325 1818 120 67 quia
1400 1818 105 67 est
1460 1818 135 67 circa
1550 1818 150 67 omnia:
1654 1818 90 67 et
1699 1818 120 67 quia
1774 1818 90 67 si
1819 1818 105 67 non
1879 1818 150 67 essent
1968 1818 75 67 sub

1122 1852 163 68 stantie
1241 1852 178 68 separate
1374 1852 163 68 physica
1492 1852 133 68 esset
1581 1852 133 68 circa
1670 1852 118 68 omne
1744 1852 118 68 ens:
1818 1852 118 68 ideo
1892 1852 133 68 esset
1966 1852 74 68 vni

1111 1901 194 73 uersalis
1256 1901 97 73 et
1305 1901 162 73 prima.
1418 1901 210 73 Similiter
1580 1901 243 73 Commentator
1774 1901 113 73 ibi
1839 1901 146 73 dicit
1920 1901 113 73 expo-

1122 1945 133 63 nendo
1211 1945 89 63 si
1255 1945 103 63 non
1314 1945 133 63 esset
1403 1945 103 63 hic
1462 1945 118 63 alia
1536 1945 207 63 substantia
1698 1945 74 63 a
1728 1945 192 63 sensibili
1875 1945 103 63 non
1920 1945 103 63 esset

1124 1988 125 59 aliqua
1211 1988 150 59 scientia
1323 1988 112 59 prior
1398 1988 162 59 naturali.
1522 1988 112 59 quare
1597 1988 175 59 auctoritas
1734 1988 100 59 illa
1797 1988 87 59 non
1846 1988 112 59 vadit
1921 1988 75 59 ad
1946 1988 75 59 pro-

1116 2034 179 63 positum.
1250 2034 104 63 nam
1310 2034 119 63 esto
1384 2034 119 63 quod
1458 2034 134 63 nulla
1548 2034 134 63 esset
1637 2034 193 63 communior
1786 2034 89 63 ea
1831 2034 134 63 adhuc
1905 2034 119 63 posset

1125 2078 120 61 esse
1200 2078 151 61 aliqua
1306 2078 120 61 alia
1381 2078 90 61 ab
1426 2078 105 61 ea:
1486 2078 135 61 sicut
1576 2078 241 61 consideratio
1772 2078 196 61 metaphici
1923 2078 90 61 de
1953 2078 75 61 ma-

1108 2120 216 61 gnitudine
1275 2120 133 61 alia
1358 2120 117 61 est
1425 2120 83 61 a
1458 2120 300 61 consideratione
1708 2120 216 61 geometre:
1874 2120 100 61 et
1907 2120 117 61 tamen

1113 2166 120 65 non
1181 2166 120 65 est
1250 2166 172 65 aliqua
1370 2166 223 65 magnitudo
1542 2166 257 65 naturaliter
1748 2166 223 65 absoluta.
1919 2166 86 65 ⁋
1953 2166 103 65 Ad

1131 2202 179 70 quartum
1261 2202 146 70 etiam
1358 2202 146 70 eodem
1456 2202 130 70 modo
1537 2202 114 70 non
1602 2202 195 70 intendit
1748 2202 244 70 Commentator
1927 2202 97 70 quod

1115 2248 83 64 non
1163 2248 107 64 esset
1234 2248 119 64 aliqua
1317 2248 95 64 alia
1376 2248 142 64 scientia
1483 2248 154 64 distincta
1602 2248 59 64 a
1625 2248 154 64 naturali.
1744 2248 131 64 constat
1839 2248 95 64 enim
1898 2248 95 64 quod
1946 2248 83 64 adhuc

1121 2289 202 70 mathematica
1282 2289 121 70 esset
1363 2289 108 70 alia
1431 2289 67 70 a
1457 2289 229 70 philosophica:
1646 2289 94 70 sed
1700 2289 108 70 vult
1767 2289 108 70 quod
1835 2289 94 70 non
1889 2289 121 70 esset
1956 2289 81 70 alia

1130 2337 187 61 pomunior:
1273 2337 86 61 et
1316 2337 86 61 de
1359 2337 187 61 aliquibus
1503 2337 230 61 considerans:
1689 2337 86 61 de
1733 2337 144 61 quibus
1833 2337 115 61 ipsa
1905 2337 100 61 non
1948 2337 86 61 con-

1122 2376 188 71 sideraret:
1269 2376 108 71 quia
1337 2376 108 71 tunc
1404 2376 108 71 ipsa
1471 2376 215 71 consideraret
1646 2376 81 71 de
1686 2376 148 71 omnibus
1794 2376 134 71 rebus:
1888 2376 81 71 et
1928 2376 94 71 hec
1968 2376 54 71 so

1127 2418 113 74 lutio
1203 2418 163 74 roboratur
1328 2418 75 74 ex
1366 2418 201 74 praecedente.
1529 2418 63 74 ⁋
1554 2418 75 74 2a
1592 2418 163 74 conclusio
1718 2418 163 74 probatur.
1843 2418 113 74 primo
1906 2418 113 74 quoniam

1130 2467 75 59 de
1168 2467 88 59 sic
1218 2467 100 59 esse
1281 2467 113 59 sicut
1356 2467 150 59 coclusio
1468 2467 125 59 aliqua
1556 2467 88 59 vna
1606 2467 175 59 significat
1743 2467 125 59 potest
1831 2467 125 59 haberi
1918 2467 88 59 per
1956 2467 75 59 vnum

1125 2504 127 65 hominem
1218 2504 138 65 scientia
1321 2504 69 65 et
1356 2504 81 65 per
1402 2504 104 65 alium
1471 2504 127 65 opinio:
1563 2504 69 65 et
1598 2504 115 65 iterum
1678 2504 81 65 per
1724 2504 104 65 alium
1794 2504 115 65 fides:
1874 2504 104 65 sicut
1943 2504 69 65 et
1966 2504 58 65 ei-

1122 2549 100 62 dem
1179 2549 214 62 enunciabili
1350 2549 114 62 quis
1421 2549 143 62 potest
1521 2549 186 62 assentire
1664 2549 100 62 per
1721 2549 271 62 demonstrationem
1935 2549 86 62 quam

1120 2588 116 68 habet
1198 2588 116 68 circa
1275 2588 90 68 id:
1327 2588 116 68 alius
1404 2588 168 68 praecipue
1534 2588 142 68 propter
1637 2588 168 68 probabile
1766 2588 142 68 medium:
1870 2588 116 68 alius
1935 2588 90 68 autem

1127 2633 132 70 propter
1223 2633 193 70 auctoritatem
1380 2633 169 70 praecipue.
1512 2633 132 70 constat
1609 2633 108 70 autem
1681 2633 96 70 quod
1741 2633 157 70 praedicti
1861 2633 132 70 habitus
1946 2633 84 70 inter

1124 2682 73 63 se
1160 2682 159 63 differunt
1282 2682 134 63 specie:
1380 2682 122 63 igitur
1466 2682 98 63 etc.
1527 2682 61 63 ⁋
1551 2682 73 63 2o
1588 2682 73 63 de
1624 2682 122 63 aliquo
1710 2682 134 63 obiecto
1807 2682 208 63 propositionis
1966 2682 49 63 po

1125 2720 126 72 test
1204 2720 158 72 habere
1314 2720 126 72 vnus
1393 2720 189 72 notitiam
1535 2720 205 72 complexam
1693 2720 189 72 mediante
1835 2720 173 72 notitia
1945 2720 79 72 sim

1121 2764 152 70 pliciter
1235 2764 165 70 intuitiua
1362 2764 101 70 rei.
1426 2764 76 70 de
1464 2764 89 70 quo
1515 2764 114 70 alius
1591 2764 114 70 habet
1667 2764 152 70 notitiam
1781 2764 89 70 per
1819 2764 203 70 demonstratiuum

1109 2817 204 49 discursum:
1269 2817 116 49 ideo
1342 2817 87 49 de
1386 2817 131 49 eodem
1473 2817 160 49 obiecto
1589 2817 160 49 possunt
1706 2817 116 49 esse
1778 2817 160 49 habitus
1880 2817 131 49 specifi

1113 2852 72 65 ce
1149 2852 167 65 distincti:
1280 2852 107 65 patet
1352 2852 191 65 consequentia
1506 2852 131 65 quoniam
1602 2852 83 65 non
1650 2852 95 65 plus
1709 2852 179 65 impossibile
1852 2852 83 65 est
1900 2852 72 65 de
1924 2852 107 65 habiti-

1119 2893 83 63 bus
1167 2893 95 63 quam
1226 2893 72 63 de
1262 2893 143 63 actibus:
1369 2893 167 63 antecedens
1501 2893 119 63 patet.
1584 2893 83 63 nam
1632 2893 119 63 beatus
1715 2893 131 63 virtute
1810 2893 155 63 intuitiua
1918 2893 107 63 notitio

1123 2936 111 70 quam
1193 2936 125 70 habet
1276 2936 83 70 de
1317 2936 97 70 deo
1373 2936 180 70 euidenter
1512 2936 125 70 nouit
1595 2936 111 70 deum
1664 2936 125 70 esse.
1748 2936 111 70 quod
1817 2936 153 70 aliquis
1914 2936 111 70 viator

1121 2987 133 54 nouit
1210 2987 104 54 per
1269 2987 193 54 scientiam
1418 2987 207 54 acquisitam
1581 2987 104 54 per
1640 2987 296 54 demonstrationem.
1892 2987 74 54 ⁋
1921 2987 89 54 3o
1951 2987 74 54 non

1113 3033 124 64 minus
1196 3033 179 64 contingit
1333 3033 151 64 habitus
1443 3033 193 64 diuersarum
1595 3033 165 64 rationum
1718 3033 110 64 esse
1787 3033 83 64 de
1828 3033 124 64 eodem
1897 3033 124 64 obiecto
