2431 3525
357 209 104 62 quam
422 209 169 62 notitias:
552 209 91 62 sed
605 209 78 62 2m
644 209 78 62 de
683 209 117 62 facto
761 209 169 62 contingit
891 209 78 62 in
930 209 143 62 beatis:
1034 209 104 62 quia
1100 209 156 62 secundum
1204 209 65 62 au-

341 262 196 56 gustinum
488 262 98 56 de
537 262 147 56 rebus
635 262 163 56 habent
749 262 196 56 notitiam
896 262 98 56 in
945 262 163 56 verbo:
1060 262 98 56 et
1093 262 163 56 notitiam

342 305 82 55 in
383 305 150 55 proprio
493 305 150 55 genere:
602 305 96 55 que
657 305 150 55 notitie
766 305 123 55 nulli
848 305 137 55 dubium
944 305 109 55 quod
1012 305 137 55 debent
1108 305 109 55 dici
1163 305 109 55 specie

345 351 199 44 distingui:
501 351 142 44 patet:
600 351 99 44 cum
657 351 241 44 quantuncumque
856 351 227 44 intenderetur
1041 351 156 44 notitia
1154 351 85 44 in
1183 351 85 44 pro-

345 392 116 54 prio
417 392 159 54 genere:
533 392 159 54 numquam
649 392 188 54 equaretur
793 392 87 54 in
837 392 217 54 perfectione
1010 392 159 54 notitie
1126 392 87 54 in
1155 392 116 54 verbo:

340 434 164 51 igitur
455 434 131 51 etc.
537 434 82 51 â‹
569 434 99 51 4o
619 434 197 51 quelibet
766 434 230 51 astronomia
947 434 82 51 a
980 434 197 51 qualibet
1111 434 148 51 physica

353 484 219 50 distinguitu
529 484 161 50 specie:
646 484 146 50 aliqua
748 484 132 50 autem
836 484 205 50 astronomia
997 484 88 50 et
1041 484 146 50 aliqua
1128 484 132 50 physica

352 522 106 52 sunt
418 522 80 52 de
458 522 120 52 eodem
538 522 160 52 obiecto.
657 522 93 52 nam
711 522 106 52 quod
777 522 120 52 astra
857 522 106 52 sint
923 522 146 52 sperica
1030 522 80 52 et
1070 522 106 52 quod
1136 522 120 52 terra
1203 522 66 52 sit

340 571 156 48 rotunda
453 571 99 48 per
510 571 170 48 physicam
637 571 156 48 scitur:
751 571 85 48 et
793 571 99 48 per
850 571 227 48 astronomiam:
1034 571 128 48 sicut
1119 571 128 48 patet
1190 571 57 48 2a

355 606 128 57 celi.
440 606 99 57 vbi
497 606 156 57 physice
610 606 170 57 probatur
738 606 142 57 primum
837 606 85 57 ex
880 606 85 57 eo
922 606 114 57 quod
993 606 128 57 astra
1079 606 99 57 non
1121 606 142 57 mouentur

346 654 145 49 recte:
447 654 87 49 et
490 654 217 49 astronomice
664 654 87 49 ex
707 654 87 49 eo
751 654 116 49 quod
823 654 174 49 eclipses
953 654 130 49 solis
1040 654 130 49 fiunt
1112 654 145 49 arcuales

354 696 91 53 et
399 696 121 53 hanc
475 696 227 53 probationem
656 696 196 53 pertinere
807 696 91 53 ad
852 696 227 53 astrologiam
1033 696 136 53 dicit
1109 696 151 53 expresse

350 737 180 50 philosophus
494 737 72 50 in
530 737 108 50 textu
601 737 72 50 et
637 737 180 50 Commentator
781 737 132 50 ibidem:
877 737 72 50 et
913 737 120 50 primam
997 737 108 50 dicit
1068 737 96 50 esse
1116 737 144 50 naturalem.

350 781 176 49 Secundum
482 781 103 49 est
541 781 176 49 probatur
673 781 88 49 in
717 781 132 49 eodem
805 781 132 49 libro
893 781 161 49 physice
1011 781 103 49 per
1069 781 161 49 equalem
1172 781 88 49 ten-

352 829 158 51 dentiam
466 829 158 51 partium
581 829 86 51 ad
624 829 172 51 centrum:
753 829 86 51 et
796 829 215 51 astronomice
968 829 86 51 ex
1011 829 86 51 eo
1053 829 115 51 quod
1111 829 143 51 eclipses

341 868 113 46 lune
412 868 142 46 semper
511 868 128 46 fiunt
596 868 184 46 arcuales.
738 868 85 46 et
780 868 113 46 quod
851 868 128 46 prima
936 868 170 46 probatio
1064 868 156 46 physica
1177 868 113 46 sit:

345 913 157 54 secunda
459 913 114 54 vero
531 913 114 54 non:
602 913 100 54 sed
659 913 229 54 mathematica:
845 913 129 54 patet
931 913 143 54 ibidem
1031 913 100 54 per
1088 913 157 54 Commen.
1188 913 72 54 vbi

349 956 117 48 dicit
427 956 104 48 etam
492 956 104 48 quod
557 956 117 48 tales
635 956 156 48 scilicet
752 956 208 48 mathematicas
920 956 117 48 facit
998 956 195 48 philosophus
1154 956 78 48 ad
1180 956 78 48 con-

343 1001 194 44 firmandum.
496 1001 97 44 non
551 1001 111 44 quia
621 1001 111 44 sint
690 1001 139 44 innate
788 1001 111 44 poni
857 1001 83 44 in
899 1001 97 44 hac
954 1001 167 44 scientia
1079 1001 167 44 scilicet
1191 1001 69 44 que

332 1042 163 47 dicitur
451 1042 178 47 physica.
584 1042 118 47 Idem
658 1042 133 47 etiam
747 1042 133 47 dicit
836 1042 133 47 Auic.
924 1042 89 47 io
969 1042 192 47 suffinito
1117 1042 89 47 de
1146 1042 104 47 istis

338 1086 256 55 probationibus
549 1086 181 55 naturali
685 1086 91 55 et
730 1086 241 55 astronomica.
926 1086 121 55 quod
1002 1086 136 55 terra
1092 1086 106 55 sit
1137 1086 121 55 rotun-

342 1130 105 54 da.
402 1130 75 54 â‹
432 1130 90 54 5o
477 1130 90 54 de
523 1130 135 54 eodem
613 1130 120 54 obio
688 1130 151 54 potest
793 1130 151 54 haberi
899 1130 181 54 scientia
1034 1130 90 54 et
1079 1130 105 54 per
1125 1130 120 54 demon-

330 1178 202 45 strationem
488 1178 72 45 a
517 1178 144 45 priori
618 1178 86 45 et
661 1178 101 45 per
719 1178 274 45 demonstrationem
949 1178 231 45 aposteriori.
1122 1178 144 45 scientia

329 1217 144 54 autem
425 1217 209 54 acquisita
586 1217 112 54 per
650 1217 305 54 demonstrationem
907 1217 80 54 a
939 1217 161 54 priori
1051 1217 128 54 alia
1132 1217 112 54 est
1180 1217 80 54 spe

331 1259 140 48 cifice
429 1259 70 48 a
457 1259 167 48 scientia
582 1259 181 48 acquisita
722 1259 98 48 per
778 1259 265 48 demonstrationem
1001 1259 70 48 a
1029 1259 209 48 posteriori.
1182 1259 84 48 vnde

332 1306 144 49 sicut
428 1306 112 49 per
492 1306 160 49 medium
604 1306 208 49 probabile
764 1306 112 49 non
829 1306 208 49 aquiritur
989 1306 176 49 habitus
1101 1306 144 49 scienti

335 1348 154 50 ficus:
442 1348 108 50 sed
504 1348 185 50 alterius
643 1348 200 50 rationis:
797 1348 108 50 nec
858 1348 108 50 per
920 1348 154 50 medium
1012 1348 247 50 demonstratiuum

339 1389 203 53 acquiritur
498 1389 159 53 habitus
613 1389 159 53 eiusdem
729 1389 174 53 rationis
859 1389 101 53 cum
917 1389 101 53 eo:
975 1389 101 53 qui
1033 1389 203 53 acquiritur
1178 1389 72 53 per

334 1429 122 53 medium
419 1429 171 53 probabile:
554 1429 86 53 ita
603 1429 220 53 rationabiliter
786 1429 135 53 videtur
884 1429 147 53 dicendum
994 1429 98 53 quod
1055 1429 110 53 etiam
1129 1429 86 53 per
1165 1429 86 53 media

328 1481 272 46 demonstratiua
552 1481 192 46 alterius
696 1481 96 46 et
744 1481 192 46 alterius
889 1481 192 46 rationis
1033 1481 176 46 habitus
1145 1481 112 46 etiam

325 1519 187 46 alterius
466 1519 94 46 et
513 1519 187 46 alterius
653 1519 187 46 rationis
794 1519 219 46 generetur.
966 1519 78 46 â‹
997 1519 125 46 Iste
1075 1519 109 46 due
1122 1519 125 46 vltime

333 1563 165 54 rationes
457 1563 96 54 non
512 1563 206 54 efficaciter
677 1563 220 54 conuincerent
855 1563 192 54 proteruum.
1007 1563 179 54 fundantur
1144 1563 110 54 enim
1199 1563 55 54 su

329 1606 103 57 per
388 1606 103 57 hac
447 1606 147 57 radice
550 1606 118 57 quod
623 1606 132 57 media
712 1606 206 57 diuersarum
873 1606 176 57 rationum
1006 1606 132 57 circa
1094 1606 118 57 idem
1153 1606 88 57 obie

335 1651 120 51 ctum
410 1651 164 51 causant
529 1651 135 51 actus
619 1651 90 51 et
664 1651 164 51 habitus
784 1651 209 51 diuersarum
948 1651 194 51 rationum.
1098 1651 120 51 quod
1157 1651 90 51 ideo

334 1695 184 52 proteruus
476 1695 142 52 negare
575 1695 128 52 posse
660 1695 198 52 videretur:
816 1695 113 52 quia
887 1695 85 52 in
929 1695 128 52 aliis
1014 1695 156 52 videmus
1128 1695 85 52 ab
1156 1695 85 52 ali-

330 1741 137 49 quibus
426 1741 137 49 causis
522 1741 192 49 diuersarum
672 1741 178 49 rationum:
809 1741 164 49 effectus
932 1741 151 49 eiusdem
1042 1741 164 49 rationis
1151 1741 96 49 produ

330 1779 96 50 ci.
385 1779 124 50 sicut
468 1779 151 50 eiusdem
578 1779 165 50 rationis
702 1779 151 50 calorem
812 1779 83 50 ab
853 1779 110 50 igne
922 1779 83 50 et
964 1779 69 50 a
991 1779 110 50 sole
1060 1779 151 50 videmus
1156 1779 83 50 pro-

333 1821 136 53 duci.
423 1821 91 53 Et
469 1821 121 53 quia
544 1821 136 53 forte
635 1821 106 53 non
695 1821 151 53 potest
801 1821 166 53 euidens
921 1821 136 53 ratio
1012 1821 196 53 assignari
1147 1821 106 53 quare

332 1866 91 47 ex
377 1866 182 47 diuersis
514 1866 152 47 mediis
621 1866 106 47 non
681 1866 137 47 fiant
773 1866 167 47 similes
894 1866 167 47 habitus
1016 1866 137 47 sicut
1107 1866 91 47 ex
1138 1866 106 47 aliis

330 1911 195 49 quibusdam
480 1911 150 49 causis
586 1911 256 49 differentibus
796 1911 150 49 specie
901 1911 135 49 fiunt
991 1911 165 49 eiusdem
1097 1911 150 49 rationis

325 1955 182 45 effectus.
465 1955 112 45 ideo
535 1955 126 45 forte
618 1955 98 45 non
674 1955 140 45 potest
772 1955 182 45 praedicta
912 1955 182 45 proteruia
1051 1955 182 45 euidenter
1177 1955 70 45 ex-

323 1996 146 52 cludi:
425 1996 160 52 veruntm
542 1996 117 52 quia
615 1996 131 52 nulla
702 1996 160 52 apparet
819 1996 262 52 impossibilitas
1037 1996 117 52 quod
1110 1996 87 52 de
1139 1996 102 52 eodem

330 2040 177 48 habeantur
467 2040 123 48 actus
549 2040 82 48 et
590 2040 150 48 habitus
699 2040 191 48 diuersarum
849 2040 177 48 rationum:
986 2040 82 48 et
1027 2040 109 48 quia
1081 2040 164 48 probabili-

334 2084 80 45 us
374 2084 146 45 videtur
480 2084 106 45 dici
546 2084 106 45 quod
612 2084 225 45 vniuersaliter
798 2084 80 45 ex
837 2084 133 45 mediis
930 2084 119 45 aliis
1010 2084 80 45 et
1049 2084 119 45 aliis
1116 2084 133 45 secundum

326 2126 129 48 speciem
420 2126 94 48 alii
479 2126 70 48 et
514 2126 94 48 alii
573 2126 106 48 actus
643 2126 70 48 et
678 2126 129 48 habitus
772 2126 106 48 circa
842 2126 106 48 illud
913 2126 94 48 quod
971 2126 82 48 per
1018 2126 188 48 conclusionem
1159 2126 82 48 signi

321 2170 172 49 ficatur:
450 2170 200 49 causantur.
607 2170 129 49 Alias
693 2170 143 49 posset
793 2170 129 49 dici:
879 2170 100 49 nec
936 2170 186 49 videretur
1080 2170 129 49 maior
1151 2170 86 49 pro-

320 2212 171 46 teruia:
445 2212 124 46 quod
523 2212 93 46 ex
569 2212 140 46 medio
663 2212 218 46 theologico
834 2212 93 46 et
880 2212 93 46 ex
927 2212 140 46 medio
1005 2212 233 46 demonstratiuo

326 2258 142 44 causantur
435 2258 120 44 habitus
522 2258 120 44 eiusdem
609 2258 131 44 ratiois.
707 2258 65 44 et
740 2258 87 44 quod
794 2258 98 44 visio
860 2258 142 44 albedinis
969 2258 65 44 et
1001 2258 98 44 visio
1067 2258 152 44 nigredinis
1176 2258 65 44 sunt

321 2300 162 48 eiusdem
439 2300 191 48 rationis:
586 2300 103 48 cum
645 2300 103 48 non
703 2300 162 48 aliunde
821 2300 118 48 quam
894 2300 88 48 ex
938 2300 220 48 diuersitate
1100 2300 147 48 causarum

331 2341 159 57 sclicet
446 2341 188 57 albedinis
591 2341 87 57 et
634 2341 203 57 nigredinis
794 2341 145 57 videat
895 2341 130 57 earum
982 2341 217 57 differentia
1141 2341 101 57 posse

327 2387 190 56 concludi:
473 2387 146 56 quorum
575 2387 131 56 tamen
663 2387 146 56 nullum
765 2387 160 56 aliquis
882 2387 131 56 dicit
969 2387 117 56 quem
1042 2387 175 56 viderim.
1159 2387 73 56 Ide

320 2433 238 47 probabilius
511 2433 191 47 videntur
654 2433 223 47 concludere
829 2433 191 47 rationes
972 2433 207 47 predicte.
1131 2433 79 47 â‹
1147 2433 95 47 Pre-

315 2476 127 48 terea
400 2476 183 48 similiter
541 2476 113 48 dici
611 2476 155 48 poterit
724 2476 113 48 quod
795 2476 85 48 ex
837 2476 155 48 actibus
950 2476 198 48 diuersarum
1091 2476 141 48 rationum

324 2518 193 48 causantur
473 2518 163 48 habitus
591 2518 163 48 morales
710 2518 89 48 et
754 2518 178 48 mentales
888 2518 134 48 etiam
977 2518 163 48 eiusdem
1081 2518 163 48 rationis:

328 2559 85 56 et
370 2559 99 56 sic
427 2559 85 56 ex
469 2559 170 56 scribere
597 2559 85 56 et
639 2559 212 56 cytharimare
809 2559 156 56 eiusdem
922 2559 170 56 rationis
1049 2559 156 56 habitus
1148 2559 85 56 gene

319 2606 159 52 rantur.
434 2606 87 52 et
477 2606 87 52 ex
521 2606 159 52 aggredi
636 2606 202 52 terribilia
795 2606 87 52 et
838 2606 173 52 tribuere
968 2606 159 52 propria
1083 2606 115 52 idem
1141 2606 101 52 habi-

322 2645 104 58 tus.
387 2645 143 58 moralis
491 2645 195 58 acquiritur.
647 2645 78 58 et
686 2645 91 58 sic
738 2645 221 58 vniversaliter
920 2645 143 58 peribit
1024 2645 117 58 omnis
1102 2645 91 58 via
1141 2645 91 58 cogno

319 2690 155 55 scendi
428 2690 264 55 distinctionem
645 2690 186 55 habituum
785 2690 233 55 specificam.
971 2690 78 55 â‹
1002 2690 186 55 Preterea
1126 2690 109 55 quan-

317 2738 105 47 uis
377 2738 75 47 a
407 2738 150 47 causis
512 2738 210 47 diuersarum
677 2738 195 47 specierum
826 2738 210 47 proueniant
991 2738 150 47 aliqui
1081 2738 150 47 effectus

328 2779 154 53 eiusdem
440 2779 182 53 rationis:
579 2779 70 53 a
607 2779 210 53 quibuslibet
775 2779 126 53 tamen
859 2779 196 53 proueniunt
1013 2779 168 53 effectus
1124 2779 112 53 diuer-

316 2817 141 51 sarum
410 2817 203 51 rationum:
566 2817 109 51 sed
629 2817 109 51 qui
692 2817 188 51 effectus
832 2817 172 51 diuersi
957 2817 219 51 proueniant
1129 2817 94 51 ex
1160 2817 63 51 me

309 2865 128 47 diis
389 2865 192 47 diuersis
533 2865 128 47 nisi
612 2865 192 47 assensus
756 2865 112 47 vel
820 2865 176 47 habitus
948 2865 271 47 conuenientes:
1155 2865 80 47 non

314 2915 176 45 apparet:
446 2915 88 45 et
490 2915 88 45 si
534 2915 161 45 aliquos
652 2915 132 45 alios
740 2915 220 45 assignares.
916 2915 103 45 ita
975 2915 117 45 tibi
1048 2915 191 45 faciliter
1180 2915 59 45 ne

315 2955 121 52 gabo
390 2955 91 52 de
436 2955 136 52 illis
526 2955 136 52 sicut
617 2955 106 52 tum
677 2955 121 52 mihi
752 2955 91 52 de
798 2955 151 52 istis.
903 2955 75 52 â‹
933 2955 91 52 Ex
979 2955 106 52 hoc
1039 2955 181 52 vlterius
1160 2955 60 52 in

322 2996 118 52 fero
396 2996 118 52 quod
469 2996 103 52 non
528 2996 103 52 est
587 2996 118 52 vera
661 2996 147 52 opinio
764 2996 191 52 dicentium
911 2996 118 52 quod
985 2996 88 52 ad
1014 2996 221 52 distinctionem

1312 190 212 85 scientiarum
1481 190 198 85 requiritur
1636 190 198 85 distinctio
1792 190 212 85 subiectorum
1961 190 99 85 vel
2003 190 226 85 praedicatorum:

1308 261 107 50 ita
1369 261 122 50 quod
1445 261 107 50 non
1506 261 107 50 est
1567 261 199 50 possibile
1720 261 214 50 diuersarum
1888 261 229 50 scientiarum
2071 261 122 50 esse
2132 261 92 50 ean-

1313 305 119 50 dem
1381 305 289 50 conclusionem.
1619 305 119 50 Nam
1687 305 221 50 inquiunt.
1858 305 255 50 impossibile
2062 305 119 50 est
2113 305 119 50 respe

1314 354 97 47 ctu
1369 354 152 47 eiusdem
1480 354 221 47 conclusionis
1660 354 207 47 simpliciter
1825 354 111 47 sint
1894 354 124 47 actus
1977 354 152 47 sciendi
2074 354 152 47 distincti

1313 393 166 48 specie.
1434 393 76 48 â‹
1464 393 136 48 Istud
1555 393 136 48 autem
1645 393 166 48 motiuum
1766 393 151 48 nullam
1872 393 136 48 habet
1962 393 181 48 rationem
2083 393 136 48 probab-

1305 434 185 50 litatis:
1444 434 108 50 tum
1505 434 124 50 quia
1583 434 108 50 non
1645 434 170 50 videtur
1768 434 201 50 possibile
1923 434 139 50 minus
2016 434 124 50 quod
2077 434 155 50 respectu

1308 477 169 46 eiusdem
1431 477 185 46 complexi
1570 477 123 46 sint
1647 477 169 46 notitie
1770 477 185 46 complexe
1908 477 92 46 et
1955 477 139 46 actus
2047 477 169 46 sciendi
2155 477 77 46 di-

1305 523 153 49 stincti
1417 523 153 49 specie:
1528 523 112 49 quam
1598 523 112 49 quod
1668 523 153 49 eiusdem
1779 523 153 49 obiecti
1891 523 112 49 sint
1961 523 153 49 notitie
2059 523 167 49 incomplexe

1306 568 178 54 distincte
1444 568 151 54 specie.
1553 568 151 54 Constat
1663 568 124 54 autem
1746 568 110 54 quod
1814 568 151 54 notitia
1924 568 192 54 intuitiua:
2075 568 110 54 quam
2130 568 96 54 ange-

1300 607 97 46 lus
1355 607 124 46 habet
1438 607 83 46 de
1480 607 179 46 albedine:
1618 607 83 46 et
1659 607 193 46 intuitiua:
1811 607 110 46 quam
1880 607 124 46 habet
1963 607 124 46 homo:
2046 607 83 46 et
2073 607 152 46 sensitiua

1290 651 139 50 quam
1377 651 157 50 habet
1481 651 174 50 brutum
1603 651 105 50 de
1656 651 157 50 eadem
1760 651 209 50 albedine
1917 651 122 50 non
1987 651 139 50 sunt
2057 651 174 50 eiusdem-

1291 697 213 48 rationis.
1455 697 115 48 tum
1520 697 148 48 etiam
1619 697 131 48 quia
1701 697 115 48 non
1767 697 197 48 obstante
1914 697 230 48 identitate
2078 697 148 48 obiecti

1291 739 187 47 complexi
1432 739 125 47 stat
1509 739 218 47 diuersitas
1681 739 202 47 specifica
1836 739 156 47 actuum
1945 739 234 47 assentiendi
2117 739 93 47 scen

1298 782 152 50 tifici
1404 782 91 50 et
1450 782 212 50 opinatiui.
1616 782 76 50 â‹
1647 782 152 50 Tertia
1753 782 197 50 conclusio
1904 782 197 50 probatur:
2056 782 121 50 quia
2117 782 106 50 habi-

1300 824 104 53 tuum
1365 824 130 53 specie
1456 824 208 53 differentium
1626 824 104 53 sunt
1691 824 117 53 actus
1769 824 143 53 proprii
1873 824 130 53 specie
1964 824 208 53 differentes:
2121 824 104 53 igitur

1298 869 159 47 huiusmodi
1420 869 147 47 habituum
1530 869 147 47 mentales
1640 869 208 47 conclusiones:
1811 869 73 47 de
1848 869 122 47 quibus
1933 869 86 47 est
1982 869 122 47 sermo:
2067 869 98 47 sunt
2116 869 98 47 specie

1296 912 193 53 differentes.
1453 912 169 53 Antecedens
1585 912 108 53 notum
1658 912 84 53 est
1706 912 72 53 ex
1742 912 121 53 secudo
1826 912 169 53 ethicorum:
1959 912 193 53 consequentia
2103 912 133 53 probatur.

1294 955 152 48 quoniam
1405 955 166 48 assensus
1529 955 207 48 scientialis
1695 955 97 48 est
1750 955 166 48 proprius
1875 955 124 48 actus
1957 955 166 48 scientie
2082 955 83 48 et
2109 955 111 48 assen-

1295 999 109 45 sus
1358 999 218 45 opinatiuus
1529 999 218 45 opinionis:
1700 999 93 45 et
1746 999 187 45 assensus
1886 999 218 45 creditiuus
2057 999 109 45 seu
2104 999 109 45 crede

1299 1042 87 49 re
1342 1042 101 49 est
1400 1042 130 49 actus
1487 1042 145 49 fidei.
1588 1042 174 49 quilibet
1719 1042 130 49 autem
1806 1042 159 49 istorum
1922 1042 188 49 assensuum
2067 1042 101 49 est
2110 1042 116 49 quedam

1296 1089 166 45 mentalis
1421 1089 194 45 conclusio:
1573 1089 83 45 vt
1614 1089 83 45 ex
1656 1089 208 45 praecedenti
1822 1089 180 45 questione
1960 1089 138 45 patet:
2057 1089 138 45 igitur
2140 1089 83 45 etc.

1309 1128 99 51 Non
1365 1128 169 51 obstante
1492 1128 141 51 igitur
1591 1128 197 51 identitate
1746 1128 169 51 obiecti:
1873 1128 113 51 quod
1943 1128 99 51 est
2000 1128 141 51 totale
2084 1128 127 51 signifi

1303 1175 126 46 catum
1387 1175 224 46 conclusionum
1569 1175 182 46 mentalium
1709 1175 196 46 diuersorum
1864 1175 168 46 habituum
1990 1175 112 46 stat
2046 1175 168 46 diuersitas

1296 1216 174 53 conclusionem
1437 1216 130 53 ipsarum:
1535 1216 98 53 sicut
1600 1216 98 53 etiam
1665 1216 87 53 stat
1720 1216 65 53 ea
1752 1216 152 53 diuersitas
1872 1216 174 53 conclusionem
2013 1216 65 53 et
2045 1216 130 53 mentalis
2143 1216 65 53 et
2165 1216 54 53 vo-

1301 1266 118 48 calis
1380 1266 79 48 et
1419 1266 170 48 assensuum
1550 1266 210 48 praedictorum
1720 1266 79 48 et
1759 1266 144 48 ipsorum
1864 1266 157 48 habituum
1982 1266 170 48 habentium
2100 1266 118 48 idipsum

1303 1305 160 50 obiectum.
1426 1305 62 50 â‹
1450 1305 74 50 4a
1487 1305 160 50 conclusio
1610 1305 148 50 probatur
1721 1305 172 50 faciliter.
1857 1305 111 50 sicut
1931 1305 74 50 de
1967 1305 111 50 eodem
2041 1305 123 50 aliquo
2115 1305 111 50 obiecto

1305 1348 112 47 verbi
1379 1348 137 47 gratia:
1479 1348 99 47 quod
1541 1348 99 47 deus
1603 1348 87 47 est
1653 1348 249 47 incorruptibilis:
1864 1348 87 47 vel
1914 1348 99 47 quod
1976 1348 174 47 cuiuslibet
2100 1348 112 47 hominis

1298 1393 104 46 est
1358 1393 134 46 anima
1447 1393 119 46 sibi
1521 1393 178 46 propria.
1655 1393 149 46 potest
1759 1393 119 46 quis
1833 1393 149 46 habere
1937 1393 178 46 assensum
2056 1393 164 46 euidentem

1299 1433 100 47 per
1356 1433 143 47 medium
1456 1433 273 47 demonstratiuum.
1686 1433 86 47 et
1729 1433 129 47 alius
1815 1433 172 47 assensum
1944 1433 158 47 certum:
2059 1433 100 47 sed
2102 1433 115 47 ineui-

1294 1479 162 50 dentem
1407 1479 114 50 per
1472 1479 162 50 medium
1586 1479 260 50 theologicum.
1797 1479 97 50 et
1846 1479 146 50 alius
1943 1479 195 50 ascensum
2073 1479 146 50 formidi

1290 1523 123 54 nosum
1372 1523 96 54 per
1427 1523 137 54 medium
1522 1523 150 54 aliquod
1632 1523 191 54 probabile.
1782 1523 137 54 igitur
1877 1523 82 54 de
1918 1523 123 54 eodem
2000 1523 150 54 obiecto
2096 1523 109 54 potest

1291 1563 114 49 haberi
1370 1563 148 49 theologia
1484 1563 68 49 et
1518 1563 102 49 scia.
1586 1563 68 49 et
1620 1563 114 49 opinio
1700 1563 159 49 antecedens
1825 1563 80 49 per
1870 1563 182 49 experientiam
2018 1563 114 49 potest
2086 1563 125 49 faciliter

1298 1612 137 45 cognosci.
1403 1612 168 45 consequentia
1539 1612 105 45 patet:
1613 1612 63 45 si
1644 1612 126 45 loquamur
1739 1612 63 45 de
1770 1612 137 45 theologia
1875 1612 84 45 quae
1928 1612 74 45 est
1970 1612 95 45 actus
2033 1612 74 45 2s:
2075 1612 63 45 et
2096 1612 116 45 similiter

1290 1653 78 49 de
1329 1653 156 49 scientia
1446 1653 78 49 et
1485 1653 169 49 opinione:
1616 1653 104 49 quia
1681 1653 117 49 tales
1759 1653 156 49 assensus
1876 1653 104 49 sunt
1941 1653 169 49 huiusmodi
2072 1653 130 49 actus.
2150 1653 52 49 Si

1287 1692 105 51 etiam
1357 1692 140 51 loquamur
1462 1692 70 51 de
1497 1692 152 51 theologia
1614 1692 140 51 scientia
1719 1692 70 51 et
1754 1692 140 51 opinione
1858 1692 152 51 habitibus
1975 1692 93 51 idem
2033 1692 117 51 patet:
2103 1692 105 51 quoniam

1289 1736 69 53 ex
1324 1736 208 53 frequentatione
1498 1736 116 53 talium
1579 1736 116 53 actuum
1660 1736 150 53 huiusmodi
1775 1736 127 53 habitus
1856 1736 174 53 griesenantur.

1268 1784 114 91 ro
1325 1784 208 91 secundo
1476 1784 227 91 articulo
1647 1784 208 91 sciend.
1798 1784 133 91 est
1874 1784 170 91 quod:
1988 1784 114 91 vt
2045 1784 170 91 patet
2139 1784 76 91 ex

1681 1833 173 42 praecedenti
1820 1833 173 42 quaestione:
1958 1833 150 42 theologia
2073 1833 115 42 potest
2153 1833 81 42 acÂ¬

1284 1870 109 56 cipi
1353 1870 205 56 dupliciter.
1516 1870 95 56 vno
1571 1870 109 56 modo
1639 1870 95 56 pro
1693 1870 136 56 habitu
1789 1870 95 56 vel
1843 1870 191 56 habitibus:
1993 1870 95 56 quo
2048 1870 95 56 vel
2089 1870 109 56 quibus

1294 1914 107 46 quis
1361 1914 120 46 nouit
1441 1914 134 46 sensum
1535 1914 120 46 sacre
1615 1914 187 46 scripture:
1762 1914 80 46 et
1802 1914 107 46 scit
1869 1914 107 46 vnum
1936 1914 134 46 dictum
2030 1914 107 46 eius
2097 1914 94 46 per
2137 1914 80 46 ali-

1288 1954 80 51 ud
1328 1954 159 51 exponere
1447 1954 80 51 et
1487 1954 159 51 probare:
1606 1954 93 51 nec
1660 1954 93 51 non
1713 1954 106 51 alia
1779 1954 106 51 quae
1845 1954 93 51 non
1899 1954 159 51 secundum
2018 1954 80 51 se
2045 1954 159 51 formaliter

1282 2001 204 45 continentur
1446 2001 82 45 in
1487 2001 109 45 ipsa
1555 2001 82 45 ex
1595 2001 95 45 his
1650 2001 109 45 quae
1718 2001 82 45 in
1759 2001 109 45 ipsa
1827 2001 218 45 continentur:
2004 2001 163 45 deducere
2126 2001 82 45 et
2154 2001 54 45 in

1290 2041 151 46 ferre:
1396 2041 91 46 et
1441 2041 136 46 penes
1532 2041 121 46 hunc
1607 2041 136 46 modum
1698 2041 151 46 potest
1803 2041 151 46 accipi
1909 2041 196 46 theologia
2060 2041 136 46 etiam
2136 2041 76 46 pro

1290 2084 115 52 actu
1362 2084 101 52 vel
1419 2084 158 52 actibus
1534 2084 230 52 praedictorum
1721 2084 187 52 habituum.
1865 2084 115 52 Alio
1937 2084 115 52 modo
2009 2084 144 52 potest
2095 2084 115 52 accipi

1283 2129 194 49 theologia
1433 2129 105 49 pro
1492 2129 164 49 assensu
1612 2129 105 49 tam
1672 2129 164 49 actuali
1791 2129 120 49 quam
1866 2129 194 49 habituali
2016 2129 90 49 in
2060 2129 135 49 animo
2135 2129 75 49 fi-

1282 2172 131 47 deli
1364 2172 213 47 acquisito
1528 2172 115 47 per
1593 2172 213 47 discursum
1757 2172 246 47 theologicum
1954 2172 98 47 de
2003 2172 180 47 obiecto
2118 2172 98 47 theo

1287 2213 158 48 logico.
1401 2213 72 48 â‹
1430 2213 129 48 Iuxta
1516 2213 100 48 hoc
1574 2213 115 48 pono
1645 2213 100 48 pro
1703 2213 172 48 articulo
1832 2213 115 48 isto
1904 2213 158 48 quatuor
2004 2213 201 48 conclusiones

1292 2257 132 53 prima
1381 2257 118 53 est:
1454 2257 118 53 quod
1528 2257 191 53 theologia
1675 2257 132 53 primo
1763 2257 118 53 modo
1836 2257 162 53 accepta
1954 2257 118 53 siue
2028 2257 103 53 pro
2086 2257 118 53 actu
2145 2257 59 53 si

1282 2301 86 50 ue
1325 2301 101 50 pro
1382 2301 159 50 habitum
1498 2301 159 50 sumatur
1613 2301 245 50 compossibilis
1815 2301 101 50 tam
1873 2301 159 50 habitui
1988 2301 115 50 quam
2060 2301 130 50 actui
2132 2301 72 50 sci

1280 2346 136 45 entie
1370 2346 90 45 in
1416 2346 136 45 eodem
1506 2346 151 45 homine
1611 2346 136 45 circa
1702 2346 121 45 idem
1777 2346 196 45 obiectum.
1928 2346 121 45 Tres
1988 2346 211 45 conclusiones

1284 2390 109 43 alie
1353 2390 109 43 sunt
1421 2390 82 43 de
1462 2390 177 43 theologia
1598 2390 82 43 2o
1639 2390 109 43 modo
1707 2390 164 43 accepta.
1830 2390 82 43 Et
1871 2390 95 43 vna
1925 2390 95 43 est
1980 2390 177 43 theolomia
2103 2390 95 43 actus

1277 2431 104 52 non
1337 2431 104 52 est
1396 2431 253 52 compossibilis
1605 2431 179 52 scientie
1739 2431 149 52 actui.
1843 2431 104 52 seu
1903 2431 119 52 quod
1978 2431 224 52 impossibile
2141 2431 75 52 est

1282 2477 167 46 eundem
1399 2477 150 46 eidem
1499 2477 184 46 obiecto
1633 2477 217 46 assentire
1800 2477 134 46 actu
1883 2477 150 46 simul
1983 2477 184 46 assensu
2100 2477 117 46 scien

1286 2520 132 45 tiali
1374 2520 88 45 et
1418 2520 161 45 assensu
1535 2520 220 45 theologico.
1711 2520 73 45 â‹
1741 2520 132 45 Alia.
1829 2520 117 45 quod
1902 2520 191 45 theologia
2048 2520 132 45 actus
2122 2520 73 45 con

1286 2563 183 50 possibilis
1430 2563 92 50 est
1482 2563 157 50 scientie
1600 2563 157 50 habitui:
1718 2563 79 50 et
1757 2563 170 50 theologia
1888 2563 144 50 habitus
1993 2563 157 50 scientie
2097 2563 105 50 actui.

1276 2609 78 54 â‹
1308 2609 156 54 Ultima
1417 2609 125 54 est.
1495 2609 125 54 quod
1573 2609 203 54 theologia
1729 2609 172 54 habitus
1854 2609 109 54 non
1917 2609 109 54 est
1964 2609 234 54 compossibilis

1274 2647 161 51 scientie
1395 2647 161 51 habitui.
1516 2647 81 51 et
1556 2647 175 51 intelligo
1691 2647 81 51 in
1731 2647 148 51 omnibus
1839 2647 188 51 praedictis
1987 2647 81 51 de
2014 2647 188 51 compossibili

1277 2695 110 54 tate
1346 2695 83 54 in
1388 2695 124 54 eodem
1470 2695 166 54 subiecto
1595 2695 83 54 et
1636 2695 83 54 de
1677 2695 152 54 theoloi
1788 2695 97 54 cum
1843 2695 166 54 scientia
1967 2695 152 54 eiusdem
2064 2695 138 54 obiecti.

1279 2737 65 47 â‹
1305 2737 118 47 Probo
1383 2737 131 47 primam
1475 2737 209 47 conclusionem
1645 2737 104 47 sic:
1710 2737 170 47 contingit
1840 2737 144 47 aliquem
1945 2737 157 47 scientem
2049 2737 144 47 demonstra

1287 2781 111 47 tiue:
1361 2781 111 47 verbi
1435 2781 136 47 gratia:
1533 2781 99 47 deum
1595 2781 99 47 esse
1657 2781 148 47 eternum.
1767 2781 86 47 vel
1817 2781 86 47 non
1866 2781 123 47 omnium
1952 2781 136 47 hominum
2051 2781 123 47 vnicam
2125 2781 74 47 esse

1273 2829 153 50 animam.
1384 2829 97 50 aut
1440 2829 153 50 aliquid
1550 2829 125 50 aliud
1634 2829 208 50 theologicum
1800 2829 153 50 prompte
1911 2829 83 50 et
1952 2829 180 50 faciliter
2077 2829 125 50 idipsum

1285 2869 183 48 theologice
1428 2869 157 48 probare:
1546 2869 78 48 et
1585 2869 170 48 econuerso
1715 2869 170 48 contingit
1846 2869 143 48 aliquem
1950 2869 157 48 habentem
2055 2869 143 48 huiusmodi

1269 2911 168 53 habitum
1391 2911 229 53 theologicum
1574 2911 168 53 prompte
1696 2911 92 53 et
1742 2911 198 53 faciliter
1894 2911 168 53 probare
2016 2911 168 53 idipsum
2123 2911 76 53 seu

1283 2953 194 47 demonstrare.
1440 2953 97 47 ergo
1501 2953 145 47 scientia
1609 2953 133 47 habitus
1706 2953 206 47 compossibilis
1876 2953 85 47 est
1924 2953 85 47 tam
1972 2953 133 47 habitui
2057 2953 133 47 theologi-

1285 2998 78 62 co
1324 2998 104 62 quam
1389 2998 130 62 actui.
1481 2998 78 62 et
1520 2998 170 62 theologia
1650 2998 143 62 habitus
1755 2998 222 62 compossibilis
1937 2998 91 62 est
1989 2998 117 62 actui
2068 2998 78 62 et
2094 2998 104 62 habitu
