1416 2066
175 180 104 55 cum
235 180 104 55 hoc
294 180 104 55 fit
353 180 149 55 quies,
457 180 223 55 impossibile
621 180 74 55 est

194 225 91 58 vt
239 225 151 58 illud,
345 225 121 58 quod
421 225 242 58 transmutatur
602 225 91 58 ali-

186 268 102 62 quo
245 268 117 62 modo
318 268 292 62 transmutationis,
566 268 102 62 sit
609 268 88 62 secu

178 317 106 57 dum
238 317 136 57 totum
329 317 91 57 in
374 317 136 57 primo
465 317 166 57 tempore
585 317 75 57 i
600 317 91 57 ali-

182 365 120 61 quo.
257 365 105 61 nam
317 365 120 61 omne
392 365 150 61 tempus
498 365 105 61 est
543 365 150 61 diuisibi

189 412 95 61 te.
243 412 149 61 necesse
351 412 95 61 est
405 412 135 61 igitur
499 412 81 61 vt
540 412 95 61 sit
580 412 108 61 verum:

187 457 103 49 vna
246 457 133 49 parte
335 457 103 49 per
394 457 133 49 aliam
482 457 148 49 diuidi
586 457 89 49 in
615 457 74 49 ea-

187 501 101 61 dem
244 501 245 61 dispositione.
446 501 101 61 Et,
504 501 101 61 cum
561 501 101 61 hoc
619 501 101 61 non

188 548 95 59 sit
243 548 109 59 ita,
311 548 95 59 sed
366 548 95 59 hoc
420 548 95 59 est
475 548 82 59 in
516 548 95 59 vno
557 548 136 59 instanti

192 597 154 62 tantum
299 597 215 62 instatium:
468 597 123 62 ergo
545 597 154 62 nullus
638 597 62 62 mo

188 653 105 37 dus
248 653 285 37 transmutationis
488 653 120 37 erit
563 653 90 37 in
593 653 105 37 tempo

189 692 90 54 re
234 692 166 54 omnino,
355 692 105 54 sed
415 692 90 54 in
460 692 166 54 extremo
566 692 121 54 tempo-

176 732 109 67 ris.
244 732 150 67 quoniam
353 732 82 67 in
394 732 150 67 instati
503 732 177 67 possibile
625 732 68 67 est

188 786 87 57 vt
232 786 102 57 res
290 786 102 57 sit
348 786 189 57 permanens
494 786 145 57 aliquo
595 786 131 57 modo,

183 829 202 62 quiescens
339 829 140 62 autem
432 829 125 62 non.
495 829 202 62 impossibile

185 876 111 62 est
249 876 127 62 enim
328 876 95 62 in
376 876 191 62 instanti
519 876 159 62 motum,
614 876 80 62 aut

191 924 155 54 quietem
304 924 141 54 fieri.
403 924 99 54 sed
459 924 141 54 dicere
558 924 113 54 motu
628 924 99 54 non

188 972 113 55 esse
259 972 85 55 in
301 972 170 55 instanti
429 972 99 55 est
485 972 142 55 verum,
585 972 71 55 &
613 972 113 55 quod

186 1017 169 57 aliquid
309 1017 108 57 est
370 1017 92 57 in
417 1017 92 57 eo
463 1017 216 57 qnodammodo
632 1017 92 57 in

184 1060 164 62 tempore,
308 1060 96 62 aut
362 1060 205 62 impossibile
527 1060 82 62 vt
568 1060 110 62 sit,
623 1060 68 62 se-

186 1109 149 59 cundum
291 1109 119 59 quod
365 1109 104 59 est
425 1109 90 59 in
455 1109 134 59 quiete.

227 1157 107 37 Vult
294 1157 188 37 declarare,
441 1157 107 37 quod
495 1157 201 37 transinutatum

192 1192 92 44 non
245 1192 92 44 est
297 1192 79 44 in
337 1192 92 44 eo,
390 1192 79 44 in
429 1192 92 44 quo
482 1192 224 44 transmutatur,
653 1192 40 44 i

185 1234 162 45 tempore
303 1234 162 45 omnino,
421 1234 133 45 neque
509 1234 88 45 in
554 1234 133 45 primo
627 1234 74 45 tem

178 1268 110 46 pore,
251 1268 74 46 in
288 1268 86 46 quo
337 1268 196 46 transmutatur
497 1268 147 46 scilicet
595 1268 98 46 aquali

193 1306 264 40 transmutationi,
415 1306 125 40 neque
499 1306 83 40 in
540 1306 139 40 aliqua
624 1306 69 40 par

192 1346 73 34 te
228 1346 110 34 eius,
302 1346 85 34 sed
350 1346 85 34 est
399 1346 73 34 in
436 1346 220 34 transmutatione
619 1346 73 34 in
643 1346 49 34 in

190 1382 133 50 stanti,
286 1382 72 50 v.
323 1382 72 50 g.
359 1382 133 50 quoniam
455 1382 169 50 translatum
588 1382 84 50 per
624 1382 60 50 ma-

183 1421 208 48 gnitudinem
347 1421 104 48 non
406 1421 104 48 est
466 1421 89 48 in
496 1421 193 48 magititudi-

189 1461 85 37 ne
231 1461 85 37 in
274 1461 127 37 primo
358 1461 169 37 tempore,
485 1461 127 37 neque
570 1461 85 37 in
598 1461 99 37 parte

189 1492 112 38 eius,
263 1492 87 38 sed
313 1492 75 38 in
350 1492 162 38 instanti,
475 1492 62 38 &
500 1492 125 38 dicit:
587 1492 87 38 Et,
624 1492 75 38 quia

190 1529 119 42 omne
264 1529 148 42 motum,
368 1529 104 42 &c.
428 1529 89 42 i.
472 1529 74 42 &
502 1529 119 42 quia
561 1529 134 42 declara

190 1569 101 42 tum
247 1569 101 42 est
305 1569 115 42 quod
377 1569 115 42 omne
449 1569 129 42 motum
535 1569 158 42 mouetur
635 1569 58 42 in

192 1605 162 51 tempore,
313 1605 68 51 &
340 1605 108 51 quod
408 1605 216 51 transmutatur
583 1605 81 51 de
610 1605 81 51 ali-

184 1643 101 42 quo
241 1643 86 42 in
284 1643 159 42 aliquid
400 1643 187 42 continue,
544 1643 115 42 ideo
602 1643 86 42 tem-

189 1684 118 45 pus,
263 1684 89 45 in
308 1684 104 45 quo
367 1684 133 45 motum
455 1684 163 45 mouetur
574 1684 104 45 per
618 1684 74 45 se,

190 1724 147 42 scilicet
300 1724 123 42 primum
386 1724 135 42 tempus,
484 1724 98 42 quod
546 1724 86 42 est
583 1724 110 42 aequale

183 1752 126 42 motui
267 1752 126 42 eius,
351 1752 84 42 in
393 1752 98 42 quo
449 1752 126 42 motum
533 1752 98 42 non
575 1752 126 42 dicitur

189 1799 126 35 moueri
277 1799 126 35 gratia
365 1799 138 35 partis,
466 1799 189 35 impossibile
617 1799 88 35 est
655 1799 50 35 vt

708 173 124 45 motum
791 173 97 45 sit
846 173 83 45 in
888 173 124 45 illo,
971 173 83 45 in
1012 173 97 45 quo
1067 173 110 45 moue
1123 173 110 45 scili.

711 216 85 55 in
753 216 100 55 hoc
810 216 171 55 tempore,
938 216 100 55 aut
995 216 85 55 in
1038 216 142 55 aliqua
1123 216 100 55 parte

710 253 152 54 illius.
821 253 180 54 D.induxit
959 253 152 54 impole,
1070 253 111 54 quod
1125 253 97 54 sequi

712 293 96 52 tur
767 293 83 52 ex
809 293 165 52 opposito
932 293 124 52 huius
1015 293 206 52 positionis,
1180 293 69 52 &

715 332 124 39 dixit:
801 332 136 39 quoniam
901 332 186 39 permanentia
1049 332 161 39 alicuius,
1161 332 62 39 &c.

710 371 75 39 i.
748 371 63 39 &
773 371 188 39 impossibile
923 371 88 39 est
974 371 75 39 vt
1011 371 200 39 transmutatum
1161 371 63 39 sit

718 405 79 38 in
757 405 92 38 re,
810 405 79 38 in
850 405 92 38 qua
902 405 224 38 transmutatur,
1087 405 79 38 in
1113 405 106 38 tempo-

708 452 83 36 re
750 452 139 36 primae
847 452 277 36 transmutationis,
1082 452 125 36 neque
1166 452 83 36 in

718 482 102 48 parte
786 482 125 48 illius.
877 482 136 48 quoniam,
979 482 68 48 si
1013 482 182 48 transmutatum
1149 482 68 48 fue-

716 518 95 37 rit
770 518 81 37 in
810 518 122 37 prima
891 518 257 37 transinutatione
1107 518 81 37 in
1134 518 81 37 tem-

713 557 124 51 pore,
796 557 165 51 sequetur
919 557 82 51 vt
960 557 137 51 ipsum,
1056 557 69 51 &
1084 557 110 51 suae
1139 557 82 51 par-

712 593 92 41 tes
764 593 105 41 sint
830 593 78 41 in
869 593 118 41 eadem
947 593 144 41 dispone
1052 593 78 41 in
1091 593 105 41 illo
1144 593 78 41 ten-

710 636 110 44 pore,
783 636 73 44 in
820 636 85 44 quo
868 636 134 44 dicitur
966 636 98 44 esse
1027 636 73 44 in
1051 636 171 44 transmutatio

709 668 93 39 ne:
762 668 67 39 &
789 668 147 39 aliquid
896 668 107 39 esse
962 668 80 39 in
989 668 227 39 transimutatione

711 708 151 39 secundum
825 708 113 39 omnes
900 708 101 39 suas
963 708 126 39 partes
1051 708 76 39 in
1089 708 113 39 eodem
1152 708 63 39 sta

716 748 82 47 tu
757 748 95 47 est
812 748 191 47 quiescere:
962 748 68 47 &
989 748 95 47 sic
1030 748 191 47 transmutatum

714 781 107 49 erit
781 781 174 49 quiescens
915 781 81 49 in
955 781 242 49 transmutatione
1143 781 67 49 non

718 818 267 42 transmutatum.
938 818 219 42 D.exposuit
1110 818 110 42 hoc
1157 818 63 42 ma

712 852 80 51 gis,
762 852 50 51 &
782 852 100 51 dixit:
851 852 110 51 quoniam
931 852 70 51 sic
971 852 120 51 dicimus,
1061 852 70 51 &c.
1100 852 60 51 i.
1120 852 100 51 quoniam,

710 892 101 54 cum
767 892 158 54 dicimus
882 892 158 54 aliquid
997 892 201 54 quiescere,
1141 892 72 54 ni-

714 930 84 44 hil
762 930 108 44 aliud
834 930 180 44 intendimus,
977 930 96 44 quae
1037 930 72 44 vt
1073 930 72 44 in
1109 930 96 44 plus
1157 930 48 44 qs

709 968 78 42 in
748 968 91 42 vno
800 968 156 42 instanti
917 968 91 42 sit
970 968 78 42 in
1009 968 117 42 eodem
1087 968 130 42 statum
1165 968 52 42 si

713 1005 90 51 ne
758 1005 149 51 aliqua
862 1005 209 51 mutatione.
1027 1005 120 51 D.d.
1101 1005 105 51 Et,
1146 1005 75 51 cum

718 1045 92 38 hoc
770 1045 92 38 sit
823 1045 131 38 quies,
914 1045 92 38 &c.
966 1045 78 38 i.
1006 1045 92 38 cum
1058 1045 92 38 hoc
1110 1045 92 38 sit
1150 1045 65 38 im-

711 1080 145 51 possibile
822 1080 134 51 scilicet
922 1080 100 51 motum
989 1080 89 51 esse
1045 1080 145 51 quiescens
1145 1080 67 51 apud

711 1116 252 48 transmutationem
923 1116 119 48 eius,
1003 1116 199 48 impossibile
1149 1116 66 48 est

712 1156 85 40 vt
754 1156 85 40 in
797 1156 214 40 transmutato
968 1156 142 40 aliquo
1068 1156 114 40 modo
1125 1156 85 40 tram

708 1194 211 40 smutationis
877 1194 85 40 vt
919 1194 225 40 transmutatum
1102 1194 99 40 sit
1159 1194 85 40 in

715 1237 62 37 eo
746 1237 125 37 secundum
839 1237 93 37 omnes
902 1237 83 37 suas
953 1237 104 37 partes
1026 1237 62 37 in
1057 1237 104 37 aliquo
1120 1237 93 37 tepere,

711 1277 145 30 scilicet
820 1277 73 30 in
856 1277 133 30 tempore
953 1277 121 30 primae
1026 1277 182 30 transmutatio-

711 1317 103 41 nis,
775 1317 90 41 aut
827 1317 77 41 in
866 1317 129 41 aliqua
956 1317 116 41 parte
1033 1317 116 41 eius.
1110 1317 90 41 Et,
1149 1317 64 41 cum

713 1346 182 40 notificauit,
860 1346 125 40 quoniam
951 1346 125 40 necesse
1042 1346 91 40 est,
1099 1346 80 40 cum
1133 1346 80 40 tians

710 1381 171 37 mutatum
835 1381 155 37 fuerit
943 1381 93 37 in
975 1381 249 37 transmutatione

714 1421 73 47 in
750 1421 147 47 tempore,
860 1421 73 47 vt
897 1421 147 47 secundum
1007 1421 110 47 omnes
1081 1421 122 47 partes
1154 1421 61 47 sit

714 1453 148 52 insinmiul
827 1453 68 52 in
861 1453 136 52 tempore,
963 1453 125 52 quoniam
1054 1453 79 52 hoc
1100 1453 91 52 est,
1145 1453 68 52 pro-

719 1491 124 50 ptium
802 1491 124 50 eius,
884 1491 110 50 quod
953 1491 96 50 est
1008 1491 83 50 in
1050 1491 138 50 aliquo
1132 1491 83 50 tem-

718 1533 110 46 pore,
791 1533 61 46 &
816 1533 98 46 quod
877 1533 86 46 est
926 1533 110 46 tale.
1000 1533 86 46 est
1049 1533 159 46 quiescens
1171 1533 74 46 in

708 1565 115 45 illo,
785 1565 77 45 in
823 1565 89 45 quo
874 1565 102 45 est,
938 1565 140 45 icoepit
1040 1565 166 45 declarare
1155 1565 64 45 cau

715 1604 110 49 sam,
784 1604 151 49 propter
894 1604 110 49 quam
962 1604 151 49 necesse
1072 1604 96 49 est
1127 1604 82 49 vt
1154 1604 69 49 il-

712 1644 113 38 lud,
783 1644 113 38 quod
854 1644 184 38 inuenitur
995 1644 85 38 in
1038 1644 170 38 tempore,
1151 1644 71 38 iue

714 1678 125 52 matur
797 1678 83 52 in
839 1678 97 52 eo,
894 1678 69 52 &
922 1678 111 52 suae
991 1678 139 52 partes
1088 1678 125 52 eodem
1158 1678 55 52 mo

713 1717 89 49 do,
764 1717 64 49 &
790 1717 128 49 dixit:
879 1717 102 49 omne
943 1717 102 49 enim
1007 1717 128 49 tempus
1096 1717 89 49 est
1135 1717 89 49 diui-

716 1754 125 49 sibile,
807 1754 80 49 &c.
852 1754 68 49 i.
887 1754 57 49 &
909 1754 125 49 necesse
1000 1754 80 49 est
1046 1754 68 49 vt
1080 1754 114 49 illud,
1149 1754 68 49 quid

705 1794 183 40 inuenitur
846 1794 85 40 in
888 1794 169 40 tempore,
1015 1794 211 40 inueniatur,
1184 1794 70 40 &
