1416 2066
186 172 78 41 quae
235 172 126 41 augentur,
332 172 68 41 aut
371 172 117 41 minorem,
459 172 58 41 vt
488 172 78 41 quae
536 172 146 41 decrescunt.
643 172 49 41 Sic

186 209 58 33 n
210 209 104 33 Arii.
279 209 161 33 intrepauit
406 209 138 33 Melissum
509 209 161 33 asserentem
625 209 69 33 prin

181 239 98 35 cipium
250 239 128 35 infinitum
348 239 79 35 vnum
398 239 89 35 esse,
457 239 49 35 &
476 239 118 35 imobile.
565 239 69 35 nam
604 239 79 35 quid
644 239 49 35 pro

178 269 121 37 hiberet,
269 269 111 37 tametsi
349 269 71 37 non
390 269 101 37 posset
460 269 101 37 moueri
531 269 121 37 secundum
611 269 81 37 locum,

187 302 102 35 secundum
263 302 76 35 totum
314 302 68 35 quin
356 302 85 35 posset
415 302 110 35 alterari,
500 302 51 35 vt
525 302 93 35 dicitur
593 302 59 35 in.
627 302 51 35 2.
644 302 42 35 phy

185 334 65 36 in
218 334 75 36 tex
261 334 86 36 com.
314 334 75 36 24.
357 334 54 36 &
379 334 75 36 in.
422 334 65 36 4.
454 334 86 36 phy.
508 334 65 36 in
540 334 86 36 tex.
594 334 86 36 com.
637 334 54 36 Si.

177 364 165 38 alterationi
309 364 88 38 enim
364 364 77 38 non
407 364 88 38 opus
462 364 77 38 est
495 364 88 38 locus.

226 397 106 37 Quarta
301 397 138 37 contradi.
407 397 74 37 est
449 397 64 37 in
481 397 85 37 com.
534 397 74 37 32.
576 397 95 37 Dicit
629 397 64 37 Com.

186 429 120 37 nabitum
273 429 131 37 notiorem
372 429 87 37 esse
426 429 164 37 priuatione.
557 429 98 37 Huius
612 429 76 37 tamen

189 462 124 36 oppositum
285 462 96 36 dicit.
352 462 57 36 9.
381 462 76 36 phy.
428 462 76 36 com.
476 462 67 36 17.
514 462 67 36 vbi
553 462 86 36 habet
610 462 76 36 quod
658 462 57 36 in

183 495 140 37 quibusdam
291 495 97 37 locis
356 495 119 37 accidit
443 495 151 37 describere
561 495 119 37 habitum
637 495 54 37 per

183 529 169 32 negationes
316 529 181 32 priuationum
461 529 73 32 in
497 529 109 32 casu,
570 529 85 32 quo
606 529 85 32 priua

185 554 76 32 tio
228 554 76 32 est
272 554 108 32 notior
348 554 119 32 habitu.
434 554 130 32 Rfdetur,
532 554 87 32 quod
575 554 119 32 priuatio,

187 589 131 31 quatenus
285 589 131 31 priuatio
383 589 87 31 est,
438 589 120 31 nunquam
525 589 76 31 est
569 589 109 31 notior
634 589 55 31 ha-

181 615 95 33 bitu.
245 615 63 33 Et
276 615 95 33 ratio
339 615 74 33 est
382 615 63 33 in
413 615 126 33 promptu.
508 615 84 33 quia
561 615 95 33 tomio
613 615 74 33 cogno

187 647 107 32 scendi
262 647 75 32 est
305 647 64 32 ab
337 647 96 32 actu.
401 647 64 32 7.
433 647 96 32 meta.
497 647 75 32 10.
540 647 117 32 habitus
614 647 75 32 autem

183 677 95 37 habet
247 677 127 37 rationem
342 677 106 37 actus,
416 677 53 37 &
437 677 127 37 priuatio
532 677 95 37 habet
585 677 106 37 rationem

186 709 149 38 potentiae,
303 709 53 38 a
325 709 74 38 qua
367 709 74 38 est
410 709 159 38 occultatio.
537 709 64 38 Et
569 709 85 38 ideo
612 709 74 38 priua

191 738 103 32 tiones
263 738 113 32 hiabunt
345 738 123 32 cognosci
437 738 72 32 per
478 738 82 32 suos
530 738 103 32 hitus,
602 738 92 32 sicut
653 738 41 32 po

185 773 110 31 tentia
262 773 77 31 per
306 773 110 31 actum,
383 773 55 31 &
405 773 99 31 sicut
470 773 121 31 materia
558 773 77 31 per
591 773 99 31 formam,

185 803 77 32 sicut
237 803 85 32 patet.
296 803 51 32 3.
322 803 51 32 de
348 803 85 32 anima.
407 803 60 32 te.
442 803 68 32 com.
484 803 68 32 2.3.
527 803 51 32 &.
552 803 51 32 I.
578 803 51 32 de
604 803 85 32 anima.
655 803 34 32 te

189 836 77 38 com.
238 836 68 38 S2.
276 836 68 38 vbi
315 836 107 38 dicitur
393 836 77 38 quod
441 836 87 38 recto
499 836 48 38 &
519 836 97 38 ipsum,
586 836 48 38 &
596 836 97 38 obliquum

191 861 183 45 cognoscimus.
340 861 80 45 Sed
385 861 103 45 tamen
454 861 80 45 per
500 861 138 45 accidens
592 861 103 45 contin-

187 895 88 35 git
238 895 176 35 cognoscere
376 895 113 35 hitum
451 895 88 35 per
502 895 201 35 priuationem.
652 895 38 35 &

187 927 79 35 hoc
232 927 79 35 vbi
277 927 67 35 ad
310 927 90 35 vnam
366 927 112 35 formam
445 927 124 35 ignotam
535 927 135 35 deuenire
625 927 67 35 volu

187 965 77 30 mus
231 965 77 30 per
275 965 88 30 alia
329 965 110 30 formam
406 965 131 30 notiorem
505 965 164 30 disperatam.
625 965 66 30 tunc

187 989 89 41 enim
243 989 67 41 si
276 989 122 41 volumus
365 989 156 41 cognoscere
487 989 100 41 illam
554 989 122 41 ignotam
632 989 67 41 quid

189 1023 72 34 sit
230 1023 62 34 in
261 1023 72 34 se,
302 1023 134 34 poterimus
405 1023 72 34 eam
446 1023 144 34 cognoscere
559 1023 72 34 per
590 1023 103 34 negatio-

190 1054 75 38 nes
233 1054 128 38 formarum
329 1054 128 38 notiorum
426 1054 86 38 apud
479 1054 86 38 nos,
533 1054 86 38 quae
575 1054 118 38 prinatio-

191 1083 68 34 nes
230 1083 68 34 non
269 1083 78 34 sunt
318 1083 117 34 notiores
406 1083 108 34 ratione
485 1083 78 34 sui,
534 1083 68 34 sed
573 1083 108 34 ratione
641 1083 49 34 sub

192 1117 133 31 habitus,
292 1117 67 31 in
325 1117 78 31 quo
369 1117 111 31 habent
447 1117 122 31 reduci,
536 1117 100 31 sicut
591 1117 100 31 contin-

188 1150 78 34 git
232 1150 67 34 in
266 1150 156 34 cognitione
389 1150 78 34 nia
433 1150 67 34 de
467 1150 156 34 abstractis
578 1150 112 34 substan-

181 1180 85 36 tiis
235 1180 64 36 ex
266 1180 149 36 cognitione
383 1180 170 36 creaturarum,
522 1180 64 36 in
554 1180 74 36 qua
586 1180 106 36 secundum

184 1211 161 39 peritiores
311 1211 150 39 Theologos
426 1211 115 39 potius
507 1211 161 39 attingimus
622 1211 69 39 quid

192 1245 72 30 non
233 1245 93 30 sint,
295 1245 82 30 quae
346 1245 82 30 quid
398 1245 93 30 sint.
459 1245 62 30 Et
490 1245 93 30 istud
552 1245 103 30 voluit
614 1245 82 30 dicere

187 1273 85 33 Com.
241 1273 75 33 in.
283 1273 64 33 S.
315 1273 85 33 phy.
369 1273 85 33 quia
422 1273 75 33 ibi
465 1273 107 33 reddit
540 1273 117 33 causam,
614 1273 75 33 quare

188 1306 80 33 Ari.
238 1306 140 33 descripsit
348 1306 100 33 illud,
418 1306 80 33 quod
468 1306 70 33 est
508 1306 70 33 per
548 1306 70 33 se,
588 1306 70 33 per
618 1306 70 33 nega-

182 1340 115 30 tionem
263 1340 173 30 accidentis:
401 1340 58 30 &
424 1340 115 30 inquit
505 1340 92 30 quod
562 1340 81 30 hoc
597 1340 92 30 fecit,

181 1362 89 38 quia
236 1362 111 38 illud,
314 1362 89 38 quod
369 1362 78 38 est
414 1362 78 38 per
458 1362 144 38 accidens,
569 1362 78 38 est
602 1362 89 38 notius

184 1396 99 31 illo,
250 1396 88 31 quod
305 1396 77 31 est
349 1396 77 31 per
393 1396 77 31 se:
437 1396 55 31 &
458 1396 88 31 ideo
513 1396 121 31 accidet
601 1396 66 31 in
623 1396 66 31 qui-

189 1428 121 38 busdam
274 1428 109 38 locis
347 1428 170 38 describete
480 1428 133 38 habitum
577 1428 85 38 per
613 1428 73 38 nega

183 1461 113 31 tiones
262 1461 181 31 priuationum.
409 1461 90 31 Bene
465 1461 113 31 igitur
544 1461 124 31 diximus
623 1461 68 31 nos,

183 1491 87 35 quod
237 1491 141 35 priuatio,
346 1491 54 35 &
368 1491 130 35 negatio,
465 1491 130 35 quatenus
563 1491 130 35 priuatio
650 1491 43 35 et

185 1524 127 30 negatio,
281 1524 74 30 non
323 1524 85 30 sunt
376 1524 127 30 notiores
471 1524 158 30 hibitibiis,
597 1524 53 30 &
608 1524 74 30 affir

186 1552 155 35 mationibus,
310 1552 73 35 sed
351 1552 114 35 ratione
434 1552 124 35 alterius
528 1552 104 35 hitus,
600 1552 52 35 &
610 1552 73 35 affil

180 1588 153 36 mationis.
298 1588 70 36 ad
333 1588 94 36 quas
392 1588 117 36 reduci
474 1588 129 36 habent,
556 1588 129 36 continge-

181 1614 69 36 re
215 1614 103 36 potet
284 1614 172 36 priuationem
421 1614 137 36 notiorem
524 1614 92 36 esse
570 1614 103 36 habitu.

226 1646 104 36 Quinta
299 1646 136 36 contradi.
403 1646 73 36 est
445 1646 63 36 in
476 1646 73 36 co.
518 1646 73 36 Sa.
560 1646 73 36 36.
601 1646 63 36 &.
633 1646 52 36 4
643 1646 42 36 1.

185 1676 103 36 Dicit
253 1676 114 36 vacuum
333 1676 91 36 esse
390 1676 126 36 naturae
481 1676 171 36 consimilis.
607 1676 80 36 Oppo-

183 1708 108 38 situm
255 1708 96 38 vero
315 1708 108 38 tenet
388 1708 72 38 in
424 1708 96 38 com.
484 1708 84 38 49.
532 1708 84 38 vbi
569 1708 120 38 habetur,

181 1738 101 39 quod
244 1738 126 39 vacuum
333 1738 88 39 non
383 1738 88 39 est
434 1738 139 39 naturae
522 1738 164 39 consimilis,

177 1776 99 38 neque
243 1776 143 38 diuersae.
353 1776 88 38 Nisi
408 1776 99 38 esset
475 1776 88 38 quod
530 1776 88 38 snia
574 1776 110 38 Philoso-

185 1802 85 32 phi
233 1802 97 32 est,
294 1802 61 32 &
319 1802 97 32 Com.
379 1802 97 32 quod
440 1802 73 32 ex
476 1802 109 32 parte
549 1802 85 32 rei
586 1802 97 32 vacuum

178 1834 81 35 non
225 1834 81 35 est
271 1834 127 35 naturae
363 1834 173 35 consimilis,
501 1834 104 35 neque
559 1834 127 35 diuersae,

181 1869 80 29 cum
226 1869 103 29 nihil
295 1869 91 29 sit:
352 1869 160 29 similitudo
477 1869 114 29 autem,
545 1869 137 29 identitas,

184 1895 50 35 &
204 1895 139 35 diuersitas
313 1895 80 35 sunt
363 1895 129 35 diciturae
462 1895 99 35 entis.
532 1895 70 35 ie:
572 1895 89 35 meta.
621 1895 60 35 texi

712 173 90 47 com.
768 173 79 47 12.
813 173 90 47 sed,
869 173 135 47 secundum
970 173 191 47 imaginationem
1117 173 112 47 Antiquo-

709 208 90 35 rum
761 208 168 35 ponentium
890 208 142 35 vacuum,
993 208 181 35 sequebatur
1123 208 103 35 vacuum

713 242 94 34 esse
772 242 129 34 naturae
865 242 164 34 consimilis
994 242 82 34 per
1041 242 117 34 totum.
1123 242 58 34 &
1146 242 82 34 sic
1181 242 47 34 ad

710 271 120 39 honem
790 271 133 39 probat
883 271 93 39 ibi
936 271 200 39 Philosophus
1096 271 107 39 quod
1149 271 80 39 sup-

715 301 113 33 posito
794 301 102 33 vacuo
862 301 79 33 non
907 301 113 33 posset
986 301 79 33 ibi
1032 301 102 33 motus
1100 301 113 33 fieri,
1167 301 57 33 cum

715 332 70 38 sit
755 332 110 38 naturae
835 332 139 38 consimilis
944 332 70 38 per
984 332 100 38 rorum.
1054 332 80 38 vnde
1104 332 120 38 secundum
1183 332 50 38 rem

712 371 115 32 vacuum
792 371 81 32 non
838 371 81 32 est
884 371 127 32 naturae
976 371 173 32 consimilis,
1114 371 104 32 neque
1172 371 58 32 di-

710 401 111 35 uersae,
790 401 91 35 tamen
851 401 121 35 secundum
941 401 181 35 imaginationem,
1092 401 80 35 quae
1143 401 70 35 est
1173 401 50 35 res

709 429 100 30 satis
776 429 112 30 ampla,
854 429 123 30 naturae
943 429 156 30 consimilis
1066 429 89 30 esse
1110 429 112 30 videtur.

740 458 103 32 Sexta
808 458 148 32 contradi.
922 458 80 32 est
968 458 68 32 in
1002 458 91 32 com.
1059 458 80 32 vi.
1105 458 103 32 Dicit
1162 458 57 32 Com

706 489 78 39 in
745 489 105 39 motu
811 489 118 39 esnti
889 489 131 39 formam
981 489 144 39 mouere,
1085 489 65 39 &
1098 489 131 39 materiam

713 522 117 33 moueri.
799 522 75 33 In.
841 522 64 33 4.
873 522 64 33 de
905 522 96 33 coelo
969 522 96 33 dicit
1033 522 107 33 formam
1108 522 96 33 esnti
1161 522 64 33 esse

708 555 123 32 vtrunque
800 555 123 32 scilicet
892 555 112 32 mouens,
974 555 51 32 &
994 555 102 32 motum.
1066 555 123 32 Solutio.
1147 555 72 32 illuc

710 589 92 38 quod
768 589 127 38 mouetur
861 589 69 38 vt
895 589 104 38 quod,
964 589 81 38 non
1011 589 81 38 est
1057 589 139 38 materia,
1149 589 81 38 neque

715 615 120 40 forma:
799 615 96 40 quia
858 615 84 40 in,
906 615 120 40 poemio
990 615 108 40 meta.
1062 615 143 40 actiones
1157 615 72 40 sunt

709 644 184 38 suppositorum.
861 644 119 38 materia
947 644 87 38 enim
1002 644 76 38 non
1045 644 108 38 potest
1121 644 87 38 esse
1175 644 76 38 per

712 675 67 44 se
745 675 111 44 motum,
823 675 67 44 vt
856 675 100 44 quod,
923 675 67 44 in
956 675 89 44 motu
1012 675 111 44 efnti:
1090 675 89 44 quia
1134 675 89 44 subie-

711 708 87 38 ctum
765 708 98 38 motus
831 708 76 38 est
874 708 76 38 ens
918 708 65 38 in
950 708 98 38 actu.
1015 708 65 38 3.
1048 708 87 38 phy.
1102 708 76 38 te.
1146 708 87 38 com.
1189 708 33 38 d

713 740 86 31 nec
762 740 123 31 forma,
848 740 99 31 quia
910 740 111 31 forma
984 740 74 31 vt
1021 740 111 31 forma
1095 740 111 31 habet
1169 740 86 31 mo

711 770 97 37 uere.
776 770 65 37 I.
808 770 65 37 de
841 770 173 37 Generatione.
981 770 76 37 S3.
1024 770 65 37 &.
1056 770 65 37 3.
1089 770 86 37 phy.
1143 770 76 37 17.
1175 770 54 37 tum

712 804 93 33 quia
771 804 105 33 forma
841 804 105 33 habet
911 804 140 33 rationem
1016 804 128 33 partis,
1109 804 105 33 parti
1168 804 58 33 au-

719 834 80 31 tem
764 834 80 31 non
810 834 138 31 competit
914 834 103 31 ratio
983 834 80 31 per
1029 834 69 31 se
1063 834 103 31 moti,
1132 834 80 31 sed
1167 834 57 31 to-

711 863 74 43 ti.
754 863 84 43 quia
806 863 105 43 totius
880 863 74 43 est
922 863 137 43 operatio.
1028 863 95 43 Illud
1091 863 116 43 igitur,
1165 863 63 43 quod

711 899 132 32 monetur,
810 899 55 32 &
832 899 88 32 quid
887 899 110 32 mouet,
964 899 77 32 est
1008 899 99 32 totum
1074 899 121 32 esntum.
1151 899 77 32 tamen

722 928 118 34 passiue
808 928 118 34 mouetur
893 928 64 34 vt
926 928 86 34 quo,
979 928 118 34 ratione
1065 928 139 34 materiae,
1172 928 53 34 &
1182 928 43 34 mo

712 962 97 32 uetur
777 962 65 32 vt
809 962 76 32 quo
853 962 119 32 actiue,
939 962 119 32 ratione
1026 962 119 32 formae.
1112 962 86 32 bene
1155 962 76 32 verum

714 995 86 32 est
763 995 99 32 quod
825 995 111 32 etiam
898 995 160 32 concurrit
1022 995 148 32 niedium,
1120 995 111 32 tanquam

720 1020 105 39 causa
790 1020 163 39 materialis
919 1020 163 39 extrinseca
1047 1020 163 39 necessario
1164 1020 58 39 re.

717 1053 131 42 quisita,
816 1053 66 42 si
849 1053 99 42 motus
914 1053 99 42 esnti
980 1053 99 42 debet
1046 1053 121 42 perfici
1133 1053 55 42 &
1144 1053 77 42 exire

715 1082 66 37 in
748 1082 110 37 actum.
825 1082 88 37 quia
880 1082 66 37 in
913 1082 88 37 motu
968 1082 165 37 requiritur,
1089 1082 132 37 successio,

716 1112 52 34 &
736 1112 135 34 successio
841 1112 73 34 est
882 1112 104 34 merito
955 1112 177 34 resistentiae.
1091 1112 135 34 resistentia

715 1145 94 40 autem
777 1145 73 40 non
819 1145 73 40 est
860 1145 115 40 materia
944 1145 94 40 nuda:
1006 1145 94 40 tamen
1069 1145 135 40 sufficit,
1163 1145 63 40 quod

711 1180 129 30 elntum
801 1180 64 30 &
827 1180 90 30 sua
878 1180 116 30 forma
956 1180 77 30 ab
994 1180 180 30 intrinseco
1123 1180 103 30 habeat

712 1207 226 35 potentialitatem
903 1207 131 35 ratione
998 1207 155 35 materiae.
1117 1207 107 35 vnde,
1176 1207 48 35 si

717 1239 104 35 forma
787 1239 104 35 elnti
856 1239 104 35 esset
926 1239 58 35 a
949 1239 127 35 materia
1042 1239 151 35 separata,
1146 1239 81 35 nullo

714 1270 82 36 modo
765 1270 92 36 esset
826 1270 82 36 nota
877 1270 92 36 neque
939 1270 72 36 per
980 1270 72 36 se,
1021 1270 92 36 neque
1082 1270 72 36 per
1113 1270 112 36 accidens.

713 1301 85 38 quia
766 1301 106 38 formae
841 1301 149 38 separatae,
958 1301 96 38 sicut
1021 1301 96 38 dicit
1085 1301 85 38 Com.
1138 1301 64 38 9.
1159 1301 64 38 met.

712 1334 83 31 com.
764 1334 63 31 2.
795 1334 83 31 sunt
847 1334 104 31 tandum
920 1334 115 31 agentes
1003 1334 63 31 et
1035 1334 94 31 nullo
1097 1334 83 31 modo
1139 1334 83 31 patien

713 1363 73 32 tes,
758 1363 82 32 neque
813 1363 164 32 essentialitur,
949 1363 82 32 neque
1004 1363 182 32 accidentalecrus,
1158 1363 45 32 &
1167 1363 55 32 ista

715 1396 76 30 est
759 1396 87 30 fnia
813 1396 163 30 Philosophi.
943 1396 65 30 I.
976 1396 65 30 de
1008 1396 98 30 Gene.
1073 1396 54 30 &
1095 1396 119 30 Corrup.
1171 1396 54 30 te.

713 1428 93 31 com.
771 1428 81 31 36.
818 1428 116 31 formis
899 1428 104 31 autem
968 1428 69 31 in
1003 1428 127 31 materia
1084 1428 139 31 existenti-

710 1458 82 32 bus
757 1458 140 32 comperit
862 1458 186 32 passibilitas
1013 1458 128 32 ratione
1095 1458 128 32 materiae.

712 1489 60 33 &
736 1489 95 33 ideo
795 1489 83 33 per
843 1489 143 33 accidens
950 1489 95 33 sunt
1010 1489 143 33 mobiles,
1117 1489 83 33 non
1164 1489 83 33 per

705 1519 74 35 se.
748 1519 74 35 qui
790 1519 85 35 enim
843 1519 116 35 dixerit
928 1519 106 35 formas
1002 1519 85 35 esse
1055 1519 74 35 per
1097 1519 64 35 se
1118 1519 106 35 mobiles,

714 1550 88 36 non
765 1550 88 36 est
815 1550 126 36 dignus
903 1550 76 36 vt
941 1550 63 36 a
966 1550 151 36 Naturali
1067 1550 151 36 Philosopho

709 1582 158 36 impugnetur.
836 1582 63 36 3.
867 1582 84 36 phy.
920 1582 95 36 cont.
983 1582 63 36 3.
1015 1582 63 36 Et
1046 1582 95 36 ideo.
1110 1582 63 36 4.
1131 1582 84 36 coeli-

708 1616 97 34 com.
768 1616 85 34 12.
817 1616 145 34 dicitur,
926 1616 97 34 quod
986 1616 109 34 forma
1059 1616 157 34 elementi,
1168 1616 48 34 vt

708 1644 110 38 forma
781 1644 122 38 mouet:
866 1644 98 38 sed,
927 1644 73 38 vt
964 1644 73 38 in
1000 1644 146 38 materia,
1098 1644 122 38 mouetur.

712 1684 91 31 quod
769 1684 148 31 intelligo
883 1684 80 31 per
928 1684 148 31 accidens.
1042 1684 68 31 in
1077 1684 80 31 hoc
1122 1684 103 31 vero.
1179 1684 46 31 7t

714 1709 100 38 dicit
781 1709 134 38 materiam
881 1709 123 38 moueri,
970 1709 67 38 vt
1003 1709 89 38 quo,
1059 1709 123 38 tanquam
1137 1709 78 38 prin-

709 1741 103 30 cipio
777 1741 80 30 per
823 1741 69 30 se
858 1741 218 30 potentialitatis
1041 1741 69 30 ad
1076 1741 115 30 motum:
1145 1741 80 30 licet

709 1773 67 29 vt
742 1773 89 29 dixi
798 1773 78 29 non
843 1773 78 29 sit
887 1773 167 29 adaequatum.
1021 1773 100 29 dixit
1088 1773 89 29 vero
1133 1773 89 29 formam

704 1805 134 39 mouere
797 1805 147 39 tanquam
904 1805 187 39 principium
1051 1805 147 39 formale
1158 1805 94 39 per

707 1835 74 33 se
744 1835 172 33 incipiendi
879 1835 123 33 motum,
965 1835 86 33 cum
1014 1835 111 33 actio
1088 1835 86 33 sit
1137 1835 61 33 a
1149 1835 74 33 for-

703 1861 98 37 nmia.
768 1861 76 37 Sed
812 1861 109 37 contra
888 1861 142 37 obileies.
997 1861 65 37 ex
1030 1861 76 37 hac
1073 1861 142 37 solutione
1171 1861 44 37 se

706 1900 125 38 quitur
793 1900 100 38 idem
855 1900 125 38 mouens
943 1900 100 38 esse
1005 1900 62 38 &
1030 1900 125 38 motum:
1117 1900 100 38 quia
1167 1900 50 38 tu
