1416 2066
170 173 79 59 i.
209 173 106 59 sine
275 173 145 59 instro,
381 173 66 59 &
407 173 119 59 mouet
487 173 132 59 illud,
579 173 106 59 quod
632 173 66 59 est

179 220 134 46 extra
269 220 149 46 corpus
373 220 179 46 animalis
508 220 105 46 per
553 220 134 46 instrm,

179 256 105 50 quod
244 256 92 50 est
297 256 131 50 corpus
388 256 170 50 animalis.
519 256 92 50 sed
558 256 131 50 exemplum

188 297 103 46 eius
252 297 116 46 sonat
329 297 116 46 magis
406 297 154 46 secundum
522 297 128 46 primam
599 297 90 46 expon

187 323 85 61 nem.
241 323 53 61 &
262 323 75 61 hoc
305 323 75 61 est
347 323 85 61 quod
401 323 107 61 dixit.
476 323 64 61 v.
508 323 64 61 g.
540 323 85 61 quod
593 323 96 61 homo.
646 323 43 61 i.

186 369 93 51 aut
239 369 120 51 mouet
319 369 147 51 aliquid
426 369 93 51 per
479 369 93 51 se,
533 369 93 51 aut
586 369 93 51 per
626 369 67 51 ba-

188 405 124 49 culum.
275 405 87 49 Hic
324 405 124 49 igitur
411 405 124 49 posuit
498 405 124 49 illud,
585 405 87 49 per
622 405 75 49 quod

183 452 143 31 mouet
279 452 207 31 disfictum
438 452 80 31 a
470 452 143 31 primo
550 452 143 31 motore,

187 479 71 51 &
215 479 141 51 posuit
314 479 155 51 motorem
427 479 99 51 per
483 479 85 51 se
526 479 141 51 illud,
610 479 85 51 quid

186 519 85 52 non
234 519 134 52 indiget
332 519 121 52 instio
417 519 182 52 extrinseco.
562 519 61 52 &
575 519 121 52 secundum

180 556 100 38 hoc
237 556 115 38 ista
309 556 200 38 declaratio
466 556 186 38 concludet
595 556 100 38 illud

185 594 118 48 idem,
264 594 105 48 quod
329 594 118 48 prima
408 594 183 48 declaratio
539 594 157 48 conclusit.

184 629 110 50 D.d.
253 629 69 50 &
281 629 166 50 proiicit
405 629 152 50 aliquid
516 629 97 50 aut
571 629 110 50 ipse
626 629 69 50 ven

185 676 105 39 tus,
251 676 92 39 &c.
303 676 66 39 &
330 676 118 39 istud
409 676 92 39 est
461 676 158 39 exemplum
567 676 118 39 confir-

190 700 94 54 mans
249 700 106 54 liunc
319 700 188 54 intellectum.
472 700 59 54 &
495 700 141 54 intendit
601 700 94 54 quod
648 700 47 54 ve

187 741 93 50 tus
240 741 173 50 aliquando
373 741 119 50 mouet
452 741 146 50 aliquid
558 741 93 50 per
611 741 93 50 se,
651 741 40 50 &

185 780 168 47 quandoque
314 780 116 47 mouet
391 780 155 47 aliquid,
507 780 155 47 mediante
611 780 77 47 lapi

186 819 95 43 de,
241 819 109 43 quem
309 819 150 43 eleuat.
418 819 82 43 Et
459 819 95 43 pot
514 819 150 43 aliquis
609 819 82 43 quae

184 861 116 38 rere
256 861 87 38 de
299 861 144 38 vento,
400 861 130 38 vtrum
487 861 101 38 sit
545 861 87 38 de
573 861 116 38 numero

189 893 128 50 eorum,
279 893 103 50 quae
343 893 154 50 mouentur
459 893 77 50 ex
497 893 90 50 se,
549 893 90 50 aut
600 893 77 50 de
626 893 64 50 nu-

191 934 113 37 mero
262 934 142 37 eorum,
361 934 113 37 quae
432 934 170 37 mouentur
559 934 85 37 ex
588 934 99 37 alio-

186 967 72 43 Et
222 967 155 43 similiter
341 967 143 43 quaerere
449 967 72 43 de
485 967 96 43 motu
545 967 108 43 ferri
616 967 72 43 ad
640 967 48 43 ma

184 1012 155 42 gnetem,
297 1012 127 42 vtrum
381 1012 141 42 ferrum
480 1012 85 42 in
523 1012 99 42 hoc
579 1012 113 42 motu
636 1012 56 42 mo

192 1044 110 39 uetur
265 1044 73 39 ex
302 1044 85 39 se,
350 1044 85 39 aut
399 1044 73 39 ex
436 1044 110 39 alio.
509 1044 73 39 Et
546 1044 85 39 est
582 1044 110 39 manife-

190 1084 96 40 stum
250 1084 96 40 quod
310 1084 120 40 ventus
393 1084 84 40 est
441 1084 72 40 de
477 1084 108 40 gnere
549 1084 120 40 eorum,
620 1084 72 40 quae

192 1123 161 39 mouentur
312 1123 201 39 naturalter,
473 1123 94 39 cum
526 1123 94 39 non
567 1123 121 39 mouetur

187 1157 106 53 nisi
253 1157 66 53 a
279 1157 172 53 generante
412 1157 132 53 ipsum.
505 1157 66 53 &
531 1157 79 53 in
571 1157 93 53 hoc
611 1157 79 53 loco

192 1196 128 51 induxit
285 1196 139 51 exemplum
390 1196 116 51 large.
471 1196 58 51 &
494 1196 151 51 similiter
598 1196 93 51 ferrum

192 1231 108 43 est
253 1231 154 43 quoquo
361 1231 123 43 modo
438 1231 93 43 de
485 1231 154 43 numero
577 1231 108 43 eorum

196 1277 104 44 quae
261 1277 194 44 naturalitur
416 1277 168 44 mouentur,
546 1277 91 44 cum
597 1277 91 44 non
636 1277 52 44 mo

202 1309 110 51 uetur
275 1309 61 51 a
299 1309 146 51 magnete,
409 1309 98 51 nisi
470 1309 85 51 per
507 1309 183 51 alterationem,

200 1357 110 36 quam
269 1357 179 36 acquirit,
407 1357 166 36 mediante
531 1357 110 36 aere
600 1357 69 36 a
614 1357 69 36 ma-

191 1388 115 45 gnete
268 1388 64 45 &
294 1388 103 45 ideo
358 1388 128 45 quando
448 1388 167 45 complexio
563 1388 128 45 magnetis

195 1421 210 37 transmutatur,
368 1421 87 37 non
417 1421 161 37 attrahit:
541 1421 111 37 sicut
602 1421 87 37 acci-

197 1460 72 39 dit
238 1460 72 39 ei,
279 1460 103 39 quando
351 1460 155 39 confricatur
475 1460 72 39 cum
517 1460 114 39 alliis,
599 1460 52 39 &
620 1460 62 39 vt
640 1460 52 39 di-

190 1495 124 43 citur.
276 1495 74 43 Et
313 1495 87 43 hoc
363 1495 173 43 manifestum
499 1495 87 43 est
549 1495 74 43 in
574 1495 111 43 lapide,

195 1533 94 38 qui
248 1533 94 38 non
302 1533 160 38 attrabit
422 1533 147 38 paleas,
529 1533 120 38 donec
596 1533 80 38 cale

194 1572 110 38 fiat.
267 1572 86 38 Et,
316 1572 86 38 cum
365 1572 123 38 posuit
451 1572 98 38 quod
512 1572 110 38 motor
586 1572 86 38 est
623 1572 61 38 duo

194 1609 82 41 bus
241 1609 106 41 modis
312 1609 141 41 scilicet
418 1609 82 41 qui
465 1609 106 41 mouet
536 1609 82 41 per
583 1609 82 41 se,
618 1609 71 41 etmo

193 1652 100 44 tor,
255 1652 88 44 qui
305 1652 113 44 mouet
380 1652 88 44 per
430 1652 125 44 aliud.
518 1652 75 44 i.
555 1652 88 44 per
593 1652 88 44 istru

196 1685 153 46 mentum,
308 1685 139 46 posuit
405 1685 167 46 secundam
517 1685 167 46 proponemn,

190 1717 61 50 &
214 1717 122 50 dixit:
300 1717 61 50 &
324 1717 171 50 ipossibile
458 1717 85 50 est
507 1717 73 50 vt
544 1717 134 50 moueat,
629 1717 61 50 &c.

191 1756 68 39 i.
225 1756 56 39 &
247 1756 169 39 impossibile
383 1756 79 39 est
428 1756 68 39 vt
462 1756 113 39 illud,
541 1756 79 39 per
586 1756 90 39 quid
631 1756 45 39 mo

193 1804 91 38 uet
245 1804 130 38 motur,
336 1804 130 38 moueat
427 1804 104 38 sine
492 1804 117 38 illo,
570 1804 104 38 quid
622 1804 65 38 mo

707 181 113 51 uetur
783 181 75 51 ex
820 181 88 51 se.
871 181 63 51 &
896 181 88 51 hoc
946 181 151 51 denmtrat
1059 181 100 51 quod
1122 181 100 51 ipse
1172 181 63 51 po-

707 222 96 50 nit
762 222 124 50 motum
845 222 96 50 per
899 222 82 50 se
941 222 82 50 de
982 222 110 50 gere
1051 222 151 50 motoris
1160 222 96 50 per

707 256 69 51 se
741 256 137 51 scilicet
844 256 92 51 sine
901 256 126 51 instro.
993 256 160 51 D.narrauit
1119 256 92 51 quod
1165 256 57 51 mo-

712 300 87 38 tor
761 300 87 38 per
811 300 74 38 se
848 300 161 38 praecedit
972 300 186 38 naturalitur
1108 300 111 38 motorem

721 334 74 47 er
758 334 124 47 aliud,
845 334 62 47 &
870 334 124 47 dixit:
956 334 99 47 sed,
1018 334 74 47 si
1056 334 137 47 aliquid
1143 334 74 47 fue-

714 373 97 46 rit,
774 373 97 46 quod
835 373 121 46 moueat
919 373 85 46 se,
967 373 85 46 &c.
1016 373 72 46 i.
1052 373 60 46 &
1076 373 121 46 illud,
1149 373 72 46 quod

711 407 122 44 mouet
793 407 95 44 per
847 407 95 44 se,
901 407 81 44 si
942 407 149 44 ponatur
1051 407 122 44 esse,
1132 407 95 44 non
1173 407 54 44 se

717 452 137 47 quitur
813 452 82 47 vt
854 452 123 47 motor
936 452 96 47 per
991 452 123 47 aliud
1073 452 109 47 sit,
1127 452 96 47 sicut

712 484 187 38 sequitur,
855 484 101 38 cum
913 484 129 38 motor
999 484 101 38 per
1057 484 129 38 aliud
1129 484 86 38 fue-

712 523 96 49 rit,
772 523 72 49 vt
808 523 108 49 motor
879 523 84 49 per
927 523 72 49 se
963 523 96 49 sit.
1023 523 60 49 &
1047 523 96 49 ista
1106 523 84 49 est
1154 523 60 49 a
1166 523 48 49 di

707 557 173 52 spositio
837 557 159 52 prioris
952 557 188 52 naturalr.
1096 557 101 52 Et,
1140 557 72 52 cum

715 597 135 46 posuit
809 597 95 46 has
863 597 108 46 duas
931 597 243 46 propositiones,
1120 597 95 46 incoe

709 644 92 39 pit
762 644 185 39 concludere
907 644 132 39 illud,
999 644 106 39 quod
1052 644 158 39 intendebat

709 670 199 44 concludere,
868 670 66 44 &
894 670 132 44 dixit:
987 670 79 44 Si
1027 670 132 44 igitur
1106 670 106 44 fuerit

706 708 132 55 aliquid
802 708 120 55 aliud,
886 708 84 55 &c.
934 708 72 55 i.
969 708 72 55 si
1005 708 120 55 igitur
1089 708 120 55 fuerit
1161 708 48 55 po

710 749 125 40 situm
793 749 97 40 hic
849 749 153 40 aliquis
960 749 139 40 motor,
1057 749 97 40 qui
1099 749 111 40 mouet,

711 784 111 46 quia
781 784 125 46 aliud
864 784 125 46 mouet
948 784 125 46 ipem,
1031 784 70 46 &
1059 784 111 46 illd
1115 784 97 46 aliud

708 825 144 41 mouet,
809 825 116 41 quia
881 825 130 41 aliud
968 825 130 41 mouet
1054 825 116 41 ipm,
1112 825 101 41 etiam

712 861 133 38 necesse
809 861 85 38 est
857 861 73 38 vt
894 861 85 38 ibi
942 861 85 38 sit
991 861 146 38 aliquid,
1100 861 97 38 quid
1148 861 61 38 mo-

709 902 117 36 uet:
783 902 103 36 non
841 902 117 36 quia
915 902 161 36 aliquid
1032 902 132 36 aliud
1105 902 103 36 mouet

703 939 103 43 ipm
762 939 88 43 ex
806 939 220 43 extrinseco,
982 939 103 43 sed
1041 939 117 43 quia
1114 939 103 43 ipm
1158 939 59 43 mo

709 973 85 52 uet
758 973 146 52 seipsum,
867 973 61 52 &
892 973 183 52 impossibile
1038 973 85 52 est
1087 973 73 52 vt
1111 973 98 52 mouen-

710 1012 94 49 tia,
769 1012 94 49 quae
827 1012 141 49 mouentur
933 1012 70 49 ex
968 1012 117 49 aliis,
1050 1012 152 49 puocedant
1167 1012 70 49 in

712 1051 213 49 infinitum.
879 1051 197 49 D.induxit
1031 1051 182 49 exemplum
1152 1051 61 49 de

710 1087 107 51 hoc,
776 1087 67 51 &
803 1087 134 51 dixit:
897 1087 80 51 Si
937 1087 134 51 igitur
1030 1087 120 51 motor
1097 1087 120 51 mouetur

705 1125 79 42 ab
744 1125 119 42 alio,
824 1125 146 42 necesse
930 1125 93 42 est
983 1125 79 42 vt
1023 1125 93 42 hoc
1076 1125 146 42 cesset,
1168 1125 40 42 &

712 1166 90 52 non
763 1166 153 52 procedat
878 1166 77 52 in
917 1166 166 52 infinitum
1045 1166 77 52 i.
1083 1166 77 52 si
1109 1166 102 52 igitur

709 1205 136 38 motor
800 1205 167 38 mouetur
921 1205 91 38 ab
967 1205 121 38 alio
1042 1205 167 38 motore,
1164 1205 76 38 &

706 1236 108 51 tunc
774 1236 122 51 mouet
856 1236 122 51 ipse,
937 1236 68 51 &
964 1236 108 51 ille
1032 1236 122 51 alius
1100 1236 108 51 motor-

715 1276 62 47 et
746 1276 72 47 est
787 1276 93 47 talis
849 1276 124 47 scilicet
941 1276 82 47 quod
993 1276 72 47 non
1034 1276 103 47 mouet,
1106 1276 82 47 nisi
1147 1276 52 47 mo-

705 1318 136 36 ueatur
801 1318 82 36 ab
842 1318 136 36 aliquo
937 1318 204 36 extrinseco,
1087 1318 123 36 necesse

707 1350 95 49 est
761 1350 81 49 vt
801 1350 95 49 hoc
855 1350 149 49 cesset,
963 1350 68 49 &
990 1350 95 49 non
1044 1350 162 49 procedat
1152 1350 54 49 in

707 1388 201 51 infinitum.
865 1388 158 51 D.dedit
979 1388 187 51 exemplum,
1123 1388 72 51 &
1137 1388 72 51 di-

708 1426 92 41 xit:
765 1426 127 41 baculus
857 1426 92 41 enim
915 1426 81 41 &c.
961 1426 69 41 i.
995 1426 69 41 si
1030 1426 115 41 igitur
1110 1426 81 41 hic
1145 1426 58 41 est

708 1460 134 46 semper
801 1460 147 46 aliquid
908 1460 134 46 aliud,
1002 1460 107 46 quod
1069 1460 134 46 mouet,
1149 1460 54 46 ue

710 1501 109 37 cesse
783 1501 85 37 est
831 1501 73 37 vt
867 1501 85 37 hic
916 1501 85 37 sit
964 1501 109 37 prius
1037 1501 145 37 aliquid,
1133 1501 73 37 quod

705 1537 110 55 mouet
778 1537 85 55 se.
827 1537 98 55 ver.
888 1537 73 55 g.
924 1537 110 55 quod,
998 1537 73 55 si
1034 1537 134 55 baculus
1120 1537 85 55 mouet

701 1572 185 53 lapidem,
839 1572 77 53 &
870 1572 92 53 no
916 1572 139 53 mouet
1009 1572 154 53 ipsum,
1101 1572 108 53 donec

700 1613 196 36 moueatur
847 1613 82 36 a
879 1613 147 36 manu,
977 1613 82 36 &
1010 1613 147 36 manus
1092 1613 114 36 etiam

709 1650 99 40 non
765 1650 141 40 mouet,
864 1650 113 40 nisi
935 1650 169 40 moueatur
1062 1650 85 40 ab
1090 1650 113 40 aliquo

708 1685 105 45 alio,
778 1685 93 45 tunc
836 1685 105 45 ille,
906 1685 82 45 qui
953 1685 82 45 est
999 1685 116 45 baculi
1081 1685 116 45 motor,
1162 1685 70 45 in

705 1725 89 38 rei
756 1725 153 38 veritate
871 1725 89 38 est
921 1725 140 38 aliquid
1023 1725 114 38 aliud
1099 1725 64 38 a
1112 1725 89 38 manu.

700 1759 123 43 manus
782 1759 123 43 enim,
865 1759 68 43 &
892 1759 151 43 baculus
1002 1759 82 43 in
1043 1759 96 43 hoc
1097 1759 110 43 sunt
1152 1759 55 43 in

704 1797 123 45 eodem
787 1797 151 45 ordine.
896 1797 69 45 &
924 1797 96 45 hoc
979 1797 206 45 intendebat,
1129 1797 69 45 cum
