1416 2066
168 180 108 47 dine,
240 180 84 47 non
288 180 108 47 autem
360 180 144 47 infinita
467 180 168 47 appositio,
599 180 84 47 seu
647 180 72 47 in

179 214 170 58 infinitum:
312 214 145 58 Dicendum
421 214 85 58 est
470 214 97 58 quod
530 214 158 58 professor
640 214 48 58 hu

181 260 99 46 ius
237 260 141 46 seniae
336 260 198 46 consyderat
477 260 212 46 magnitudines,

189 301 93 48 put
242 301 106 48 sunt
308 301 133 48 fines,
401 301 93 48 seu
454 301 159 48 extrema,
574 301 93 48 vel
614 301 66 48 ter

182 340 124 52 mini,
265 340 138 52 corpox
362 340 193 52 naturalium
500 340 193 52 materialium,

177 384 148 34 diuisio
284 384 107 34 vero
351 384 81 34 in
391 384 175 34 infinitum
526 384 148 34 accidit
620 384 67 34 ma-

185 421 165 49 guitudini
312 421 139 49 ratione
413 421 165 49 materiae,
540 421 89 49 non
578 421 114 49 ratione

179 446 154 52 formae,
291 446 126 52 finis
375 446 126 52 autem
459 446 84 52 in
501 446 182 52 diuisione
627 446 56 52 ac

184 495 101 44 cidit
251 495 67 44 ei
284 495 123 44 ratione
374 495 123 44 formae:
463 495 56 44 &
486 495 89 44 ideo
542 495 78 44 non
586 495 89 44 poet
631 495 56 44 di-

177 540 120 38 uidi
252 540 196 38 magnitudo
403 540 136 38 ignis
493 540 90 38 in
523 540 166 38 infinitum

178 577 172 41 quatenus
307 577 100 41 est
364 577 186 41 magnitudo
508 577 143 41 ignis:
594 577 100 41 verum

182 608 160 58 accidit
298 608 116 58 ipsi
370 608 203 58 magnitudii
530 608 160 58 diuisio
631 608 58 58 in

182 652 178 51 infinitu,
320 652 96 51 non
374 652 165 51 quatenus
498 652 96 51 est
539 652 151 51 magnitudo

183 693 131 49 ignis,
275 693 92 49 sed
327 693 157 49 quatenus
445 693 92 49 est
497 693 131 49 tandum
576 693 118 49 magnitu

184 726 99 45 do,
240 726 99 45 non
297 726 169 45 quatenus
423 726 99 45 est
480 726 183 45 magnitudo
606 726 85 45 cor-

189 768 104 51 poris
259 768 161 51 naturalis,
385 768 92 51 quid
443 768 161 51 consyderat
558 768 138 51 professor,

185 805 121 45 huius
265 805 121 45 seiae
345 805 80 45 de
386 805 214 45 magnitudine:
560 805 94 45 hoc
600 805 94 45 autem

187 845 112 55 nihil
261 845 112 55 aliud
335 845 87 55 est
385 845 87 55 qua
434 845 99 55 esse
496 845 74 55 in
521 845 124 55 materia.

219 891 223 39 Incrementum
397 891 148 39 igitur
501 891 89 39 in
531 891 163 39 infinitum

179 924 99 46 hac
235 924 169 46 iatione,
362 924 183 46 videlicet
504 924 169 46 quatenus
616 924 71 46 ma-

186 964 131 54 gnitudo
281 964 83 54 est
329 964 71 54 in
365 964 143 54 materia,
472 964 83 54 est
519 964 179 54 impossibile
650 964 36 54 i

184 1004 115 49 ipsa
256 1004 230 49 magnitudine.
442 1004 115 49 quia
514 1004 158 49 materia
615 1004 72 49 com

175 1051 177 39 tinetur
304 1051 97 39 in
352 1051 242 39 magnitudine
546 1051 161 39 mundi,
643 1051 48 39 &

177 1085 124 48 extra
260 1085 96 48 ipm
315 1085 124 48 nulla
397 1085 151 48 existit
507 1085 165 48 materia,
616 1085 69 48 ne-

187 1124 85 41 que
235 1124 109 41 poent
308 1124 122 41 repiri
393 1124 134 41 aliquid
491 1124 122 41 corpus
576 1124 97 41 vllo
624 1124 61 41 pa-

181 1164 117 39 cto,
254 1164 88 39 vt
298 1164 88 39 in
342 1164 131 39 libio
429 1164 88 39 de
473 1164 146 39 Coelo,
575 1164 73 39 &
590 1164 102 39 mundo

179 1201 157 48 probatum
296 1201 104 48 est.
362 1201 78 48 &,
401 1201 78 48 si
440 1201 91 48 non
492 1201 117 48 datur
571 1201 91 48 ibi
610 1201 78 48 mate

178 1241 83 42 ria
226 1241 130 42 omnino,
320 1241 107 42 neque
391 1241 107 42 etiam
462 1241 130 42 dabitur
557 1241 83 42 ibi
592 1241 95 42 locus,

177 1276 80 46 &
209 1276 112 46 sic
273 1276 159 46 ponere
384 1276 255 46 magnitudinem
575 1276 112 46 maio-

183 1324 101 38 rem
240 1324 130 38 mundo
327 1324 101 38 est
385 1324 159 38 fassum.
501 1324 174 38 Oeometra
617 1324 72 38 au-

168 1355 88 56 tem
218 1355 175 56 manifestum
355 1355 88 56 est
405 1355 100 56 quod
468 1355 113 56 licet
543 1355 113 56 ponat
605 1355 75 56 quam

182 1397 149 49 titatem,
293 1397 62 49 &
318 1397 174 49 consyderet
454 1397 99 49 eam,
516 1397 87 49 non
566 1397 112 49 tamen
628 1397 62 49 eam

185 1436 197 46 consyderat,
342 1436 118 46 prout
421 1436 92 46 est
473 1436 170 46 extremum,
604 1436 92 46 seu
644 1436 52 46 fi

185 1484 96 30 nis
240 1484 165 30 corporis
364 1484 193 30 naturalis,
516 1484 83 30 vt
543 1484 152 30 Naturalis

190 1517 186 51 consyderat.
338 1517 99 51 ipse
400 1517 124 51 etenim
487 1517 161 51 abstrahit
598 1517 99 51 ratio-

190 1553 61 50 ne
220 1553 71 50 id,
261 1553 82 50 quid
312 1553 92 50 potot
374 1553 123 50 abstrahi
465 1553 112 50 ratione
547 1553 123 50 tantdum,
629 1553 61 50 quid

186 1587 102 55 tamen
254 1587 79 55 non
299 1587 79 55 est
344 1587 158 55 abstractum
469 1587 136 55 secundum
571 1587 102 55 esse,
638 1587 79 55 sed

186 1629 90 54 est
238 1629 77 54 in
276 1629 154 54 materia,
392 1629 90 54 hoc
443 1629 103 54 est,
507 1629 103 54 quod
559 1629 128 54 quicquid

180 1670 203 54 abstrahitus
343 1670 95 54 se:
397 1670 149 54 denudat
505 1670 122 54 ipse,
587 1670 95 54 non
627 1670 68 54 est

180 1709 162 45 denudatum
304 1709 150 45 secundum
417 1709 112 45 esse.
492 1709 112 45 Ergo,
567 1709 75 45 si
592 1709 87 45 Mathe

179 1748 166 46 maticus
299 1748 136 46 ponat
390 1748 151 46 lineam
495 1748 166 46 maiorem
601 1748 90 46 mumn

185 1789 103 49 do,
244 1789 103 49 sic
303 1789 132 49 ponet
391 1789 103 49 rem
450 1789 147 49 fictam
538 1789 147 49 mendacen

185 1830 89 43 quia
241 1830 78 43 id,
285 1830 89 43 quid
341 1830 100 43 ponit
408 1830 89 43 esse
464 1830 123 43 ratione
542 1830 145 43 abstractum,

183 1866 79 57 non
228 1866 79 57 est
273 1866 79 57 ita
318 1866 135 57 secundum
419 1866 90 57 esse
475 1866 124 57 omnino:
565 1866 101 57 longe
622 1866 68 57 eigo

709 181 107 47 minus
780 181 95 47 erit
840 181 166 47 abstractum
970 181 142 47 secundum
1077 181 107 47 esse.
1136 181 83 47 neque

711 220 145 55 cogitur
816 220 158 55 Ceometra
935 220 132 55 ponere
1027 220 119 55 talem
1093 220 119 55 lineam,

709 261 120 52 quia
784 261 195 52 demtratio
934 261 90 52 de
980 261 135 52 linea
1070 261 150 52 magna,
1175 261 75 52 &

717 301 91 53 pua
769 301 91 53 est
821 301 129 53 eadem:
911 301 65 53 &
937 301 117 53 ideo,
1015 301 117 53 licet
1093 301 117 53 ponat
1157 301 65 53 ip-

713 338 93 52 sam
766 338 93 52 hoc
819 338 133 52 pacto,
912 338 93 52 non
965 338 160 52 sequetur
1085 338 80 52 ex
1125 338 93 52 hoc
1165 338 53 52 in

709 381 106 37 sua
770 381 213 37 demratione
937 381 258 37 inconueniens:
1134 381 91 37 quis

711 417 78 41 sit
755 417 123 41 falsum,
845 417 56 41 &
867 417 123 41 fictum:
956 417 78 41 cum
1001 417 100 41 autem
1068 417 123 41 dicitur
1146 417 78 41 Ceome

710 458 126 45 tram,
794 458 168 45 ptrahere
920 458 140 45 lineam
1017 458 84 45 in
1045 458 168 45 infinitum,

710 497 226 43 intelligitur
894 497 127 43 ipsum
979 497 141 43 ponere
1078 497 141 43 lineam
1162 497 57 43 in

711 535 203 52 quacunque
867 535 234 52 magnitudine
1039 535 125 52 velis.

745 576 87 50 In
788 576 145 50 numero
889 576 116 50 vero
962 576 174 50 opposito
1092 576 116 50 modo
1150 576 72 50 res

711 612 85 51 se
753 612 142 51 habet,
853 612 114 51 quam
924 612 85 51 in
967 612 213 51 magnitudine
1123 612 100 51 circa

713 652 104 52 hoc,
778 652 142 52 quoniam
881 652 142 52 numeius
985 652 91 52 non
1037 652 129 52 potest
1114 652 104 52 diuidi

712 692 77 38 in
751 692 181 38 infinitum:
893 692 103 38 quia
957 692 116 38 forma
1034 692 155 38 vnitatis
1151 692 90 38 in

712 729 152 42 terdicit,
829 729 105 42 atque
899 729 164 42 intersecat
1028 729 117 42 ipsam.
1110 729 82 42 est
1145 729 70 42 enim

711 768 238 42 indiuisibilis.
909 768 146 42 additio
1015 768 106 42 vero
1082 768 79 42 in
1121 768 79 42 eo
1148 768 66 42 est

717 810 121 40 possibis
808 810 60 40 in
838 810 141 40 infinitum.
949 810 91 40 Cuius
1009 810 71 40 rei
1050 810 71 40 cam
1090 810 81 40 est,
1140 810 81 40 quia
1181 810 40 40 in

704 847 190 44 erementum
851 847 88 44 in
895 847 190 44 infinitum
1041 847 88 44 in
1085 847 117 44 ipso
1144 847 73 44 nu-

709 893 109 37 mero
778 893 95 37 est
832 893 95 37 res
887 893 191 37 necessaria
1037 893 82 37 ex
1078 893 136 37 natura
1159 893 55 37 ma

713 925 127 49 teriae:
806 925 81 49 cum
852 925 81 49 cam
899 925 185 49 pluralitatis
1049 925 81 49 sit
1095 925 93 49 ipsa
1142 925 69 49 mate

705 964 116 50 ria,
778 964 218 50 quemadmodum
952 964 131 50 forma
1040 964 102 50 est
1098 964 102 50 cam
1141 964 73 50 vni

709 1005 116 45 tatis.
790 1005 58 45 &
814 1005 93 45 ideo
872 1005 127 45 desinit
964 1005 127 45 diuisio
1057 1005 69 45 in
1092 1005 93 45 ipso
1138 1005 81 45 nune-

713 1044 93 47 ro,
766 1044 93 47 cum
819 1044 133 47 fuerit
912 1044 106 47 ipsa
978 1044 119 47 forma
1058 1044 93 47 ea,
1111 1044 80 47 ob
1137 1044 80 47 quam

708 1080 138 48 definit
809 1080 151 48 diuisio.
922 1080 75 48 Ex
959 1080 88 48 his
1010 1080 100 48 ergo
1072 1080 113 48 patet
1148 1080 100 48 quod

706 1126 128 44 datur
791 1126 185 44 infinitum
934 1126 185 44 potentia,
1076 1126 71 44 &
1105 1126 100 44 quo
1148 1126 71 44 pa-

710 1161 96 49 cto
751 1161 179 49 reperiatur.

852 1205 136 45 Caput
927 1205 136 45 Sextum.

762 1237 118 46 &his
836 1237 162 46 igitur,
954 1237 118 46 quae
1028 1237 162 46 probata
1131 1237 89 46 sunt

714 1251 84 80 Dde
762 1251 120 80 natura
846 1251 145 80 infiniti
955 1251 72 80 in
991 1251 157 80 potentia,
1100 1251 120 80 videtrsl

719 1320 77 50 per
763 1320 88 50 eius
818 1320 142 50 definitio
927 1320 88 50 sibi
982 1320 121 50 congrua
1070 1320 77 50 est
1102 1320 110 50 scilicet

709 1355 87 55 quod
763 1355 76 55 est
807 1355 76 55 id,
850 1355 54 55 a
872 1355 87 55 quo,
926 1355 65 55 si
958 1355 130 55 capiatur
1055 1355 119 55 aliquid
1131 1355 76 55 actu,

709 1396 151 52 poterit
819 1396 110 52 capi
888 1396 124 52 adhuc
970 1396 151 52 semper,
1080 1396 69 52 &
1094 1396 124 52 iugiter

708 1436 177 50 aliquid
837 1436 145 50 extra
933 1436 113 50 ipm
998 1436 193 50 secundum
1126 1436 97 50 quan

709 1477 193 37 titatem.
854 1477 177 37 Diximus
982 1477 145 37 autem
1062 1477 161 37 secundum

708 1516 219 50 quantitatem,
886 1516 123 50 quia,
968 1516 150 50 propter
1077 1516 123 50 ipsam
1146 1516 68 50 pri

709 1549 121 45 uatur
789 1549 94 45 ipm
843 1549 94 45 ens
896 1549 174 45 sensibile
1030 1549 107 45 fine
1097 1549 80 45 in
1124 1549 94 45 diui-

712 1589 105 53 sione.
785 1589 115 53 diuisio
869 1589 84 53 enim
921 1589 84 53 quae
973 1589 73 53 sit
1015 1589 115 53 ratione
1088 1589 126 53 qualitatis

711 1638 95 36 est
766 1638 136 36 quidem
861 1638 150 36 finita:
970 1638 68 36 &
997 1638 123 36 ideo,
1079 1638 95 36 cum
1120 1638 95 36 diui-

711 1671 107 43 ditur
783 1671 83 43 res
830 1671 131 43 ratione
925 1671 179 43 quatitatis,
1068 1671 131 43 remanet
1152 1671 71 43 eius

707 1717 176 46 qualitas,
843 1717 68 46 &
870 1717 136 46 forma,
965 1717 81 46 vt
1006 1717 122 46 sunt.
1087 1717 109 46 quia
1142 1717 81 46 pars

705 1748 129 38 lineae
796 1748 91 38 est
847 1748 129 38 linea:
938 1748 91 38 sed
990 1748 142 38 diuisio
1094 1748 129 38 lineae
1171 1748 52 38 in

706 1788 111 50 suas
776 1788 153 50 species
887 1788 97 50 per
943 1788 111 50 suas
1012 1788 195 50 qualitates
1151 1788 70 50 est

713 1826 129 53 quidem
803 1826 142 53 finita,
907 1826 168 53 videlicet
1035 1826 142 53 diuisio
1139 1826 77 53 in
1164 1826 52 53 re

698 1869 144 37 ctam,
794 1869 80 37 &
826 1869 176 37 curuam,
953 1869 80 37 &
969 1869 176 37 arcuatam.
