1416 2066
174 181 141 45 lium.
268 181 172 45 mouetur
394 181 125 45 enim
472 181 157 45 animal
582 181 141 45 ipsum
660 181 47 45 a

195 229 145 45 seipso.
301 229 211 45 quoruncumque
472 229 119 45 autem
552 229 119 45 motus
618 229 79 45 prin

195 261 150 46 cipium
300 261 90 46 in
345 261 165 46 seipsis
465 261 105 46 est
525 261 120 46 haec
585 261 120 46 natura

200 308 160 38 dicimus
317 308 160 38 moueri.
434 308 204 38 quapropter
579 308 117 38 animal

196 349 174 38 quidem
317 349 156 38 totum
421 349 174 38 natura
543 349 156 38 ipsum
630 349 69 38 se

188 386 136 41 ipsum
279 386 152 41 mouet:
385 386 152 41 corpus
491 386 136 41 tamen
582 386 121 41 cont
642 386 61 41 in

190 426 111 50 git
253 426 79 50 &
285 426 174 50 natura,
411 426 79 50 &
443 426 174 50 praeter
554 426 142 50 naturam

186 469 172 37 moueri.
312 469 157 37 refert
421 469 125 37 enim
499 469 78 37 &
531 469 141 37 quali
609 469 94 37 motu

194 508 221 40 moueatur,
364 508 85 40 &
398 508 102 40 ex
449 508 153 40 quali
535 508 170 40 elemento

192 550 168 42 constet.
318 550 84 42 Et
360 550 140 42 eorum,
459 550 112 42 quae
529 550 84 42 ab
571 550 112 42 alio
627 550 70 42 mo-

196 590 174 44 uentur,
323 590 127 44 alia
402 590 158 44 quidem
513 590 190 44 mouentur
640 590 63 44 na

196 637 137 37 tura,
287 637 122 37 alia
363 637 122 37 vero
439 637 167 37 praeter
546 637 152 37 naturam.

194 674 169 48 Praeter
317 674 169 48 naturam
440 674 154 48 quidem
547 674 92 48 vt
578 674 123 48 terrea

194 712 190 43 sursum,
332 712 86 43 &
367 712 156 43 ignis
470 712 207 43 deorsum.
609 712 86 43 Am-

193 754 157 46 plius
297 754 157 46 autem
402 754 174 46 partes
506 754 192 46 animalium

195 795 148 39 saepe
293 795 198 39 mouentur
442 795 181 39 praeter
557 795 148 39 naturam

196 832 139 42 iuxta
288 832 232 42 positiones,
473 832 77 42 &
504 832 139 42 motus
582 832 124 42 modos.

238 901 172 61 Remanet
364 901 125 61 nunc
442 901 157 61 igitur
536 901 157 61 consyde-

196 949 128 45 rare,
281 949 128 45 vtrum
367 949 128 45 omnia
452 949 128 45 entia
537 949 114 45 sint
594 949 100 45 tali-

196 1003 253 39 dispositionis,
406 1003 84 39 vt
448 1003 196 39 moueantur,
603 1003 70 39 &
617 1003 84 39 quie

200 1045 114 58 scat:
276 1045 89 58 aut
327 1045 140 58 quaedam
429 1045 101 58 sint
492 1045 114 58 talis
555 1045 140 58 disponis,

194 1089 81 57 &
226 1089 178 57 quaedam
356 1089 211 57 quiescunt
518 1089 178 57 semper,
647 1089 81 57 &

191 1133 149 61 quaedam
299 1133 149 61 mouetur
407 1133 149 61 semper.
515 1133 95 61 hoc
569 1133 108 61 enim
623 1133 68 61 est

190 1180 125 61 quod
268 1180 171 61 oportet
393 1180 109 61 nos
455 1180 125 61 nunc
518 1180 171 61 declarare

197 1229 167 61 Dicamus
319 1229 167 61 igitur,
440 1229 122 61 quod
516 1229 183 61 mouetia,
638 1229 61 61 et

194 1285 134 49 mota
278 1285 184 49 mouent,
412 1285 84 49 &
445 1285 201 49 mouentur
579 1285 117 49 quae-

188 1323 111 55 dam
252 1323 111 55 per
315 1323 207 55 accidens,
474 1323 80 55 &
506 1323 175 55 quaedam
617 1323 80 55 per

189 1368 102 59 se.
248 1368 102 59 per
306 1368 175 59 accidens
437 1368 131 59 autem
525 1368 131 59 sicut
598 1368 102 59 omnia

196 1414 206 55 existentia
358 1414 88 55 in
402 1414 147 55 motis,
506 1414 103 55 aut
550 1414 147 55 mouenti-

189 1460 116 62 bus,
262 1460 73 62 &
291 1460 131 62 sicut
379 1460 146 62 illud,
481 1460 116 62 quod
553 1460 102 62 est
597 1460 102 62 quasi

189 1509 129 62 pars.
274 1509 100 62 Per
332 1509 86 62 se
374 1509 114 62 vero
446 1509 114 62 sunt
517 1509 143 62 omnia,
617 1509 114 62 quae

187 1565 183 38 mouent,
321 1565 117 38 aut
387 1565 217 38 mouentur,
554 1565 117 38 non
604 1565 100 38 quia

195 1613 183 45 exissunt
332 1613 92 45 in
378 1613 168 45 motore,
500 1613 107 45 aut
561 1613 92 45 in
591 1613 107 45 moto,

194 1661 100 37 nec
251 1661 115 37 quia
323 1661 115 37 pars
395 1661 129 37 eorum
481 1661 144 37 mouet,
581 1661 100 37 aut
624 1661 72 37 mo-

195 1708 158 46 uetur.
306 1708 142 46 Eorum
401 1708 158 46 autem,
511 1708 126 46 quae
575 1708 126 46 mouen-

189 1741 112 62 cur
253 1741 112 62 per
317 1741 112 62 se,
380 1741 175 62 quaedam
508 1741 191 62 mouentur
635 1741 64 62 ex

185 1788 107 62 se,
246 1788 76 62 &
276 1788 168 62 quaedam
398 1788 91 62 ex
444 1788 137 62 alio.
535 1788 91 62 Et
566 1788 137 62 istorum

718 180 182 59 quaedam
851 180 265 59 naturaliter,
1066 180 83 59 &
1083 180 165 59 quaedam.

725 228 202 55 violente,
881 228 78 55 &
912 228 140 55 extra
1006 228 187 55 naturam.
1146 228 125 55 quod

716 285 122 37 enim
792 285 168 37 mouetur
914 285 92 37 ex
960 285 107 37 se,
1021 285 168 37 mouetur
1128 285 107 37 natu-

717 322 178 56 raliter,
850 322 133 56 sicut
939 322 237 56 vnumquodque,
1117 322 118 56 anima-

715 365 142 56 lium.
810 365 158 56 animal
920 365 126 56 enim
999 365 174 56 mouetur
1126 365 95 56 ex
1157 365 79 56 se.

709 428 84 46 &
743 428 151 46 omne,
843 428 151 46 cuius
944 428 235 46 principium
1112 428 117 46 motus

715 461 100 46 est
772 461 85 46 in
814 461 100 46 eo,
871 461 157 46 dicitur
985 461 142 46 moueri
1070 461 157 46 naturali-

718 509 123 45 ter.
794 509 77 45 &
825 509 123 45 ideo
902 509 153 45 animal
1009 509 184 45 secundum
1132 509 107 45 totum

715 564 226 47 naturaliter
896 564 136 47 mouet
987 564 106 47 se:
1047 564 121 47 suum
1107 564 121 47 corpus

719 601 127 60 autem
804 601 183 60 possibile
945 601 99 60 est
1001 601 85 60 vt
1044 601 169 60 moueatur
1156 601 71 60 na-

719 650 191 41 turaliter,
869 650 68 41 &
897 650 123 41 extra
979 650 164 41 naturam.
1101 650 95 41 hoc
1142 650 82 41 enim

716 693 231 45 diuersatur
897 693 198 45 secundum
1046 693 165 45 motum,
1145 693 83 45 cui

715 740 201 62 contiugit
869 740 93 62 vt
916 740 186 62 moueatur
1055 740 170 62 secundu
1163 740 62 62 ip

711 788 139 54 sum,
798 788 87 54 &
832 788 209 54 secundum
989 788 244 54 elementum,
1163 788 70 54 ex

716 837 103 61 quo
775 837 206 61 contingit,
937 837 88 61 vt
981 837 250 61 constituatur.
1172 837 59 61 Et

717 882 123 57 illa,
799 882 109 57 quae
867 882 163 57 mouentur
990 882 82 57 ex
1031 882 136 57 aliis,
1112 882 123 57 quaedam

712 929 197 57 mouentur
859 929 262 57 naturaliter,
1072 929 82 57 &
1089 929 147 57 quaedam

715 981 143 38 extra
811 981 191 38 naturam.
954 981 143 38 Extra
1050 981 159 38 natura
1145 981 80 38 ve-

714 1021 89 61 ro
759 1021 103 61 est
818 1021 133 61 sicut
906 1021 133 61 motus
995 1021 177 61 corporum
1113 1021 118 61 terre-

718 1068 146 62 strium
821 1068 88 62 ad
865 1068 190 62 superius,
1011 1068 73 62 &
1041 1068 132 62 motus
1114 1068 117 62 ignis,

712 1117 98 46 ad
761 1117 212 46 inferius.
923 1117 98 46 Et
972 1117 163 46 membra
1070 1117 163 46 animalis

714 1173 144 38 etiam
810 1173 224 38 multotiens
986 1173 192 38 mouentur
1114 1173 112 38 extra

716 1212 133 54 suam
800 1212 183 54 naturam
933 1212 183 54 propter
1066 1212 150 54 modos
1150 1212 83 54 sui

717 1259 136 51 situs,
813 1259 95 51 aut
867 1259 150 51 propter
976 1259 136 51 partes
1071 1259 95 51 sui
1112 1259 109 51 motus.

765 1308 83 46 Cum
812 1308 165 46 declarauit
942 1308 95 46 quod
1002 1308 177 46 impossibile
1143 1308 83 46 est
1179 1308 47 46 vt

719 1357 128 29 motus
804 1357 142 29 primus
903 1357 113 29 sit,
974 1357 85 29 si
1016 1357 128 29 motus
1087 1357 142 29 aeternus

719 1391 80 43 non
764 1391 114 43 fuerit
844 1391 137 43 scilicet
947 1391 68 43 vt
981 1391 114 43 primus
1061 1391 80 43 sit
1107 1391 148 43 aeternus:

717 1421 75 51 &,
755 1421 75 51 si
793 1421 100 51 non,
856 1421 88 51 non
906 1421 100 51 erit
968 1421 138 51 primus:
1069 1421 63 51 &
1081 1421 151 51 declaratum

721 1460 75 46 em
759 1460 75 46 de
797 1460 188 46 dissolutioc
947 1460 138 46 quodnum
1035 1460 200 46 contingentium,

721 1497 74 50 quod
767 1497 101 50 necesse
840 1497 64 50 est
877 1497 55 50 vt
905 1497 74 50 ista
951 1497 147 50 perscrutatio
1071 1497 64 50 sit
1098 1497 129 50 vniversalis,

715 1533 87 52 ita,
770 1533 87 52 quod
824 1533 164 52 cognoscatur
955 1533 120 52 quomodo
1042 1533 76 52 est
1086 1533 98 52 dispo
1141 1533 87 52 omnium

717 1572 114 50 entium
796 1572 68 50 in
830 1572 80 50 hoc
876 1572 137 50 scilicet
979 1572 68 50 in
1013 1572 102 50 motu,
1081 1572 57 50 &
1104 1572 125 50 quiete,
1183 1572 46 50 in

719 1612 131 56 coepit
810 1612 196 56 perscrutari
967 1612 78 56 de
1007 1612 92 56 hoc
1059 1612 65 56 a
1072 1612 157 56 principio,

719 1646 69 50 &
747 1646 151 50 iterare
857 1646 261 50 perserutationem
1076 1646 82 50 de
1117 1646 96 50 reb
1158 1646 69 50 de-

720 1692 137 30 claratis
822 1692 114 30 prius.
902 1692 183 30 perscrutatio
1051 1692 91 30 enim
1108 1692 69 30 de
1143 1692 80 30 eis
1188 1692 69 30 in

721 1721 85 41 hoc
770 1721 98 41 loco
831 1721 85 41 est
879 1721 122 41 magis,
965 1721 146 41 propria.
1074 1721 61 41 &
1099 1721 110 41 istae
1160 1721 73 41 res,

720 1758 121 47 quando
805 1758 133 47 fuerint
901 1758 157 47 adiunctae
1022 1758 85 47 ci,
1071 1758 97 47 quod
1119 1758 109 47 declara

725 1792 82 58 tum
772 1792 82 58 est
819 1792 70 58 in
854 1792 105 58 primo
924 1792 117 58 istius
1005 1792 163 58 tractatus,
1122 1792 105 58 appare
