1416 2066
156 189 139 43 ageret
253 189 153 43 propter
365 189 167 43 aliquid,
490 189 111 43 quia
560 189 97 43 est
601 189 70 43 ex-

174 216 99 47 tra.
236 216 75 47 &,
273 216 87 47 cum
323 216 174 47 destructum
459 216 87 47 est
509 216 99 47 quod
571 216 112 47 actio
633 216 50 47 ex

175 254 139 44 trinseca
279 254 139 44 operatur
383 254 69 44 in
418 254 92 44 hoc,
476 254 81 44 non
522 254 81 44 est
557 254 127 44 dicituria

169 294 89 44 in
214 294 104 44 hoc
273 294 133 44 inter
362 294 148 44 artem,
465 294 74 44 &
480 294 148 44 naturam.

172 348 74 47 Ad
209 348 99 47 quam
270 348 124 47 causam
357 348 173 47 necessitas
493 348 74 47 in
530 348 111 47 rebus
592 348 86 47 natu-

223 389 164 53 ralibus
342 389 209 53 referatur.
507 389 119 53 Cap.
566 389 60 53 1.

255 445 133 53 Vod
331 445 171 53 autem
445 445 114 53 ex
483 445 209 53 necessita

240 474 119 73 Ite
308 474 119 73 est
376 474 153 73 vtrum
477 474 102 73 ex
511 474 170 73 supposi-

240 533 94 54 na
287 533 142 54 tione
382 533 126 54 sit,
461 533 94 54 an
508 533 79 54 &
524 533 157 54 simplici

161 572 140 55 ter.
248 572 140 55 Nunc
335 572 140 55 enim
422 572 227 55 opinantur
579 572 105 55 quod

167 617 88 53 ex
211 617 220 53 necessitate
387 617 103 53 est
446 617 117 53 esse
519 617 88 53 in
548 617 132 53 genera-

165 661 167 54 tione.
282 661 268 54 quemadmodum,
500 661 100 54 si
533 661 151 54 aliquis

163 700 153 46 murum
265 700 102 46 ex
316 700 256 46 necessitate
504 700 170 46 existima

171 750 96 45 ret
226 750 110 45 esse
295 750 151 45 factum,
405 750 151 45 quoniam
514 750 137 45 grauia
597 750 82 45 qui-

169 789 119 45 dem
237 789 188 45 deorsum
374 789 154 45 ferri
476 789 137 45 apta
544 789 137 45 natura

175 831 130 44 sunt,
261 831 130 44 leuia
348 831 130 44 autem
434 831 173 44 superne,
550 831 130 44 quapro-

166 873 143 50 pter
255 873 196 50 lapides
398 873 178 50 quidem
505 873 178 50 deorsum,

170 924 92 38 ac
216 924 229 38 fundamenta,
399 924 137 38 terra
490 924 137 38 autem
567 924 122 38 sursum

159 957 164 54 propter
279 957 209 54 leuitatem,
443 957 134 54 supra
533 957 134 54 autem
607 957 75 54 ma-

172 999 115 43 xime
243 999 143 43 ligna,
344 999 186 43 leuissima
487 999 115 43 enim
545 999 100 43 sunt.

219 1040 93 58 Et
265 1040 263 58 consyderandum
481 1040 108 58 est
543 1040 93 58 de
574 1040 108 58 nece,

176 1090 132 60 sitate
268 1090 106 60 vtru
334 1090 92 60 sit
387 1090 66 60 a
413 1090 185 60 positione,
558 1090 92 60 aut
598 1090 79 60 sim-

167 1133 195 62 pliciter.
317 1133 195 62 Opinantur
468 1133 120 62 enim
543 1133 120 62 quod
603 1133 75 62 ne-

171 1185 171 57 cessitas
299 1185 85 57 in
342 1185 213 57 &eneratione
512 1185 100 57 est
555 1185 128 57 secundi

168 1233 143 62 modum,
268 1233 86 62 si
311 1233 158 62 aliquis
426 1233 229 62 existimasset
598 1233 86 62 quod

165 1279 149 64 paries
269 1279 104 64 est
329 1279 223 64 necessario,
507 1279 119 64 quia
567 1279 119 64 grauia

155 1329 149 57 innata
259 1329 119 57 sunt
334 1329 208 57 descendere
497 1329 194 57 inferius,
631 1329 60 57 et

171 1375 140 59 leuia
264 1375 202 59 ascendere
419 1375 202 59 superius,
574 1375 78 59 &
589 1375 93 59 ide-

171 1426 194 62 lapides,
317 1426 81 62 &
349 1426 243 62 fundamentum
543 1426 113 62 est
592 1426 97 62 infe

167 1473 137 49 rius,
258 1473 167 49 tectum,
379 1473 76 49 &
410 1473 167 49 lateres
516 1473 167 49 superius,

171 1522 125 57 quia
249 1522 125 57 sunt
327 1522 187 57 leuiora,
468 1522 78 57 &
499 1522 140 57 supra
577 1522 109 57 omnia

173 1573 132 61 igna,
261 1573 117 61 quia
334 1573 117 61 sunt
393 1573 175 61 leuissima.

214 1629 91 50 Et,
266 1629 91 50 cum
318 1629 182 50 declarauit
461 1629 104 50 quod
526 1629 130 50 natura
604 1629 78 50 agit

167 1671 139 45 propter
268 1671 152 45 aliquid,
382 1671 63 45 &
407 1671 101 45 quod
470 1671 177 45 existentia
597 1671 88 45 finis

171 1705 89 41 in
216 1705 134 41 rebus
305 1705 239 41 naturalibus,
499 1705 75 41 &
514 1705 164 41 conuenien

171 1745 105 41 tia
231 1745 195 41 membrorum
381 1745 90 41 in
426 1745 150 41 salute
530 1745 135 41 entis
605 1745 75 41 na-

174 1788 158 39 turalis
288 1788 100 39 non
346 1788 100 39 est
403 1788 129 39 casu,
489 1788 72 39 &
518 1788 129 39 omnes
590 1788 86 39 Anti

177 1823 104 47 qui,
242 1823 156 47 dicentes
359 1823 130 47 causam
449 1823 182 47 materialem
579 1823 104 47 tanedu

173 1861 115 45 esse,
250 1861 153 45 nituntur
364 1861 76 45 ex
403 1861 102 45 illa
466 1861 140 45 reddere
568 1861 102 45 caus
619 1861 64 45 for

697 181 157 40 marum
801 181 87 40 &
836 181 227 40 actionum.
993 181 227 40 opinabantur

705 220 110 38 enim
774 220 110 38 quod
843 220 138 38 formae
939 220 179 38 sequuntur
1077 220 83 38 de
1105 220 110 38 neces-

701 258 131 40 sitate
793 258 144 40 naturam
898 258 171 40 materiae,
1029 258 66 40 &
1055 258 105 40 quod
1108 258 105 40 diuer-

703 295 126 44 sitas
787 295 126 44 earum
871 295 98 44 est
927 295 84 44 ex
969 295 210 44 diuerfitate
1123 295 84 44 mate

706 332 118 51 tiae.
785 332 118 51 ipsae
863 332 131 51 igitur
955 332 105 51 vult
1021 332 171 51 destruere
1139 332 79 51 hoc:

703 372 108 51 quoniam
782 372 79 51 ipse
831 372 138 51 opinabatur
940 372 118 51 econtra,
1029 372 118 51 scilicet
1117 372 79 51 quod
1157 372 49 51 ma-

699 408 134 42 teria
788 408 178 42 sequitur
922 408 163 42 formam,
1041 408 74 42 &
1070 408 149 42 dixit:
1160 408 59 42 Et

698 448 248 51 consyderandum
903 448 117 51 est,
976 448 102 51 &c.
1034 448 88 51 i.
1078 448 73 51 &
1092 448 117 51 consy-

699 486 172 44 derandum
828 486 100 44 est
885 486 86 44 de
928 486 215 44 necessitate
1086 486 129 44 existen

700 528 78 41 te
739 528 78 41 in
778 528 117 41 rebus
857 528 209 41 naturalibus,
1026 528 117 41 vtrum
1105 528 91 41 sit
1144 528 65 41 ex-

709 565 142 51 positione
818 565 120 51 formae,
905 565 131 51 scilicet
1003 565 98 51 quod,
1068 565 76 51 cum
1101 565 109 51 posueri-

702 613 95 37 mus
757 613 108 37 quod
824 613 122 37 forma
906 613 108 37 sit,
974 613 163 37 sequitur
1096 613 81 37 vt
1123 613 81 37 mate

704 645 104 38 rial
769 645 104 38 sit,
834 645 91 38 aut
886 645 182 38 necessitas
1030 645 169 38 inuenitur
1147 645 78 38 sim-

704 684 150 46 pliciter,
820 684 69 46 i.
855 684 69 46 ex
889 684 139 46 materia:
993 684 127 46 quoniam
1085 684 92 46 ista
1132 684 92 46 neces-

703 722 119 41 sitas
782 722 92 41 non
835 722 92 41 est
888 722 145 41 propter
993 722 159 41 aliquid,
1112 722 92 41 sed
1152 722 66 41 sim

710 761 162 49 pliciter,
834 761 75 49 i.
872 761 75 49 ex
909 761 75 49 se
947 761 87 49 non
996 761 75 49 ex
1034 761 112 49 alio.
1109 761 100 49 D.d.
1159 761 62 49 opi

703 804 131 46 nantur
795 804 105 46 enim
860 804 118 46 isti,
939 804 92 46 &c.
991 804 79 46 i.
1030 804 105 46 isti
1096 804 118 46 enim,
1161 804 66 46 qui

706 841 196 50 opinabantur
863 841 104 50 quod
928 841 183 50 necessitas
1071 841 91 50 est
1124 841 78 50 in
1150 841 65 50 ge-

697 884 189 50 neratione
843 884 175 50 generati
974 884 87 50 ex
1017 884 175 50 materia,
1134 884 87 50 simi

705 920 86 54 les
754 920 98 54 sunt
815 920 74 54 in
852 920 98 54 hoc,
913 920 98 54 quod
975 920 160 54 opinantur
1098 920 74 54 de
1122 920 86 54 rebus

704 961 208 42 naturalibus
870 961 111 42 eis,
940 961 97 42 qui
995 961 180 42 opinantur
1134 961 83 42 in
1162 961 55 42 re

701 1000 95 50 bus
756 1000 244 50 artificialibus
959 1000 109 50 quod
1027 1000 122 50 domus
1095 1000 122 50 genera-

707 1036 86 47 tur
756 1036 98 47 ita,
817 1036 98 47 quod
879 1036 123 47 fuerit
965 1036 172 47 custodiens
1100 1036 61 47 a
1112 1036 111 47 calore,

701 1077 69 55 &
729 1077 152 55 frigore
840 1077 83 55 ex
881 1077 221 55 necessitate,
1061 1077 111 55 quia
1116 1077 111 55 partes

703 1116 160 52 graues,
820 1116 116 52 quae
893 1116 116 52 sunt
965 1116 87 52 in
1009 1116 102 52 ea,
1052 1116 175 52 descendunt

701 1151 80 59 ex
741 1151 200 59 necessitate
901 1151 147 59 naturae
1008 1151 133 59 grauis
1088 1151 133 59 inferius

705 1194 66 40 &
731 1194 133 40 partes
824 1194 133 40 leues,
917 1194 106 40 quae
984 1194 106 40 sunt
1050 1194 80 40 in
1090 1194 93 40 ea,
1130 1194 93 40 ascen

703 1236 114 38 dunt
774 1236 85 38 de
817 1236 213 38 necessitate
987 1236 128 38 etiam
1073 1236 85 38 ex
1101 1236 114 38 natura

704 1273 133 50 leui,
793 1273 74 50 &
822 1273 148 50 partes
926 1273 148 50 mediae
1029 1273 177 50 existunt
1147 1273 74 50 me-

706 1312 183 51 diocriter,
850 1312 79 51 vt
889 1312 118 51 ligna
968 1312 183 51 sfuperius,
1112 1312 66 51 &
1125 1312 92 51 lapi-

706 1350 96 44 des
761 1350 178 44 inferius,
898 1350 68 44 &
925 1350 137 44 terra,
1021 1350 68 44 &
1049 1350 123 44 lutum
1131 1350 82 44 in
1158 1350 55 44 me

707 1390 111 52 dio.
776 1390 83 52 Et
818 1390 83 52 ex
859 1390 97 52 hoc
915 1390 152 52 exemplo
1025 1390 152 52 apparet
1136 1390 111 52 quod

710 1435 134 42 natura
803 1435 93 42 est
857 1435 147 42 similis
963 1435 120 42 arti.
1043 1435 93 42 qui
1097 1435 107 42 enim
1150 1435 67 42 di-

701 1477 98 45 cit
757 1477 112 45 quod
827 1477 112 45 homo
896 1477 181 45 generatur
1036 1477 84 45 ex
1078 1477 98 45 hac
1119 1477 98 45 gene-

705 1514 131 44 tione,
796 1514 105 44 quia
862 1514 144 44 necesse
966 1514 105 44 fuit
1032 1514 78 44 vt
1071 1514 131 44 partes
1150 1514 65 44 gra

705 1549 97 46 ues,
765 1549 97 46 quae
826 1549 97 46 sunt
886 1549 73 46 in
923 1549 85 46 eo,
971 1549 206 46 descenderent,
1140 1549 60 46 &
1153 1549 60 46 le-

706 1585 87 42 ues
755 1585 200 42 ascenderent,
918 1585 87 42 est
968 1585 112 42 sicut
1042 1585 87 42 qui
1092 1585 112 42 dicit
1155 1585 62 42 hoc

704 1625 83 41 in
746 1625 125 41 domo.
829 1625 69 41 &
857 1625 111 41 isti
926 1625 97 41 non
982 1625 153 41 euadunt
1093 1625 97 41 per
1135 1625 83 41 hunc

701 1662 172 54 sermonem
830 1662 86 54 ab
873 1662 115 54 esse
944 1662 115 54 casu
1016 1662 86 54 in
1045 1662 172 54 generatio-

702 1702 75 53 ne
740 1702 138 53 entium.
841 1702 151 53 quoniam,
953 1702 75 53 si
991 1702 126 53 partes
1079 1702 126 53 graues
1154 1702 63 53 de-

700 1742 186 44 scenderent
846 1742 80 44 in
885 1742 159 44 plantis,
1005 1742 66 44 &
1031 1742 186 44 animalibus
1164 1742 53 44 ex

705 1782 188 44 necessitate
855 1782 100 44 suae
917 1782 150 44 naturae,
1030 1782 63 44 &
1055 1782 113 44 seues
1117 1782 100 44 ascen-

703 1824 165 42 derent,
823 1824 120 42 tunc
898 1824 225 42 conueientia
1062 1824 150 42 actionum

701 1869 177 53 partium
829 1869 193 53 grauium,
974 1869 80 53 &
1006 1869 193 53 actionum
1135 1869 80 53 par
