1416 2066
192 188 169 46 sentimus
319 188 155 46 tempus,
431 188 141 46 quando
530 188 99 46 non
572 188 141 46 sentimus

214 237 154 45 motum:
322 237 77 45 &
352 237 123 45 quia
429 237 77 45 a
460 237 154 45 tempus
568 237 108 45 non
614 237 93 45 ima-

218 268 158 51 ginatur
333 268 115 51 sine
405 268 130 51 motu,
491 268 72 51 &
520 268 130 51 motus
592 268 115 51 potest

211 309 187 53 imaginari
354 309 129 53 extra
441 309 158 53 tempus,
541 309 173 53 significat

213 347 106 39 hoc,
279 347 106 39 quod
345 347 119 39 motus
424 347 172 39 praecedit
557 347 132 39 tempus
636 347 66 39 na-

212 384 163 43 turaliter,
340 384 58 43 &
364 384 93 43 quod
422 384 93 43 tpes
480 384 128 43 accidit
573 384 116 43 motui:
643 384 58 43 li-

212 423 90 46 cet
263 423 103 46 sint
328 423 205 46 consequentia
494 423 77 46 se
533 423 167 46 complete.
648 423 64 46 Et,

209 463 94 43 cum
262 463 121 43 dixit
343 463 107 43 quod
410 463 94 43 qui
463 463 94 43 non
517 463 134 43 sentit
598 463 107 43 motum,

212 501 95 45 non
266 501 135 45 sentit
360 501 149 45 tempus,
468 501 122 45 dedit
536 501 176 45 testimonium

220 541 73 53 le
256 541 97 53 hoc,
317 541 97 53 quod
378 541 133 53 dicitur
475 541 73 53 de
511 541 121 53 illis,
596 541 85 53 qui
632 541 73 53 dor-

209 581 166 53 mierunt
330 581 151 53 multis
435 581 151 53 annis,
541 581 75 53 &
571 581 106 53 non
616 581 91 53 per-

213 619 165 51 ceperunt.
340 619 101 51 isti
403 619 101 51 enim
467 619 89 51 cum
504 619 203 51 existimauerunt

217 657 98 51 per
273 657 153 51 instans
384 657 195 51 praecedens
538 657 112 51 suum
593 657 112 51 somnum

218 696 98 50 est
274 696 155 50 instans
387 696 183 50 secundum,
527 696 98 50 aut
583 696 127 50 prope
654 696 56 50 ip

216 741 123 37 sum:
292 741 123 37 quia
369 741 107 37 non
431 741 230 37 perceperunt
600 741 107 37 motum

214 775 108 43 inter
286 775 108 43 illa,
359 775 217 43 existimauerunt
539 775 96 43 quod
600 775 84 43 non
636 775 60 43 dor

211 817 160 41 mierunt,
331 817 94 41 aut
384 817 107 41 quod
451 817 187 41 dormierunt
585 817 120 41 modicum

214 861 109 38 D.d.
283 861 204 38 Quemadmodum
446 861 150 38 igitur,
555 861 95 38 &c.
610 861 68 38 &
623 861 82 38 hoc,

215 893 89 54 quod
271 893 67 54 d.
304 893 156 54 significat
426 893 89 54 quod
482 893 100 54 tpers
549 893 78 54 non
594 893 100 54 habet
649 893 67 54 esse

213 934 117 44 extra
291 934 130 44 aniam.
382 934 65 44 &
408 934 117 44 sermo
487 934 104 44 eius
539 934 169 44 intellectus

214 973 73 54 est
255 973 73 54 per
297 973 63 54 se
328 973 125 54 scilicet
422 973 115 54 quoniam
505 973 167 54 quemadmodum,
641 973 63 54 si
672 973 63 54 in

216 1012 115 57 stans
293 1012 128 57 fuerit
382 1012 115 57 idem,
459 1012 90 57 non
510 1012 102 57 fiet
574 1012 128 57 tempus
651 1012 64 57 om-

214 1054 118 49 nino,
293 1054 184 49 similiter,
437 1054 79 49 si
477 1054 223 49 reputauesimus
647 1054 66 49 ip-

214 1093 99 50 sum
270 1093 113 50 esse
341 1093 127 50 idem,
426 1093 99 50 non
483 1093 212 50 reputabimus
638 1093 71 50 tem

215 1129 89 48 pus
266 1129 127 48 fieri.
355 1129 114 48 sicut
431 1129 139 48 accidit
532 1129 114 48 illis
595 1129 114 48 homini-

209 1170 105 51 bus,
275 1170 105 51 quos
340 1170 79 51 d.
380 1170 66 51 &
406 1170 118 51 forte
485 1170 118 51 erant
564 1170 118 51 illi,
630 1170 79 51 quos

212 1211 176 39 Macumet
340 1211 208 39 numerauit
501 1211 96 39 in
533 1211 176 39 Alcorano,

210 1250 108 40 D.d.
277 1250 81 40 Si
317 1250 135 40 igitur
412 1250 94 40 nos
466 1250 94 40 non
506 1250 202 40 comprehenderi

214 1294 95 48 mus,
274 1294 83 48 &c.
321 1294 71 48 i.
357 1294 143 48 quoniam,
464 1294 83 48 cum
511 1294 83 48 nos
559 1294 83 48 non
594 1294 119 48 percepe-

212 1329 144 49 rimus,
312 1329 144 49 neque,
413 1329 258 49 imacinauerimus
614 1329 100 49 motum

217 1357 197 48 determinatum,
380 1357 139 48 scilicet
484 1357 128 48 finitum
577 1357 70 48 in
612 1357 81 48 duo
647 1357 58 48 ex-

205 1405 137 53 trema,
301 1405 96 53 sed
356 1405 261 53 existimauerimus
576 1405 110 53 quod
631 1405 82 53 nul-

218 1445 81 46 us
258 1445 121 46 motus
338 1445 94 46 est
392 1445 134 46 factus
486 1445 81 46 in
526 1445 134 46 nobis,
607 1445 94 46 neque

212 1485 72 50 in
248 1485 120 50 aliis,
332 1485 60 50 &
356 1485 96 50 quod
416 1485 84 50 nos
464 1485 108 50 sumus
536 1485 72 50 in
572 1485 96 50 esse
620 1485 84 50 indi-

213 1525 165 37 uisibili,
340 1525 114 37 tunc,
416 1525 140 37 accidet
518 1525 114 37 nobis
594 1525 101 37 tunc
645 1525 63 37 non

208 1565 157 46 sentire
322 1565 157 46 tempus.
436 1565 86 46 Et
479 1565 114 46 hoc,
551 1565 114 46 quod
608 1565 100 46 dixit

208 1601 218 41 multotiens
380 1601 171 41 accidit
489 1601 218 41 dormientibus

214 1645 167 37 multum:
335 1645 76 37 &
366 1645 137 37 etiam
457 1645 106 37 qui
518 1645 167 37 faciunt
624 1645 91 37 opus

214 1678 218 44 delectabile
389 1678 102 44 sit
447 1678 145 44 tempus
549 1678 102 44 eis
593 1678 116 44 breue:

214 1725 117 46 quia
288 1725 205 46 delectatio
449 1725 176 46 prohibet
581 1725 103 46 eos
625 1725 88 46 com-

216 1757 222 45 prehendere
391 1757 159 45 motum.
502 1757 79 45 &
518 1757 190 45 econtrario

218 1796 106 54 eis,
284 1796 93 54 qui
337 1796 173 54 laborant.
470 1796 66 54 &
497 1796 106 54 ideo
563 1796 120 54 dixit
629 1796 80 54 ver

197 1836 157 46 sificator.

766 184 128 53 Quod
846 184 160 53 igitur
958 184 144 53 neque
1053 184 160 53 motus,
1149 184 80 53 ne-

728 221 105 46 que
788 221 120 46 sine
863 221 120 46 motu
938 221 150 46 tempus
1044 221 120 46 est,
1104 221 135 46 manife-

729 264 122 49 stum
805 264 122 49 est.
882 264 229 49 Accipiendum
1065 264 107 49 est
1111 264 122 49 autem,

732 316 157 44 quoniam
846 316 185 44 quaerimus
988 316 114 44 quid
1060 316 100 44 est
1103 316 128 44 tempus,

722 349 127 54 hinc
802 349 286 54 incipientibus,
1040 349 175 54 quidnam
1151 349 80 54 ip-

725 394 125 40 sius
803 394 140 40 motus
897 394 125 40 sit.
974 394 140 40 simul
1068 394 125 40 enim
1130 394 109 40 motum

719 434 218 48 sentimus,
887 434 84 48 &
920 434 184 48 tempus.
1055 434 184 48 Etenim,
1172 434 67 48 si

726 478 116 52 sint
798 478 189 52 tenebrae,
943 478 87 52 et
987 478 131 52 nihil
1074 478 102 52 per
1117 478 116 52 corpus

726 532 229 38 patiamur,
903 532 159 38 motus
1009 532 159 38 autem
1097 532 141 38 quidam

718 564 97 46 in
766 564 145 46 anima
863 564 161 46 insit,
976 564 210 46 confestim
1121 564 113 46 simul

736 605 149 45 viveter
844 605 149 45 quoddam
952 605 135 45 factum
1046 605 135 45 fuisse
1141 605 81 45 et
1168 605 68 45 tem

730 652 96 44 pus.
790 652 72 44 at
826 652 96 44 vero
885 652 72 44 &,
921 652 84 44 cum
969 652 120 44 tempus
1053 652 143 44 videtali
1148 652 84 44 fuif-

721 693 97 56 se
769 693 195 56 aliquod,
916 693 146 56 simul
1013 693 81 56 &
1045 693 146 56 motus
1127 693 97 56 qui-

727 732 102 46 dam
786 732 145 46 fuisse
887 732 145 46 vietur
989 732 131 46 quare
1077 732 102 46 aut
1120 732 102 46 motus

719 780 108 50 aut
780 780 139 50 motus
873 780 169 50 aliquid
996 780 108 50 est
1058 780 154 50 tpeos.
1150 780 77 50 cum

730 821 150 50 igitur
835 821 105 50 non
895 821 105 50 sit
955 821 150 50 motus,
1061 821 165 50 necesse
1166 821 75 50 est

722 861 147 54 motus
820 861 180 54 aliquid
950 861 131 54 esse
1015 861 131 54 ipsum,

758 904 217 64 Manifestum
929 904 109 64 est
991 904 155 64 igitur
1100 904 124 64 quod
1162 904 78 64 tem

727 962 98 52 pus
783 962 98 52 non
839 962 98 52 est
894 962 139 52 motus,
992 962 139 52 neque,
1090 962 125 52 extra
1159 962 70 52 mo-

723 998 127 53 tum.
802 998 111 53 Et,
866 998 111 53 cum
929 998 158 53 nostra
1039 998 190 53 intentio
1166 998 79 53 est

732 1056 183 59 definire
869 1056 168 59 tempus,
991 1056 168 59 ponemus
1098 1056 137 59 princi-

723 1100 120 58 pium
798 1100 286 58 consyderationis
1039 1100 90 58 ex
1084 1100 105 58 hoc
1129 1100 105 58 loco.

726 1148 226 66 cosyderemus
907 1148 151 66 igitur
1013 1148 121 66 quid
1088 1148 106 66 sit
1148 1148 91 66 de
1179 1148 60 66 mo

723 1197 112 46 tu.
787 1197 175 46 quoniam
914 1197 175 46 insimul
1042 1197 191 46 sentimus
1169 1197 64 46 mo

729 1244 92 65 tu,
781 1244 78 65 et
820 1244 131 65 tpens.
912 1244 157 65 Quoniam,
1030 1244 78 65 si
1069 1244 157 65 fuerimus
1187 1244 78 65 in

727 1292 175 62 obscuro,
859 1292 73 62 &
888 1292 132 62 nihil
976 1292 190 62 acciderit
1107 1292 132 62 nostris

722 1341 216 62 corporibus,
895 1341 101 62 sed
952 1341 86 62 in
995 1341 130 62 anima
1082 1341 144 62 nostra
1168 1341 58 62 a-

727 1388 161 70 ciderit
845 1388 161 70 aliquis
962 1388 147 70 motus,
1065 1388 147 70 statim
1153 1388 88 70 repu

721 1437 163 61 tabimus
840 1437 104 61 tps
899 1437 148 61 fieri.
1002 1437 74 61 &
1032 1437 192 61 similiter
1165 1437 59 61 et

724 1488 98 63 cum
780 1488 196 63 sciuerimus
934 1488 154 63 aliquod
1045 1488 126 63 tpeos
1115 1488 112 63 fieri-

726 1536 172 64 statim
846 1536 259 64 reputabimus
1053 1536 190 64 aliquem
1174 1536 69 64 mo

725 1586 100 48 tum
782 1586 143 48 fieri.
882 1586 86 48 ex
925 1586 100 48 quo
982 1586 171 48 sequitur
1110 1586 114 48 quod
1168 1586 71 48 tem

723 1634 118 59 pus,
797 1634 103 59 aut
856 1634 103 59 est
915 1634 148 59 motus,
1019 1634 103 59 aut
1078 1634 162 59 aliquid
1181 1634 59 59 mo

728 1684 114 58 tus.
799 1684 85 58 &,
841 1684 85 58 cu
884 1684 99 58 non
941 1684 99 58 sit
998 1684 142 58 motus,
1083 1684 156 58 sequitur,

721 1730 207 64 necessario
884 1730 89 64 vt
929 1730 104 64 sit
988 1730 163 64 aliquid
1092 1730 119 64 motus.

765 1796 94 46 Cum
818 1796 189 46 declarauit
967 1796 108 46 quod
1034 1796 135 46 tempus
1128 1796 94 46 non
1169 1796 67 46 est

728 1836 145 46 motus,
829 1836 131 46 neque
916 1836 131 46 extra
1003 1836 145 46 motum,
1090 1836 145 46 notifica

726 1876 96 47 uit
781 1876 109 47 hoc,
849 1876 68 47 &
877 1876 137 47 dixit,
972 1876 109 47 quod
1041 1876 150 47 necesse
1150 1876 96 47 est
1191 1876 55 47 ex
