1416 2066
171 181 134 45 autem
261 181 149 45 habere
365 181 194 45 scientiam
499 181 194 45 necessarium

184 221 115 53 est.
256 221 158 53 Amplius
371 221 129 53 autem
457 221 101 53 his
514 221 129 53 magis
586 221 101 53 irra-

185 260 165 53 tionabile
312 260 101 53 est,
375 260 101 53 quod
439 260 152 53 accidit,
553 260 101 53 omne
603 260 89 53 moti-

185 308 98 39 uum
241 308 112 39 esse
311 308 154 39 mobile,
423 308 84 39 si
466 308 126 39 omne,
550 308 112 39 quod
606 308 84 39 moue

178 339 115 47 tur,
249 339 86 47 ab
293 339 101 47 eo,
350 339 115 47 quod
422 339 172 47 mouetur,
537 339 158 47 moueatur.

185 388 103 38 erit
249 388 103 38 enim
314 388 142 38 mobile.
417 388 90 38 vt.
468 388 77 38 si
507 388 142 38 aliquis
597 388 90 38 dicat

185 425 110 50 quod
254 425 110 50 omne
323 425 179 50 sanatiuum
461 425 69 50 &
488 425 152 50 sanans,
599 425 69 50 &
612 425 83 50 sana

181 461 109 46 bile
250 461 123 46 erit:
331 461 68 46 &
359 461 232 46 aedifieatiuum
536 461 150 46 aedifica-

176 505 128 54 bile,
261 505 99 54 aut
318 505 156 54 statim,
431 505 99 54 aut
488 505 99 54 per
544 505 142 54 plura.
629 505 57 54 di

180 544 90 43 co
225 544 149 43 autem,
329 544 105 43 vt,
389 544 90 43 si
434 544 149 43 mobile
539 544 149 43 quidem
628 544 60 43 ab

178 588 115 38 alio
250 588 101 38 est
307 588 115 38 omne
379 588 173 38 motiuum,
509 588 101 38 sed
567 588 101 38 non
610 588 72 38 se.

178 626 160 41 cundum
290 626 160 41 eundem
402 626 144 41 motum
498 626 176 41 mobile,
610 626 80 41 quo

176 672 124 50 mouet
259 672 206 50 propinquum,
423 672 96 50 sed
478 672 165 50 secundum
588 672 96 50 alte-

187 709 108 38 rum.
254 709 81 38 vt
295 709 176 38 sanatiuum
430 709 189 38 discibile.
578 709 95 38 sed
619 709 68 38 hoc

182 748 231 46 ascendendo
363 748 215 46 perueniet
512 748 182 46 aliquando

181 796 103 38 ad
232 796 172 38 eandem
353 796 206 38 speciem,
507 796 103 38 vt
541 796 155 38 diximus

182 829 157 47 prius:
292 829 172 47 Alterum
417 829 157 47 igitur
527 829 141 47 horum
606 829 78 47 im-

188 876 179 47 possibile
326 876 110 47 est,
395 876 152 47 alterum
506 876 124 47 autem
575 876 110 47 figmen

190 910 103 45 tum.
254 910 206 45 inconueniens
422 910 103 45 enim
486 910 90 45 est
525 910 167 45 alteratiuum

186 949 239 46 augmentabile
380 949 89 46 ex
425 949 224 46 necessitate
589 949 104 46 esse.

228 1005 82 58 Et
269 1005 137 58 postea
365 1005 82 58 si
406 1005 123 58 motor
488 1005 96 58 non
543 1005 123 58 mouet
625 1005 96 58 per

185 1045 168 50 accides,
311 1045 98 50 sed
367 1045 210 50 necessario:
535 1045 70 50 &
563 1045 84 50 si
605 1045 84 50 no
633 1045 56 50 mo

182 1092 144 55 uetur,
282 1092 100 55 non
340 1092 144 55 mouet:
440 1092 172 55 sequitur
555 1092 129 55 necessa

181 1149 104 37 rio
241 1149 89 37 si
285 1149 134 37 moto:
374 1149 178 37 mouetur,
508 1149 89 37 vt
538 1149 148 37 moueatur

183 1182 101 52 aut
240 1182 115 52 illo
312 1182 130 52 eodem
399 1182 115 52 modo
471 1182 101 52 quo
528 1182 144 52 mouet,
615 1182 72 52 aut

182 1229 125 61 alio.
266 1229 112 61 v.g.
335 1229 98 61 aut
391 1229 84 61 vt
433 1229 209 61 calefaciens
586 1229 98 61 ipsum

189 1276 182 54 ealesiat
326 1276 152 54 ipsum:
432 1276 76 54 &
462 1276 137 54 sanas
553 1276 137 54 ipsum
629 1276 61 54 sa

183 1332 153 46 netur:
290 1332 77 46 &
321 1332 138 46 ipsum
412 1332 230 46 transferens
581 1332 107 46 trans

188 1370 169 56 feratur,
315 1370 99 56 aut
371 1370 85 56 vt
413 1370 211 56 trasferatur
568 1370 113 56 sanas.

188 1418 72 60 &
216 1418 159 60 sanetur
332 1418 217 60 transferes,
506 1418 101 60 aut
564 1418 87 60 vt
593 1418 87 60 aut,

189 1461 197 61 mentetur.
340 1461 106 61 Sed
401 1461 212 61 manifestum
568 1461 106 61 est
613 1461 76 61 hoc

192 1509 115 63 esse
263 1509 229 63 impossibile.
449 1509 158 63 necesse
564 1509 100 63 est
607 1509 86 63 enim

189 1556 86 58 vt
232 1556 159 58 diuisio
347 1556 187 58 perueniat
491 1556 86 58 ad
520 1556 173 58 indiuidua,

193 1604 101 63 vg.
250 1604 116 63 quod
323 1604 101 63 qui
380 1604 116 63 scit
453 1604 202 63 Geometriam
597 1604 87 63 ali-

181 1653 129 46 cuius
267 1653 115 46 rei:
339 1653 172 46 addiscit
468 1653 201 46 Oeometriam
611 1653 72 46 il-

188 1696 121 58 lius
263 1696 166 58 eiusdem
384 1696 121 58 rei:
459 1696 75 58 &
489 1696 121 58 quod
549 1696 136 58 proucit

187 1741 163 61 aliquid,
310 1741 191 61 pronicitur
460 1741 109 61 illo
528 1741 109 61 modo
582 1741 109 61 prote-

182 1789 188 61 ctionis.
323 1789 109 61 Aut
386 1789 94 61 vt
432 1789 109 61 non
495 1789 109 61 sit
542 1789 156 61 secundum

705 172 133 62 hunc
789 172 167 62 modum:
905 172 117 62 sed
972 172 250 62 vnumquodque
1156 172 83 62 mo-

702 227 144 55 uetur
798 227 192 55 secundum
942 227 240 55 vnumquodque
1117 227 112 55 gene,

704 268 123 64 rum.
780 268 92 64 v.
826 268 92 64 g:
872 268 92 64 vt
918 268 230 64 transferent
1087 268 138 64 augmen-

704 318 171 60 tetur:
824 318 86 60 &
858 318 240 60 augmentans
1029 318 189 60 alteretur

707 365 95 58 ab
755 365 173 58 aliquo:
881 365 79 58 &
912 365 173 58 alteras
1038 365 142 58 istud
1117 365 110 58 mouea

715 405 87 61 tur
764 405 100 61 alio
827 405 112 61 modo.
901 405 87 61 sed
951 405 75 61 si
988 405 87 61 hoc
1038 405 137 61 fuerit,
1125 405 100 61 contin

705 457 99 58 get
761 457 85 58 vt
804 457 127 58 motus
888 457 155 58 cesset.
1001 457 113 58 modi
1071 457 113 58 enim
1127 457 99 58 motus

710 493 110 69 sunt
779 493 152 69 finiti.
890 493 83 69 Si
931 493 97 69 aut
986 493 152 69 aliquis
1083 493 138 69 dixerit,

713 548 115 60 quod
785 548 101 60 hoc
842 548 231 60 reciprocatur
1030 548 115 60 ita,
1102 548 115 60 quod
1159 548 58 60 al

705 597 145 60 terans
806 597 246 60 transferatur:
1008 597 116 60 tunc
1080 597 116 60 erit
1138 597 87 60 ser-

702 641 81 60 mo
743 641 109 60 illi
811 641 149 60 similis
920 641 81 60 si
960 641 149 60 dixerit
1069 641 81 60 de
1096 641 122 60 princi-

714 689 105 57 nio
774 689 120 57 quod
849 689 240 57 transfertur:
1044 689 75 57 &
1074 689 150 57 sciens
1164 689 60 57 ad

705 733 146 66 discit.
811 733 173 66 manifestu
944 733 93 66 est
997 733 106 66 enim
1064 733 106 66 quod
1130 733 80 66 oe
1157 733 53 66 mo

701 781 90 67 tu
746 781 90 67 et
791 781 165 67 mouetur
911 781 75 67 a
941 781 150 67 motore
1032 781 180 67 superiori-

708 830 83 58 &
742 830 167 58 maxime
858 830 83 58 a
892 830 150 58 primo
992 830 200 58 mouetiu:
1142 830 117 58 Sed

713 877 93 46 hoc
766 877 93 46 est
819 877 212 46 impossibile.
991 877 159 46 sequitur
1111 877 106 46 enim
1164 877 53 46 vt

707 933 141 45 docens
805 933 169 45 addiscat
932 933 141 45 illud:
1030 933 84 45 de
1072 933 127 45 cuius
1143 933 70 45 quo

708 968 118 58 dam
775 968 118 58 non
843 968 151 58 habet
944 968 236 58 scientiam:
1129 968 84 58 &
1146 968 67 58 de

707 1013 138 61 quodam
804 1013 111 61 hbet
873 1013 180 61 scientia.
1012 1013 83 61 Et
1053 1013 125 61 magis
1122 1013 97 61 ipro-

704 1060 132 62 babile
796 1060 118 62 etiam
875 1060 92 62 est
928 1060 105 62 hoc,
993 1060 105 62 quod
1059 1060 158 62 sequitur
1164 1060 53 62 ex

711 1108 113 62 hoc:
782 1108 85 62 vt
824 1108 85 62 oe
867 1108 113 62 quod
938 1108 142 62 innatu
1037 1108 99 62 est
1079 1108 128 62 mouere,

709 1156 98 57 sit
765 1156 155 57 innatum
878 1156 155 57 moueri:
990 1156 84 57 si
1032 1156 84 57 oc
1074 1156 112 57 quod
1145 1156 98 57 mo

702 1212 163 38 uetur,
816 1212 195 38 moueatur
962 1212 81 38 a
995 1212 163 38 motore
1092 1212 114 38 moto.

709 1249 93 66 Hoc
762 1249 107 66 enim
829 1249 93 66 est
882 1249 133 66 simile
975 1249 160 66 sermoni:
1082 1249 133 66 dicenti,

703 1298 122 62 quod
779 1298 92 62 oe
825 1298 122 62 quod
901 1298 168 62 innatum
1024 1298 107 62 est
1069 1298 138 62 sanare,

701 1351 103 51 est
760 1351 147 51 innatu
863 1351 162 51 sanari:
981 1351 74 51 &
1010 1351 118 51 omne
1084 1351 118 51 quod
1142 1351 74 51 est

702 1388 133 62 innatu
795 1388 199 62 aedificare,
954 1388 93 62 est
1007 1388 146 62 innatum
1100 1388 119 62 aedifi-

703 1437 124 45 cari
780 1437 108 45 aut
842 1437 93 45 ex
888 1437 154 45 primo,
996 1437 108 45 aut
1058 1437 108 45 per
1104 1437 108 45 plura

699 1485 150 44 media.
804 1485 90 44 v.
849 1485 90 44 g.
894 1485 120 44 quod
968 1485 120 44 omne
1043 1485 120 44 quod
1103 1485 105 44 inna-

705 1529 107 57 tum
766 1529 107 57 est
827 1529 168 57 mouere,
949 1529 168 57 innatum
1071 1529 107 57 est
1117 1529 92 57 moue

700 1573 84 62 ri
742 1573 84 62 ab
784 1573 126 62 alio.
867 1573 98 62 sed
923 1573 126 62 motus
1007 1573 98 62 quo
1063 1573 139 62 innatu
1146 1573 70 62 est

703 1621 154 62 moueri
811 1621 185 62 secundum
950 1621 154 62 ipsum,
1058 1621 93 62 no
1104 1621 108 62 est
1150 1621 62 62 mo

703 1668 130 59 tus,
784 1668 196 59 secundum
931 1668 130 59 quem
1012 1668 179 59 innatum
1127 1668 82 59 est

700 1717 156 53 moueri
810 1717 125 53 suum
888 1717 172 53 compar,
1013 1717 109 53 sed
1075 1717 141 53 alius
1154 1717 63 53 mo

705 1763 108 63 tus.
773 1763 81 63 v.
814 1763 81 63 g.
854 1763 108 63 quod
922 1763 122 63 illud
1003 1763 108 63 quod
1070 1763 135 63 innatu
1151 1763 68 63 est
