1416 2066
136 172 93 30 niam.
197 172 82 30 quia
249 172 124 30 numerus,
342 172 134 30 inquantum
445 172 113 30 numerus
527 172 82 30 est,
579 172 72 30 aut
610 172 52 30 est

142 201 89 41 actu
197 201 155 41 numeratus,
319 201 78 41 aut
364 201 144 41 potentia.
475 201 55 41 &
497 201 144 41 quocumque
596 201 67 41 su

139 233 93 33 matur
201 233 104 33 semper
273 233 124 33 dependet
367 233 62 33 ab
398 233 93 33 anima
460 233 73 33 suo
501 233 93 33 modo,
564 233 62 33 vt
584 233 73 33 dixi-

138 266 58 32 &
162 266 93 32 ideo
220 266 128 32 numerus
313 266 105 32 extra
383 266 117 32 animam
465 266 82 32 non
512 266 105 32 habet
570 266 82 32 vnita

147 295 75 36 tem
190 295 64 36 in
222 295 96 36 actu,
286 295 75 36 sed
329 295 64 36 in
361 295 128 36 potentia
457 295 117 36 seclusa
532 295 128 36 operatione

142 329 109 33 animae,
221 329 69 33 pro
261 329 99 33 quanto
331 329 89 33 extra
390 329 99 33 animam
460 329 79 33 sunt
509 329 119 33 vnitates
598 329 60 33 in
618 329 40 33 di

138 356 69 38 uer
177 356 69 38 sis
217 356 137 38 subiectis,
324 356 78 38 quae
373 356 117 38 numerari
461 356 117 38 possunt,
549 356 49 38 &
559 356 98 38 efficere

142 393 97 33 vnum
202 393 133 33 numerum
299 393 73 33 in
336 393 109 33 actu,
409 393 85 33 aut
457 393 73 33 in
493 393 145 33 potentia
590 393 73 33 nume

139 429 111 30 rabilem
220 429 61 30 ab
250 429 101 30 anima,
321 429 111 30 vandali
402 429 111 30 numerus
483 429 91 30 decem
544 429 101 30 hoium,
604 429 51 30 se-

144 453 99 38 cluso
210 453 99 38 opere
276 453 110 38 animae
353 453 154 38 numerantis
475 453 66 38 in
508 453 99 38 actu,
574 453 77 38 est
607 453 55 38 nu-

138 486 115 36 merus
215 486 192 36 numerabilis
369 486 77 36 in
407 486 154 36 potentia
522 486 64 36 &
548 486 77 36 si
573 486 90 36 anima

139 515 88 33 non
190 515 113 33 esset
265 515 188 33 numeratiua,
415 515 113 33 adhuc
490 515 100 33 ille
540 515 113 33 numerus

138 545 78 33 non
182 545 100 33 esset
249 545 177 33 numerabilis.
393 545 78 33 sed
437 545 100 33 solum
504 545 111 33 essent
570 545 89 33 vnita-

143 578 72 32 tes
184 578 92 32 illae
245 578 133 32 absolute,
348 578 102 32 quarum
419 578 133 32 quaelibet
522 578 92 32 esset
583 578 61 32 in
604 578 51 32 vno

143 612 69 30 ex
178 612 104 30 illis
247 612 115 30 decem,
328 612 81 30 sed
374 612 81 30 non
421 612 104 30 extra
490 612 115 30 animam
559 612 104 30 numerus

140 642 166 41 numerabilis
273 642 78 41 est
317 642 122 41 aliquid
406 642 111 41 accuns
484 642 155 41 subiectiue
594 642 67 41 exi-

142 671 102 35 stens
209 671 68 35 in
243 671 102 35 rebus
311 671 158 35 numeratis,
435 671 79 35 sed
480 671 102 35 pcise
548 671 79 35 nil
582 671 79 35 aliud

149 704 74 34 est,
195 704 74 34 nisi
241 704 111 34 vnitates
324 704 83 34 illae
380 704 92 34 rerum,
444 704 74 34 quae
491 704 111 34 numerari
565 704 92 34 possunt.

141 733 73 37 Sic
182 733 105 37 igitur
256 733 115 37 decepti
339 733 84 37 sunt
392 733 84 37 isti
444 733 94 37 viri,
507 733 84 37 quia
548 733 105 37 credide-

146 766 92 36 runt
204 766 127 36 numerum
296 766 138 36 formalem
400 766 92 36 esse
458 766 115 36 accuns
527 766 127 36 absolutum

146 799 168 35 distinctum
278 799 60 35 a
302 799 108 35 rebus
374 799 168 35 numeratis,
507 799 60 35 &
519 799 144 35 subiectiue

147 837 135 25 existens
248 837 68 25 in
282 837 101 25 rebus
350 837 158 25 numeratis,
474 837 101 25 licet
530 837 124 25 diuersis,

144 859 50 31 &
164 859 60 31 in
194 859 131 31 quacumque
295 859 131 31 distantia
396 859 171 31 existentibus.
537 859 71 31 sed
577 859 71 31 non
608 859 50 31 est

150 892 73 31 ita
191 892 73 31 per
233 892 94 31 vitam
296 892 94 31 meam,
358 892 73 31 imo
400 892 84 31 esse
452 892 104 31 numeri
525 892 94 31 extra
578 892 84 31 animam

145 922 79 42 est
190 922 68 42 in
224 922 135 42 potentia
325 922 90 42 modo
381 922 124 42 pdicto,
472 922 56 42 &
494 922 79 42 non
539 922 79 42 est
573 922 79 42 aliud

144 956 81 38 nisi
194 956 81 38 res,
245 956 81 38 quae
296 956 121 38 numerari
387 956 121 38 possunt.
478 956 81 38 vnde
528 956 121 38 numerus,
609 956 51 38 qui

144 988 97 30 dicit
209 988 108 30 accfis
285 988 151 30 distinctum
404 988 54 30 &
425 988 151 30 abstractum
544 988 54 30 a
566 988 97 30 rebus
620 988 43 30 nu

141 1020 145 30 meratis,
250 1020 85 30 est
298 1020 133 30 numerus
395 1020 206 30 mathematicus:
564 1020 60 30 &
576 1020 85 30 illae

138 1046 72 36 est
179 1046 62 36 in
210 1046 93 36 anima
272 1046 62 36 in
303 1046 83 36 esse
355 1046 186 36 abstractionis,
509 1046 52 36 &
530 1046 72 36 non
571 1046 83 36 est.
613 1046 41 36 in

148 1079 98 35 rebus
214 1079 153 35 numeratis,
334 1079 98 35 sicut
400 1079 98 35 accns
465 1079 66 35 in
498 1079 142 35 subiecto,
596 1079 55 35 sed

140 1112 88 31 solum
199 1112 107 31 dicitur
277 1112 78 31 esse
326 1112 59 31 in
355 1112 68 31 eis
394 1112 68 31 per
433 1112 176 31 denominationem
569 1112 88 31 extrin-

144 1142 89 33 secam
203 1142 79 33 quia
253 1142 59 33 ex
282 1142 69 33 quo
322 1142 89 33 anima
381 1142 69 33 per
420 1142 89 33 talem
470 1142 187 33 numerumabstractum

145 1174 63 32 in
177 1174 85 32 ipsa
230 1174 148 32 existentem
346 1174 116 32 numerat
431 1174 95 32 illas
494 1174 85 32 res,
547 1174 63 32 ex
579 1174 74 32 hoc
610 1174 53 32 il-

142 1205 73 33 lae
183 1205 73 33 res
225 1205 167 33 denominantur
361 1205 146 33 numeratae.
476 1205 157 33 animaduerte
591 1205 63 33 igit

141 1238 54 36 &
163 1238 98 36 bamen
228 1238 152 36 consydera,
348 1238 87 36 quia
402 1238 98 36 pauci
467 1238 120 36 admodum
543 1238 120 36 potuerunt

139 1268 129 41 ptingere
236 1268 64 41 ad
268 1268 97 41 haec.
332 1268 118 41 Aduerte
418 1268 97 41 tamen
482 1268 64 41 in
515 1268 75 41 hoc
547 1268 107 41 tractatu

139 1300 123 39 maximam
228 1300 89 39 esse
284 1300 156 39 discordiam
407 1300 101 39 inter
474 1300 123 39 Graecos
552 1300 101 39 exposi-

151 1337 91 31 tores
212 1337 51 31 &
232 1337 91 31 Auer,
293 1337 81 31 quia
343 1337 101 31 Graeci
414 1337 111 31 volunt,
495 1337 91 31 licet
556 1337 81 31 Ari.
596 1337 61 31 dixe

143 1368 67 36 rit
182 1368 95 36 tamens
248 1368 76 36 esse
296 1368 124 36 passionem
392 1368 105 36 quadam,
468 1368 57 36 s&
497 1368 86 36 hitum
554 1368 95 36 motus,
611 1368 48 36 per

145 1396 127 38 passionem
243 1396 68 38 non
282 1396 137 38 intelligit
389 1396 78 38 quod
438 1396 68 38 sit
477 1396 98 38 passio
546 1396 117 38 alicuius
624 1396 39 38 mo

145 1424 77 39 to,
189 1424 77 39 vel
233 1424 110 39 omnium
310 1424 110 39 motuum
387 1424 77 39 per
432 1424 198 39 informationem,
586 1424 77 39 sicut

134 1456 95 35 vult
193 1456 95 35 Com.
253 1456 95 35 quod
312 1456 83 35 est
359 1456 118 35 passio
442 1456 71 35 vt
477 1456 107 35 foria
537 1456 118 35 respectu

151 1492 91 30 rimi
207 1492 113 30 motus:
287 1492 91 30 immo
343 1492 113 30 volunt
422 1492 91 30 quod
479 1492 136 30 quiditas
570 1492 79 30 tpris

142 1521 85 33 est
190 1521 134 33 numerus
288 1521 158 33 numeratus
409 1521 134 33 prioris
506 1521 61 33 &
518 1521 134 33 pristerio

140 1554 76 39 ris
183 1554 108 39 omnium
259 1554 119 39 motuum,
345 1554 97 39 licet
410 1554 76 39 hoc
453 1554 173 39 principalitr
582 1554 76 39 veri-

139 1587 124 31 ficetur
229 1587 68 31 de
263 1587 113 31 primo.
342 1587 90 31 Vnde
398 1587 113 31 Themi.
477 1587 79 31 sic
522 1587 124 31 exponit
601 1587 56 31 te.

148 1620 69 30 to.
188 1620 79 30 132.
237 1620 69 30 vbi
277 1620 99 30 Arist.
346 1620 99 30 quaent
416 1620 89 30 vtrum
475 1620 89 30 tpens
535 1620 69 30 sit
565 1620 89 30 numerus

142 1649 139 33 cuiusdam
247 1649 104 33 motus
316 1649 70 33 an
351 1649 174 33 cuiuslibet.
491 1649 58 33 &
514 1649 81 33 sub
560 1649 81 33 hoc
595 1649 58 33 in-

140 1678 97 42 tellu
205 1678 130 42 procedit
302 1678 151 42 digressio,
421 1678 119 42 quomodo
508 1678 76 42 non
551 1678 86 42 sunt
594 1678 65 42 plu-

144 1706 66 40 ta
177 1706 110 40 tpera,
254 1706 77 40 sed
298 1706 110 40 volunt
375 1706 88 40 quod
430 1706 88 40 tpes
485 1706 99 40 habet
540 1706 121 40 mensurare

138 1742 83 37 oem
186 1742 119 37 motum,
269 1742 59 37 &
293 1742 83 37 hoc
340 1742 83 37 est
388 1742 119 37 passio
471 1742 107 37 eius.
542 1742 83 37 Sed
578 1742 83 37 dices

139 1774 65 36 si
172 1774 130 36 secundum
270 1774 120 36 Graecos
357 1774 120 36 numerus
443 1774 141 36 numeratus
541 1774 109 36 cuiusli-

141 1806 56 37 b
163 1806 68 37 et
197 1806 101 37 motus
265 1806 113 37 tpeos,
344 1806 113 37 igitur
422 1806 90 37 quot
479 1806 90 37 sunt
535 1806 113 37 motus,
603 1806 56 37 tot

138 1841 93 33 sunt
197 1841 105 33 tpra.
266 1841 128 33 Rndetur
359 1841 93 33 quod
417 1841 93 33 iste
476 1841 128 33 numerus
557 1841 93 33 numera

136 1876 82 33 tus
183 1876 82 33 non
230 1876 105 33 dicit
300 1876 128 33 aliquod
393 1876 140 33 accidens
498 1876 140 33 existens
603 1876 82 33 per

134 1899 222 40 inforiationem
317 1899 78 40 un
356 1899 118 40 rebus
435 1899 183 40 numeratis,
565 1899 92 40 sicut

672 166 119 36 forma
751 166 79 36 in
791 166 172 36 subiecto,
923 166 106 36 quia
989 166 106 36 tunc
1042 166 158 36 argumentum

670 201 150 34 demraret:
786 201 81 34 sed
832 201 81 34 est
878 201 69 34 in
913 201 81 34 eis
959 201 185 34 terminatiue,
1109 201 58 34 &
1132 201 81 34 per

679 232 199 35 denominationem
845 232 177 35 extrinsecam.
988 232 77 35 nam
1032 232 99 35 actio
1099 232 88 35 illa
1143 232 55 35 nu-

673 264 138 32 merandi,
776 264 80 32 qua
822 264 103 32 anima
891 264 126 32 numerat
982 264 103 32 prius
1051 264 57 32 &
1063 264 126 32 posterius

678 295 63 40 in
709 295 126 40 quolibet
803 295 94 40 motu,
866 295 73 40 est
908 295 94 40 actio
971 295 126 40 imanens,
1065 295 52 40 &
1086 295 73 40 per
1118 295 73 40 illam

682 324 203 38 lenominantur
848 324 153 38 numerata
962 324 102 38 esse
1026 324 89 38 vel
1064 324 127 38 numerari

675 357 92 37 illa
732 357 115 37 priora
812 357 57 37 &
835 357 172 37 posteriora.
973 357 57 37 &
996 357 92 37 quia
1053 357 103 37 omnes
1111 357 80 37 motus

676 388 154 42 conueniunt
797 388 77 42 sub
841 388 88 42 ista
896 388 132 42 ratione,
995 388 77 42 qua
1039 388 88 42 sunt
1094 388 88 42 apti
1138 388 55 42 nu-

675 417 127 40 merari,
767 417 92 40 quia
824 417 81 40 non
870 417 173 40 mensurantur
1008 417 92 40 nisi
1066 417 127 40 quantum
1146 417 46 40 ad

682 451 172 42 quantitates
819 451 115 42 eorum,
899 451 92 42 ideo
956 451 115 42 omnium
1037 451 115 42 motuum
1105 451 92 42 aequa-

683 487 71 31 es
719 487 177 31 quantitates
860 487 154 31 habentium
978 487 83 31 est
1026 487 94 31 vnus
1073 487 118 31 numerus,

680 515 55 31 &
702 515 142 31 aequalis.
812 515 88 31 bene
866 515 99 31 tamen
932 515 110 31 volunt
1009 515 99 31 iuxta
1064 515 131 31 sententiam

686 549 156 33 philosophi,
810 549 83 33 quod
862 549 73 33 hoc
904 549 93 33 prius
966 549 156 33 verificetur
1090 549 62 33 de
1111 549 83 33 primo,

675 579 146 31 tanquam
781 579 79 31 de
820 579 132 31 causa,
913 579 66 31 &
939 579 132 31 regula
1019 579 119 31 omnium.

712 612 207 28 Vigesimaoctaua
885 612 150 28 contradi.
1000 612 81 28 est
1046 612 69 28 in
1081 612 92 28 tex.
1127 612 69 28 132.

676 639 106 35 Arist.
751 639 117 35 Soluens
836 639 170 35 quaestionem,
974 639 74 35 qua
1016 639 159 35 quaerebatur
1133 639 74 35 vtrum

678 676 102 30 motus
746 676 148 30 cuislibet
859 676 80 30 vel
905 676 136 30 cuiusdam
1007 676 102 30 tpeos
1075 676 80 30 sit
1109 676 80 30 nume-

683 703 82 35 tus,
734 703 92 35 dicit
796 703 82 35 quod
847 703 154 35 cuiuslibet.
970 703 72 35 Sed
1011 703 154 35 opponebatur
1134 703 82 35 per,

682 732 116 40 remist.
767 732 63 40 ex
799 732 74 40 te.
841 732 74 40 com
883 732 74 40 99.
925 732 53 40 &
946 732 84 40 1r3.
999 732 74 40 vbi
1041 732 106 40 Arist.
1105 732 84 40 deter-

682 772 107 37 minat
754 772 107 37 prius
825 772 60 37 &
849 772 155 37 posterius
968 772 71 37 in
1004 772 131 37 tempore
1099 772 95 37 esse
1146 772 48 37 ex

680 792 120 43 priori
764 792 60 43 &
788 792 168 43 posteriori
920 792 72 43 in
957 792 108 43 motus
1029 792 72 43 in
1065 792 96 43 motu
1113 792 84 43 autem

679 828 70 33 ex
714 828 117 33 priori
796 828 59 33 &
820 828 164 33 posteriori
949 828 70 33 in
984 828 129 33 spacio,
1078 828 82 33 cum
1113 828 82 33 autem

681 858 118 43 tempus
764 858 82 43 non
811 858 82 43 sit
858 858 129 43 numerus
952 858 118 43 motus,
1034 858 94 43 nisi
1081 858 118 43 secundum

685 893 101 37 rius
748 893 63 37 &
774 893 164 37 posterius
900 893 126 37 motus:
988 893 63 37 &
1013 893 114 37 motus
1089 893 88 37 non
1127 893 63 37 ha-

679 925 75 36 bet
722 925 97 36 prius
787 925 54 36 &
808 925 150 36 posterius,
926 925 86 36 nisi
980 925 54 36 a
1002 925 118 36 spacio:
1077 925 118 36 sequitur,

678 953 95 41 quod
738 953 119 41 tempus
821 953 107 41 solum
893 953 84 41 sit
941 953 131 41 numerus
1036 953 107 41 motus
1096 953 95 41 haben-

676 990 76 29 tis
720 990 98 29 prius
785 990 54 29 &
806 990 141 29 posterius
915 990 65 29 ex
947 990 119 29 spacio.
1034 990 76 29 sed
1078 990 98 29 talis
1143 990 76 29 non

683 1020 71 30 est
723 1020 81 30 nisi
774 1020 121 30 localis:
864 1020 101 30 igitur
935 1020 101 30 tempus
1006 1020 91 30 solum
1066 1020 71 30 est
1096 1020 91 30 numerus

674 1048 106 34 motus
745 1048 142 34 localis.
851 1048 130 34 Amplius
946 1048 106 34 autem
1017 1048 83 34 cum
1064 1048 106 34 motus
1123 1048 71 34 loca

682 1081 74 34 lis
725 1081 96 34 alter
789 1081 74 34 sit
831 1081 159 34 circularis,
958 1081 53 34 &
980 1081 96 34 alter
1043 1081 117 34 rectus:
1118 1081 74 34 motus

682 1109 96 37 autem
747 1109 150 37 circularis
864 1109 75 37 non
907 1109 75 37 sit
950 1109 64 37 in
982 1109 118 37 spacio,
1068 1109 96 37 sicut
1121 1109 75 37 dicit

676 1144 80 35 Com.
726 1144 70 35 in.
766 1144 60 35 2.
795 1144 89 35 coeli
855 1144 50 35 &
875 1144 80 35 mun.
925 1144 60 35 in
954 1144 80 35 com.
1004 1144 70 35 46.
1044 1144 109 35 spacium
1123 1144 60 35 in
1143 1144 50 35 cir

681 1172 120 39 culari
765 1172 84 39 est
813 1172 155 39 magnitudo
932 1172 155 39 corporis,
1052 1172 108 39 motus
1111 1172 84 39 autem

679 1209 95 34 rectus
746 1209 105 34 proprie
822 1209 105 34 dicitur
898 1209 76 34 esse
946 1209 57 34 in
974 1209 105 34 spacio:
1050 1209 114 34 sequitur
1136 1209 76 34 quod

678 1235 91 38 tpes
735 1235 91 38 erit
792 1235 103 38 solum
860 1235 126 38 numerus
952 1235 103 38 motud
1021 1235 126 38 localis
1101 1235 91 38 recti,

681 1267 82 39 aut
728 1267 117 39 saltem
810 1267 94 39 erit
868 1267 129 39 numerus
962 1267 94 39 eius
1021 1267 105 39 primo
1091 1267 58 39 &
1102 1267 94 39 princi

680 1298 144 40 paliter,
788 1298 60 40 &
812 1298 84 40 non
860 1298 180 40 circularis.
1005 1298 108 40 cuius
1065 1298 132 40 oppositum

682 1330 112 36 scribit
764 1330 164 36 Philosophus,
896 1330 51 36 &
917 1330 82 36 Com.
968 1330 61 36 4.
999 1330 82 36 phy.
1050 1330 72 36 te.
1091 1330 82 36 com.
1132 1330 61 36 133.

678 1364 51 30 &
698 1364 82 30 Com.
749 1364 61 30 in
780 1364 82 30 com.
831 1364 82 30 132.
882 1364 61 30 &.
912 1364 82 30 133.
963 1364 51 30 &
984 1364 61 30 in
1014 1364 71 30 co.
1055 1364 82 30 10x.
1106 1364 71 30 vbi
1137 1364 61 30 vult

675 1389 88 45 quod
730 1389 110 45 Pprius
807 1389 55 45 &
828 1389 153 45 posterius.
949 1389 110 45 posita
1026 1389 66 45 in
1048 1389 142 45 defiintione

683 1434 103 32 tpris
751 1434 103 32 stent
820 1434 80 32 pro
866 1434 115 32 priori
946 1434 57 32 &
969 1434 160 32 posteriori
1095 1434 103 32 primi
1152 1434 46 32 mo

674 1461 98 38 tus.
735 1461 197 38 Confirmatur,
895 1461 98 38 quia
956 1461 111 38 motus
1030 1461 172 38 augnmienti
1153 1461 37 38 &

673 1490 105 44 motus
743 1490 186 44 alterationis
894 1490 81 44 non
941 1490 93 44 sunt
999 1490 70 44 in
1034 1490 128 44 spacio.
1127 1490 70 44 Et
1150 1490 47 44 li

679 1521 78 33 cet
723 1521 134 33 aliquis,
824 1521 67 33 vt
857 1521 100 33 dicit
924 1521 100 33 Them.
991 1521 111 33 posset
1069 1521 78 33 hoc
1102 1521 89 33 defen-

678 1551 106 36 dere
744 1551 79 36 in
784 1551 106 36 motu
850 1551 159 36 augmenti
969 1551 132 36 aliquo
1062 1551 119 36 modo,
1128 1551 66 36 cum

673 1586 108 32 illud
745 1586 96 32 quod
805 1586 143 32 augetur,
912 1586 143 32 videatur
1020 1586 120 32 moueri
1103 1586 60 32 a
1115 1586 84 32 mino-

671 1617 70 33 ri
706 1617 93 33 loco
765 1617 70 33 ad
800 1617 164 33 ampliorem,
928 1617 70 33 in
963 1617 105 33 motu:
1033 1617 70 33 si
1057 1617 140 33 alteratio-

674 1648 84 34 nis
722 1648 60 34 &
746 1648 193 34 generationis
903 1648 60 34 &
927 1648 193 34 corruptionis
1084 1648 84 34 hoc
1120 1648 72 34 dici

673 1680 85 41 non
721 1680 133 41 potest.
818 1680 97 41 quia
878 1680 97 41 stat
939 1680 109 41 totum
1011 1680 109 41 simul
1071 1680 121 41 alterari

679 1716 72 30 in
715 1716 108 30 eodem
787 1716 96 30 loco
846 1716 179 30 quiescendo.
990 1716 60 30 &
1014 1716 84 30 ita
1062 1716 131 30 istorum
1145 1716 48 30 mo

675 1748 85 34 tuum
728 1748 74 34 tps
771 1748 74 34 non
813 1748 85 34 erit
866 1748 117 34 numerus
951 1748 127 34 secundum
1047 1748 95 34 prius
1110 1748 53 34 &
1121 1748 74 34 poste

678 1779 102 32 rius.
745 1779 158 32 Themistius
870 1779 102 32 autem
937 1779 124 32 videtur
1028 1779 113 32 paucis
1095 1779 102 32 innuis-

683 1806 63 36 se
714 1806 156 36 solutionem.
839 1806 104 36 inquit
912 1806 83 36 enim
964 1806 73 36 Quo
1006 1806 73 36 fit
1047 1806 63 36 vt
1078 1806 104 36 tempus
1141 1806 52 36 aut

671 1838 114 36 solum
748 1838 114 36 motum
824 1838 140 36 localem
925 1838 216 36 principaliter
1090 1838 102 36 mensu-

678 1866 88 35 ret,
733 1866 88 35 aut,
788 1866 66 35 si
822 1866 133 35 caeteros
921 1866 99 35 motus
987 1866 133 35 mensura,
1076 1866 121 35 principa-

675 1902 87 45 liter
733 1902 87 45 tamen
791 1902 58 45 eo
820 1902 106 45 priore,
897 1902 48 45 &
917 1902 126 45 posteria.
1013 1902 48 45 e
1033 1902 68 45 non
1071 1902 97 45 egeat,
1129 1902 58 45 quod
