1416 2066
211 180 178 60 gnationem
348 180 123 60 fieri
431 180 82 60 ex
472 180 110 60 ente
540 180 110 60 poet
595 180 137 60 dupclter

232 224 99 42 dici,
298 224 77 42 vno
342 224 88 42 modo
397 224 77 42 per
441 224 77 42 se,
485 224 143 42 videlicet
595 224 88 42 quod
650 224 77 42 ens
694 224 66 42 in

229 264 102 43 actu
293 264 90 43 sit
344 264 166 43 subiectum
472 264 128 43 ipsius
562 264 141 43 geniti.
664 264 64 43 &
677 264 64 43 hoc

227 302 77 45 est
271 302 177 45 impossibile.
415 302 122 45 quoniam
504 302 166 45 sequeretur,
636 302 77 45 cum
670 302 66 45 aqua

233 342 65 45 ex
266 342 86 45 aere
320 342 86 45 fit,
374 342 65 45 vt
406 342 76 45 sit
449 342 86 45 aer,
503 342 54 45 &
525 342 86 45 aqua
579 342 108 45 simul,
644 342 97 45 vnivers

228 380 97 45 quod
288 380 85 45 non
337 380 109 45 detur
409 380 157 45 generatio
530 380 72 45 in
566 380 181 45 substantia.
699 380 36 45 &

224 421 104 44 hoc
283 421 104 44 est
343 421 104 44 id,
402 421 118 44 quod
476 421 177 44 putabant
594 421 133 44 Antiqui

234 464 122 41 ilicet
319 464 85 41 non
368 464 98 41 dari
429 464 98 41 quid
490 464 122 41 aliud,
575 464 85 41 seu
612 464 122 41 alienum,

233 501 117 54 idque
311 501 104 54 esse
376 501 195 54 impossibile
531 501 182 54 probabant.
661 501 78 54 Alio

229 541 85 37 modo
282 541 74 37 per
325 541 117 37 accuns,
410 541 74 37 cum
452 541 127 37 scilicet
548 541 117 37 accidit
633 541 85 37 huic
675 541 53 37 na-

232 580 116 51 turae
309 580 128 51 ipsius
399 580 154 51 subiecti
515 580 205 51 generationis
669 580 64 51 non

228 620 173 39 denudari
357 620 72 39 a
386 620 130 39 forma
473 620 86 39 in
516 620 202 39 gneratione
660 620 72 39 rer

224 657 82 42 ab
265 657 96 42 ea,
320 657 110 42 quae
389 657 137 42 quidem
485 657 192 42 remouetur,
636 657 69 42 &
650 657 82 42 rece

228 694 98 54 dit
284 694 84 54 ab
326 694 84 54 eo
368 694 84 54 in
410 694 154 54 aduentu
522 694 140 54 formae
606 694 126 54 genitae

212 733 81 51 in
252 733 134 51 ipsum,
346 733 94 51 non
400 733 108 51 quod
467 733 148 51 ipsamet
575 733 134 51 forma,
655 733 81 51 quae

230 777 91 42 est
282 777 78 42 in
321 777 168 42 subiecto,
450 777 155 42 recipiat
567 777 142 42 formam,
657 777 78 42 quae

223 812 166 53 ganeatur.
351 812 64 53 &
377 812 90 53 sic
428 812 115 53 nedum
505 812 102 53 erit
556 812 179 53 impossibile,

229 847 93 51 immo
287 847 174 51 necessarium
427 847 139 51 scilicet
531 847 174 51 gnerationem
659 847 70 51 fie-

223 900 75 39 ri
260 900 75 39 ex
297 900 100 39 ente
360 900 87 39 per
409 900 125 39 accus,
496 900 87 39 &si
546 900 75 39 id
584 900 87 39 per
621 900 112 39 acciuns

220 928 106 43 sit.
286 928 106 43 Huic
352 928 132 43 tandem
444 928 145 43 naturae
550 928 92 43 duo
590 928 145 43 accidunt,

231 972 126 45 priuatio
326 972 126 45 scilicet
421 972 53 45 &
442 972 105 45 forma,
516 972 84 45 quae
568 972 137 45 praecedit
674 972 63 45 ei
695 972 42 45 se

222 1007 143 46 cundum
322 1007 114 46 esse
393 1007 114 46 ante
464 1007 128 46 nouam
550 1007 157 46 formam,
649 1007 86 46 quae

224 1050 141 46 ganatur:
330 1050 59 46 &
353 1050 94 46 tunc
412 1050 152 46 generatio
529 1050 70 46 ex
564 1050 70 46 ea
599 1050 94 46 fiet
658 1050 82 46 per
693 1050 47 46 se

230 1085 91 45 sed
282 1085 91 45 per
334 1085 129 45 accuns
424 1085 78 45 ex
463 1085 117 45 illis
541 1085 129 45 duabus
618 1085 117 45 naturis

231 1132 105 42 quae
297 1132 79 42 ei
336 1132 171 42 accidunt,
467 1132 92 42 hoc
520 1132 92 42 est
572 1132 79 42 ex
599 1132 131 42 priuatio

227 1165 102 52 ne,
286 1165 73 52 &
315 1165 146 52 forma.
417 1165 175 52 Isigitur
548 1165 102 52 est
606 1165 117 52 vnus
665 1165 58 52 mo

224 1205 116 53 dus,
296 1205 101 53 quo
354 1205 101 53 hoc
411 1205 145 53 dubium
513 1205 188 53 soluitui,
643 1205 101 53 ponen

226 1240 98 42 do
275 1240 130 42 hanc
340 1240 163 42 naturam.

265 1282 143 53 Secundus
373 1282 96 53 est,
432 1282 96 53 quia
492 1282 84 53 ens
540 1282 131 53 dicitur
635 1282 72 53 de
659 1282 84 53 poten

225 1321 110 56 tia,
294 1321 69 56 &
322 1321 124 56 actu.
404 1321 110 56 Ipsa
473 1321 138 56 quoque
569 1321 165 56 priuatio
679 1321 55 56 de

227 1360 118 42 duobus
310 1360 141 42 dicitur,
415 1360 153 42 videlicet
533 1360 71 42 de
568 1360 153 42 negatione
674 1360 59 42 ab-

226 1398 138 45 soluta
323 1398 110 45 ssen
392 1398 166 45 simpritr
516 1398 69 45 &
544 1398 83 45 de
571 1398 166 45 priuatione

231 1438 153 50 propria,
346 1438 102 50 quae
409 1438 114 50 inest
486 1438 127 50 alicui
575 1438 165 50 subiecto,
702 1438 64 50 &

225 1476 113 47 alicui
304 1476 90 47 rei.
360 1476 169 47 Impossibile
496 1476 90 47 ergo
552 1476 79 47 est
586 1476 158 47 gnerationem,

218 1516 108 49 fieri
290 1516 72 49 ex
326 1516 96 49 ente
386 1516 72 49 in
422 1516 108 49 actu,
495 1516 84 49 sed
543 1516 84 49 non
591 1516 72 49 ab
627 1516 84 49 eo,
663 1516 72 49 quid

223 1556 70 52 in
258 1556 151 52 potentia,
375 1556 58 52 &
398 1556 70 52 ex
433 1556 128 52 priuato
526 1556 198 52 simpesicitue,
677 1556 58 52 sed

223 1594 101 49 non
280 1594 72 49 a
309 1594 203 49 priuatione
454 1594 188 49 indefinita.

258 1632 113 53 Plato
334 1632 113 53 autem
409 1632 138 53 videtur
509 1632 113 53 magis
585 1632 138 53 auferre
672 1632 63 53 hu-

217 1669 143 55 iusmodi
321 1669 195 55 principium,
477 1669 104 55 quae
542 1669 91 55 qui
594 1669 130 55 ipscum
685 1669 78 55 in

226 1711 98 55 actu
287 1711 123 55 ponit.
373 1711 135 55 quoniam
471 1711 147 55 opinatus
582 1711 86 55 est
631 1711 98 55 ipse
680 1711 49 55 ge

222 1756 212 38 nerationem
389 1756 136 38 fieri
479 1756 91 38 ex
525 1756 106 38 non
585 1756 136 38 ente,
661 1756 76 38 cum

224 1788 110 46 tamen
297 1788 147 46 fateatur
407 1788 147 46 materiam
518 1788 98 46 esse
579 1788 98 46 vnum
628 1788 110 46 entium,

228 1831 55 52 &
250 1831 77 52 sic
294 1831 131 52 sequitur
392 1831 131 52 secundum
490 1831 77 52 ipm
534 1831 77 52 ens
578 1831 77 52 non
622 1831 87 52 esse
665 1831 66 52 ens.

219 1868 162 47 acceptat
341 1868 108 47 enim
409 1868 108 47 ipse
476 1868 135 47 dictum
557 1868 176 47 Parmenidis,

751 179 89 50 qui
802 179 114 50 dicit
878 179 152 50 quicquid
993 179 89 50 est
1044 179 140 50 praeter
1145 179 89 50 ens
1196 179 102 50 esse
1247 179 38 50 I

752 229 105 45 non
812 229 105 45 ens
872 229 195 45 absolute:
1023 229 105 45 mox
1083 229 135 45 ponit
1158 229 105 45 mate-

749 264 105 50 riam
814 264 105 50 esse
880 264 105 50 eus,
945 264 92 50 cum
997 264 144 50 asserat
1102 264 118 50 tamen
1167 264 92 50 ipsam

748 304 114 42 esse
819 304 156 42 praeter
932 304 114 42 ens.
1003 304 99 42 Nos
1060 304 128 42 autem
1131 304 128 42 distin-

756 342 153 51 guimus,
868 342 70 51 &
895 342 153 51 dicimus
1007 342 167 51 materiam
1133 342 112 51 esse
1202 342 84 51 in

759 382 182 50 otentia,
896 382 76 50 &
926 382 228 50 priuationem
1108 382 122 50 esse
1169 382 91 50 quid

750 413 127 53 accuns
839 413 89 53 es.
890 413 165 53 Differunt
1017 413 127 53 tamen,
1105 413 89 53 cum
1156 413 101 53 haec
1207 413 63 53 sit

760 461 108 51 pars
827 461 135 51 geniti
922 461 108 51 illa
989 461 108 51 vero
1057 461 108 51 non.
1111 461 149 51 Corruptio

754 500 138 52 autem,
851 500 110 52 quae
919 500 96 52 est
974 500 124 52 ipsum
1057 500 138 52 malum,
1139 500 124 52 ingredi

748 539 100 39 tur
805 539 143 39 quidem
905 539 100 39 res
962 539 157 39 propter
1061 539 200 39 priuationem,

759 576 118 51 quam
833 576 118 51 haec
907 576 148 51 natura
1010 576 148 51 recipe
1113 576 148 51 solet:
1202 576 59 51 at

753 613 124 59 ipsum
836 613 124 59 esse,
919 613 110 59 quod
987 613 96 59 est
1043 613 138 59 bonum,
1139 613 96 59 res
1194 613 96 59 in

751 654 183 44 sequitur
888 654 168 44 propter
1010 654 168 44 formam.
1132 654 137 44 Hmodi
1208 654 61 44 er

750 694 94 52 go
797 694 157 52 natura
908 694 126 52 apta
986 694 110 52 est
1049 694 157 52 recipe
1144 694 110 52 bonum

750 733 114 52 quod
821 733 100 52 est
878 733 142 52 forma,
977 733 100 52 vel
1034 733 142 52 malum,
1134 733 114 52 quod
1191 733 71 52 est

763 772 174 49 riuatio.
893 772 72 49 &
922 772 203 49 corruptio.
1066 772 203 49 Aeternitatis

752 810 140 48 quoque
850 810 168 48 priuatio
976 810 126 48 rebus
1061 810 126 48 inest
1145 810 154 48 propter
1243 810 42 48 T

752 851 172 39 huiusmodi
884 851 159 39 naturam,
1004 851 93 39 hoc
1057 851 93 39 est
1110 851 93 39 eo,
1163 851 106 39 quod
1216 851 53 39 ac

751 893 116 48 cidit
828 893 77 48 ei
867 893 206 48 possibilitas
1034 893 206 48 priuationis.
1189 893 77 48 Haec

753 926 146 48 quoque
856 926 146 48 natura
958 926 88 48 ob
1002 926 117 48 eius
1075 926 175 48 defectum
1192 926 73 48 au-

759 962 139 59 petit
851 962 155 59 recipe
960 962 170 59 formam,
1068 962 201 59 quemadmodum

750 1006 69 54 &
778 1006 208 54 imperfectum
945 1006 236 54 perfectionem,
1139 1006 97 54 sed
1195 1006 97 54 non

748 1045 181 51 appetit
879 1045 279 51 corruptionem,
1109 1045 131 51 immo
1174 1045 99 51 ipsa

751 1093 184 42 corruptio
893 1093 99 42 est
949 1093 113 42 quid
1020 1093 170 42 accidens
1148 1093 85 42 es
1176 1093 85 42 rone

759 1124 243 53 priuationis.
956 1124 137 53 Habes
1047 1124 152 53 igitur
1139 1124 122 53 modos,

754 1165 152 51 quibus
860 1165 183 51 soluitur
997 1165 167 51 dubium,
1119 1165 106 51 quo
1165 1165 106 51 Anti-

758 1205 116 53 qui
825 1205 215 53 gnationem
973 1205 182 53 negabant.

881 1261 139 54 Caput
958 1261 154 54 Quintum.

838 1316 149 46 Dhaec
938 1316 182 46 dicimus
1070 1316 248 46 huiuscemodi

754 1333 213 77 Anaturam
914 1333 125 77 nec
985 1333 196 77 genitam
1128 1333 125 77 per
1181 1333 89 77 se,

750 1397 85 56 nec
798 1397 207 56 corruptibilem
969 1397 109 56 esse.
1042 1397 146 56 Quoniam,
1151 1397 73 56 si
1188 1397 109 56 gnea
1249 1397 36 56 l

756 1436 144 52 retur,
857 1436 159 52 haberet
972 1436 202 52 subiectum,
1131 1436 87 52 ex
1174 1436 101 52 quo
1217 1436 58 52 gi

756 1482 145 50 gneretur
864 1482 72 50 &,
901 1482 72 50 si
937 1482 96 50 sic,
997 1482 96 50 tunc
1057 1482 133 50 ipsamet
1154 1482 96 50 esse
1202 1482 72 50 sibi

762 1516 104 55 ipsi
827 1516 183 55 subiectum.
971 1516 91 55 nam
1023 1516 91 55 id,
1075 1516 104 55 quod
1140 1516 78 55 in
1167 1516 104 55 poten-

754 1557 99 52 tia,
815 1557 86 52 non
865 1557 172 52 separatur,
1000 1557 111 52 neque
1074 1557 197 52 distinguitur
1222 1557 49 52 ab

756 1596 86 38 eo,
805 1596 99 38 quod
867 1596 86 38 est
916 1596 74 38 in
953 1596 160 38 potentia,
1077 1596 62 38 &
1101 1596 86 38 sic
1151 1596 111 38 esset
1212 1596 62 38 an-

762 1637 103 49 teque
830 1637 138 49 fuisset,
934 1637 80 49 vel
979 1637 92 49 erit
1037 1637 69 49 in
1071 1637 103 49 actu.
1140 1637 126 49 itidem,
1220 1637 46 49 si

762 1677 217 49 corrumperetur,
943 1677 157 49 oporteret
1064 1677 109 49 ipsam
1136 1677 121 49 habere
1209 1677 60 49 sub

753 1712 155 43 iectum.
865 1712 84 43 &,
908 1712 84 43 si
950 1712 141 43 hibeet
1048 1712 197 43 subiectum,
1189 1712 84 43 tunc

751 1749 138 45 alterum
852 1749 138 45 illorum
953 1749 126 45 duorum
1041 1749 176 45 sequeretur
1166 1749 101 45 incom-

757 1797 171 42 ueniens,
885 1797 185 42 videlicet
1027 1797 100 42 vel
1084 1797 171 42 corrumpi
1198 1797 71 42 an-

756 1829 94 50 teque
818 1829 146 50 corrumpat,
933 1829 177 50 vniversaliese
1078 1829 83 50 quid
1130 1829 62 50 in
1162 1829 94 50 actu.
1224 1829 73 50 per

754 1876 132 39 accuns
846 1876 118 39 tamen
925 1876 118 39 nihil
1004 1876 132 39 phibet
1096 1876 132 39 dicere
1175 1876 92 39 ipsam
