1416 2066
176 165 96 45 thaos
240 165 117 45 genitam
325 165 85 45 esse
378 165 117 45 tradit,
463 165 149 45 sententiam
580 165 85 45 suam
622 165 64 45 vul-

176 208 74 38 gi
213 208 172 38 testimonio
348 208 184 38 confirmans.
495 208 86 38 sed
544 208 148 38 fortasse
643 208 49 38 de

177 245 109 35 terra
249 245 121 35 dicit,
334 245 97 35 nisi
394 245 133 35 priores
491 245 72 35 ad
527 245 109 35 modum
587 245 97 35 genera

175 268 102 38 uonis
243 268 158 38 spectantes
367 268 90 38 illa
424 268 136 38 elementa
525 268 90 38 esse
571 268 124 38 rebantur,

175 301 91 36 cur
227 301 91 36 non
279 301 129 36 terram
369 301 129 36 quoque
460 301 129 36 ipsam,
551 301 78 36 vt
576 301 117 36 homines

178 333 155 37 communiter
300 333 144 37 opinantur
411 333 144 37 elementum
522 333 89 37 esse
566 333 122 37 dicebant.

179 364 111 39 quibus
257 364 122 39 dictis,
345 364 100 39 redit
412 364 67 39 ad
445 364 67 39 id
478 364 89 39 quod
534 364 133 39 dixerat,
622 364 67 39 ele-

181 396 116 38 mentum
263 396 116 38 videri
344 396 81 38 id,
391 396 93 38 quod
449 396 174 38 tenuissimis
588 396 81 38 est
623 396 70 38 par-

174 431 100 35 tibus,
244 431 120 35 docetque
335 431 120 35 secundum
425 431 80 35 hanc
475 431 151 35 sententiam,
596 431 70 35 qui
626 431 60 35 pre-

174 459 86 32 ter
223 459 111 32 ignem
297 459 148 32 quodpiam
407 459 111 32 aliud
481 459 123 32 corpus
555 459 135 32 elementum

174 493 97 38 esse
234 493 181 38 statuebant,
379 493 97 38 siue
440 493 72 38 de
476 493 109 38 horum
548 493 133 38 quatuor
633 493 60 38 nu-

176 524 108 34 mero,
248 524 96 34 siue
308 524 120 34 medium
393 524 120 34 corpus
477 524 108 34 inter
549 524 108 34 ignem
622 524 60 34 &
634 524 48 34 ae

175 556 93 31 tem,
233 556 104 31 horum
303 556 128 31 neminem
396 556 104 31 recte
466 556 128 31 dicere.
558 556 93 31 Ecce
605 556 81 31 quood

175 585 154 34 Alexander
294 585 130 34 exponit
389 585 95 34 illa
448 585 107 34 dicta
519 585 107 34 sequi
590 585 71 34 ad
614 585 71 34 fun-

169 621 158 36 damentum
287 621 158 36 erroneum
405 621 197 36 Antiquorum,
563 621 92 36 non
615 621 105 36 quod

171 650 102 32 istis
239 650 147 32 assentiat
352 650 147 32 Aristote.
465 650 68 32 ex
499 650 102 32 mente
567 650 136 32 propria,
657 650 34 32 &

167 684 132 38 multum
259 684 105 38 fuit
325 684 145 38 gauisus
430 684 132 38 animus
522 684 118 38 meus.
588 684 105 38 inquit

175 710 80 35 enim
225 710 130 35 Aristote.
325 710 60 35 in
355 710 80 35 tex.
405 710 70 35 14.
445 710 120 35 secundum
535 710 100 35 igitur
605 710 80 35 hanc
645 710 50 35 ra-

168 743 136 35 tionem,
267 743 87 35 nec
316 743 74 35 si
353 743 99 35 quis
415 743 112 35 horum
490 743 136 35 aliquid
576 743 112 35 praeter

174 774 107 36 ignem
245 774 118 36 dicit,
328 774 83 36 nec
375 774 71 36 si
411 774 95 36 quis
470 774 95 36 aere
529 774 118 36 quidem
600 774 95 36 desius

176 806 76 41 hoc
219 806 108 41 ponit,
295 806 87 41 aqua
349 806 87 41 vero
404 806 130 41 tenuius,
501 806 76 41 non
544 806 97 41 recte
598 806 87 41 vtique

177 837 111 34 dicet.
255 837 89 34 Vnde
310 837 134 34 secundum
411 837 156 34 solutionem
533 837 111 34 sancti
600 837 89 34 Thomae

176 870 110 36 Aristo.
256 870 110 36 videtur
336 870 130 36 assentire
435 870 80 36 illi
485 870 100 36 dicto,
555 870 80 36 quod
595 870 90 36 videli-

177 901 72 37 cet
218 901 133 37 generatio
320 901 82 37 fiat
371 901 123 37 secundum
464 901 164 37 subtilitatem
587 901 102 37 partium.

171 940 87 30 quod
226 940 98 30 tamen
291 940 109 30 falsum
368 940 87 30 est,
423 940 98 30 quiia
488 940 120 30 Aristo.
576 940 77 30 non
608 940 77 30 assen

179 971 84 31 tit
227 971 143 31 Antiquis
334 971 191 31 generationem
489 971 107 31 fieri
549 971 143 31 praesertim

172 996 167 30 simplicem
301 996 90 30 per
352 996 245 30 congregationem,
558 996 103 30 immo
610 996 77 30 pri-

173 1029 73 30 mo
209 1029 73 30 de
246 1029 183 30 generatione
392 1029 61 30 &
417 1029 183 30 corruptione
563 1029 98 30 tex.
612 1029 73 30 com.

172 1058 80 33 s6.
217 1058 69 33 &.
252 1058 80 33 So:
298 1058 69 33 &.
332 1058 80 33 So.
378 1058 69 33 &.
412 1058 69 33 2.
446 1058 69 33 de
481 1058 183 33 generatione.
618 1058 69 33 tex-

167 1092 89 30 com.
223 1092 67 30 4.
256 1092 67 30 9.
289 1092 100 30 dicit
356 1092 145 30 mixtionem
467 1092 78 30 non
512 1092 89 30 esse
568 1092 78 30 per
601 1092 89 30 parui-

173 1125 107 34 tatem
244 1125 142 34 partium,
351 1125 107 34 licet
422 1125 107 34 illud
493 1125 118 34 coagat
576 1125 71 34 ad
599 1125 95 34 illud,

166 1151 95 35 quia
226 1151 95 35 tunc
285 1151 119 35 mixtio
369 1151 107 35 esset
440 1151 71 35 ad
476 1151 131 35 sensum.
571 1151 71 35 Et
607 1151 83 35 hoc
642 1151 48 35 te

165 1185 127 34 statur
254 1185 114 34 etiam
330 1185 127 34 Commen
419 1185 76 34 i.
457 1185 114 34 meta.
534 1185 140 34 commen.
623 1185 64 34 I6.

171 1218 121 33 inquit
256 1218 109 33 enim.
329 1218 121 33 mixtio
414 1218 85 33 non
462 1218 85 33 est
511 1218 85 33 per
547 1218 146 33 paruitatem

172 1247 137 41 partium,
274 1247 80 41 sed
320 1247 114 41 mixtio
400 1247 91 41 vera
457 1247 91 41 est,
514 1247 68 41 vt
548 1247 103 41 mixta
605 1247 80 41 alte-

167 1282 129 32 rentur,
261 1282 105 32 donec
331 1282 70 32 ex
366 1282 82 32 eis
413 1282 93 32 fiat
471 1282 105 32 forma
541 1282 117 32 media.
611 1282 82 32 verbi

173 1316 116 35 gratia
254 1316 104 35 forma
324 1316 162 35 oxymellis,
451 1316 93 35 quae
509 1316 81 35 fit
555 1316 69 35 ex
578 1316 116 35 mixtione

177 1344 115 35 mellis
257 1344 57 35 &
268 1344 92 35 aceti.

206 1371 192 47 Vigesimatertia
366 1371 139 47 contradi.
473 1371 75 47 est
515 1371 64 47 in
547 1371 85 47 com.
601 1371 75 47 34.
633 1371 53 47 ibi

173 1406 90 34 enim
229 1406 102 34 dicit
297 1406 90 34 quod
354 1406 181 34 contrarietas
501 1406 79 34 est
546 1406 102 34 minus
603 1406 90 34 sensi-

176 1439 101 35 bilis
243 1439 68 35 in
277 1439 124 35 mediis,
367 1439 90 35 quam
423 1439 68 35 in
457 1439 146 35 extremis.
570 1439 68 35 ex
603 1439 79 35 hoc
637 1439 45 35 se

170 1477 78 29 qui
214 1477 122 29 videtur
303 1477 100 29 quod,
370 1477 78 29 cum
415 1477 100 29 terra
482 1477 78 29 sit
526 1477 145 29 extremum,
626 1477 67 29 aqua

171 1504 107 34 autem
242 1504 83 34 sit
290 1504 130 34 medium.
385 1504 71 34 vt
420 1504 107 34 etiam
491 1504 83 34 hic
539 1504 142 34 dicitur,
634 1504 59 34 fe-

168 1534 120 36 quitur
252 1534 120 36 terram
336 1534 180 36 frigidiorem
479 1534 96 36 esse
539 1534 108 36 aqua.
611 1534 72 36 Et
635 1534 60 36 hoc

172 1571 103 38 idem
236 1571 142 38 formari
339 1571 129 38 potest
430 1571 154 38 ratione.
545 1571 90 38 nam
584 1571 103 38 quanto

169 1599 128 35 aliquid
262 1599 116 35 distat
344 1599 58 35 a
367 1599 93 35 motu
425 1599 116 35 coeli,
507 1599 105 35 tanto
577 1599 105 35 illud
635 1599 58 35 est

162 1633 162 33 frigidius,
290 1633 104 33 quia,
359 1633 69 33 vt
394 1633 127 33 scribit
486 1633 185 33 Commentator.
625 1633 58 33 13.

175 1663 123 40 coeli.
261 1663 98 40 com.
322 1663 86 40 34.
371 1663 135 40 Remotio
470 1663 61 40 a
494 1663 98 40 motu
556 1663 86 40 dat
593 1663 98 40 graui-

169 1692 114 38 tatem,
248 1692 57 38 &
271 1692 136 38 quietem,
373 1692 57 38 &
396 1692 193 38 frigiditatem,
555 1692 102 38 sicut
612 1692 79 38 vici-

165 1725 114 37 nitas
241 1725 89 37 dat
292 1725 177 37 leuitatem,
431 1725 63 37 &
456 1725 190 37 caliditatem
608 1725 63 37 &
621 1725 63 37 mo-

167 1759 88 35 tum.
222 1759 88 35 modo
277 1759 99 35 sicut
342 1759 164 35 simpliciter
474 1759 66 35 ad
507 1759 175 35 simpliciter,
638 1759 55 35 ita

162 1787 122 39 magis
244 1787 81 39 ad
284 1787 135 39 magis.
379 1787 68 39 &
406 1787 135 39 maxime
501 1787 81 39 ad
541 1787 149 39 maxime.
636 1787 54 39 si

167 1820 131 33 remotio
263 1820 119 33 igitur
346 1820 60 33 a
370 1820 95 33 motu
430 1820 84 33 dat
477 1820 203 33 frigiditatem,
632 1820 48 33 er

170 1854 79 37 go
209 1854 119 37 maior
288 1854 158 37 maiorem,
407 1854 66 37 &
434 1854 132 37 maxima
526 1854 145 37 remotio
618 1854 66 37 ma-

163 1885 116 43 ximam
241 1885 77 43 fi
279 1885 181 43 igiditatem
421 1885 129 43 dabit.
511 1885 90 43 sed
550 1885 142 43 huiusmodi

165 1914 80 40 est
210 1914 126 40 naturae
302 1914 137 40 remotio,
405 1914 69 40 vt
439 1914 114 40 patet:
519 1914 92 40 ergo
577 1914 103 40 terra
634 1914 57 40 est

709 173 127 43 primum
798 173 190 43 frigidorum.
950 173 114 43 Huius
1026 173 114 43 tamen
1090 173 139 43 oppositum

711 212 145 30 inuenitur
822 212 67 30 in
856 212 112 30 dictis
934 212 123 30 Aristo.
1023 212 56 30 &
1046 212 145 30 Commenta.
1157 212 67 30 2.
1179 212 45 30 de

716 238 169 43 generatione.
854 238 84 43 tex.
906 238 84 43 com.
959 238 74 43 12.
1001 238 74 43 vbi
1044 238 95 43 habet
1107 238 106 43 terram
1170 238 53 43 es-

714 276 66 34 le
747 276 99 34 magis
813 276 99 34 sicci
879 276 88 34 quae
934 276 66 34 si
967 276 110 34 igidi,
1044 276 99 34 aquam
1110 276 88 34 vero
1154 276 77 34 magis

714 300 126 37 frigidi
805 300 92 37 quae
862 300 126 37 humidi.
954 300 92 37 Ista
1011 300 126 37 materia
1103 300 80 37 est
1137 300 92 37 multum

707 335 159 35 difficilis
831 335 170 35 solutionis.
967 335 57 35 &
990 335 113 35 signum
1058 335 170 35 difficultatis

713 362 94 40 eius
772 362 82 40 est
819 362 165 40 diuersitas
949 362 177 40 opinantium.
1090 362 118 40 Aliqui
1160 362 71 40 pro-

714 396 103 39 pter
779 396 129 39 primam
869 396 155 39 rationem
985 396 116 39 moti,
1063 396 65 39 &
1089 396 116 39 alias
1153 396 78 39 quam

710 429 126 39 plures
798 429 163 39 tenuerunt
924 429 126 39 terram
1012 429 101 39 aqua
1063 429 163 39 frigidiorem

714 459 103 42 esse,
782 459 103 42 sicut
851 459 137 42 Albertus
953 459 103 42 Alem.
1022 459 57 42 &
1044 459 103 42 multi
1102 459 126 42 sequaces.

716 490 96 33 Aliil
780 490 85 33 vero
834 490 139 33 tenuerunt
941 490 96 33 aquam
1005 490 85 33 esse
1058 490 96 33 terra
1112 490 117 33 frigidio-

717 522 79 32 rem
762 522 136 32 prompter
864 522 181 32 authoritatem
1012 522 159 32 Philosophi
1125 522 102 32 allega-

716 553 78 32 tam
760 553 78 32 in.
805 553 67 32 2.
839 553 67 32 de
872 553 178 32 generatione.
1017 553 56 32 &
1039 553 123 32 propter
1117 553 112 32 duplicem

706 589 133 29 rationem,
808 589 82 29 vnam
860 589 51 29 a
880 589 113 29 priori,
962 589 51 29 &
983 589 92 29 aliam
1044 589 51 29 a
1065 589 154 29 posteriori:
1178 589 51 29 qua

712 617 79 33 rum
757 617 147 33 quaelibet
870 617 68 33 de
904 617 79 33 per
949 617 68 33 se
983 617 147 33 innititur
1085 617 136 33 quintupli-

712 644 63 38 ci
743 644 105 38 medio,
816 644 63 38 vt
848 644 73 38 est
890 644 84 38 vide
942 644 63 38 re
974 644 63 38 in
1005 644 168 38 Conciliatore
1141 644 63 38 in
1162 644 63 38 dif-

706 683 151 32 ferentia.
823 683 81 32 12.
869 683 93 32 Alii
927 683 93 32 vero
985 683 116 32 conati
1066 683 93 32 sunt
1113 683 116 32 vtranque

710 711 92 35 viam
768 711 127 35 tenere,
861 711 104 35 vnica
930 711 185 35 distinctione
1068 711 162 35 conciliantes

707 746 117 33 dicta
785 746 143 33 istorum
889 746 208 33 repugnantia.
1059 746 130 33 dicunt
1137 746 91 33 tamen

715 773 135 37 duplicem
816 773 90 37 esse
872 773 192 37 frigiditatem.
1030 773 101 37 sicut
1098 773 90 37 enim
1143 773 90 37 duplex

714 805 76 37 est
758 805 153 37 caliditas,
878 805 164 37 elementalis
1009 805 55 37 &
1031 805 153 37 coelestis,
1151 805 65 37 vt
1172 805 55 37 est

715 837 117 32 videre
797 837 70 32 2.
832 837 70 32 de
867 837 175 32 generatione
1007 837 163 32 animalium.
1136 837 93 32 cap.
1182 837 47 32 3.

714 868 62 32 &.
745 868 62 32 3.
776 868 83 32 cap.
827 868 62 32 de
858 868 145 32 substantia
972 868 103 32 orbis.
1044 868 62 32 &.
1075 868 72 32 12.
1116 868 93 32 meta.
1168 868 62 32 com.

720 901 69 36 9.
754 901 80 36 sic
800 901 137 36 duplicem
903 901 103 36 aiunt
972 901 183 36 frigiditatem
1120 901 92 36 esse
1166 901 69 36 vnam

709 931 200 34 elementalem:
871 931 62 34 &
896 931 100 34 tali
958 931 112 34 aquam
1033 931 187 34 frigidiorem
1183 931 75 34 in

710 967 120 35 quiunt
794 967 96 35 esse
854 967 120 35 terra.
938 967 108 35 aliam
1010 967 96 35 vero
1070 967 168 35 coelestem:
1190 967 36 35 &

711 995 95 41 tali
770 995 118 41 tertam
853 995 106 41 aiunt
924 995 95 41 esse
983 995 177 41 frigidiorem
1125 995 106 41 aqua.
1196 995 59 41 &

712 1029 87 30 hac
761 1029 87 30 vla
811 1029 161 30 processit
934 1029 136 30 Egidius
1033 1029 111 30 Roma.
1107 1029 87 30 Est
1144 1029 87 30 etiam

705 1061 118 29 materia
791 1061 86 29 ista
845 1061 161 29 difficilis.
974 1061 86 29 quia
1028 1061 107 29 multas
1103 1061 97 29 secum
1157 1061 64 29 tra-

715 1089 75 34 nit
758 1089 194 34 difficultates.
920 1089 108 34 quarum
995 1089 75 34 vna
1038 1089 86 34 est,
1092 1089 97 34 vtrum
1156 1089 86 34 quae

709 1122 105 32 libet
779 1122 140 32 qualitas
885 1122 70 32 in
920 1122 152 32 elementis
1036 1122 140 32 existens
1142 1122 82 32 sit
1188 1122 70 32 in

706 1155 118 31 summo,
789 1155 83 31 vel
836 1155 83 31 vna
884 1155 130 31 tantum.
978 1155 71 31 &,
1014 1155 71 31 si
1049 1155 118 31 fuerit
1132 1155 83 31 vna
1168 1155 59 31 tan

706 1188 97 31 tum,
767 1188 134 31 nunquid
864 1188 97 31 alia
925 1188 85 31 sit
973 1188 134 31 remissa
1071 1188 85 31 per
1107 1188 122 31 admixtio

707 1219 79 31 nem
752 1219 79 31 sui
797 1219 158 31 contrarii,
922 1219 79 31 nec
967 1219 79 31 ne.
1012 1219 57 31 &
1035 1219 90 31 alia
1091 1219 113 31 quidem
1159 1219 68 31 est,

707 1252 122 28 vtrum
788 1252 95 28 vna
842 1252 68 28 &
869 1252 122 28 eadem
950 1252 189 28 proprietas
1085 1252 149 28 elementa-

716 1282 68 32 is
750 1282 114 32 possit
830 1282 91 32 esse
887 1282 126 32 eiusdem
978 1282 126 32 speciei
1069 1282 80 32 cum
1104 1282 126 32 consimili

712 1310 124 36 reperta
802 1310 68 36 in
836 1310 90 36 alio
893 1310 147 36 elemento.
1006 1310 57 36 &
1028 1310 113 36 tertia
1108 1310 90 36 est,
1153 1310 79 36 vtrum

707 1343 124 34 duabus
794 1343 199 34 qualitatibus
955 1343 75 34 in
993 1343 112 34 summo
1055 1343 174 34 existentibus

706 1375 70 36 in
741 1375 163 36 elementis,
870 1375 105 36 adhuc
940 1375 117 36 mixtio
1021 1375 117 36 posset
1103 1375 117 36 fieri,
1173 1375 58 36 vel

705 1406 89 36 non:
761 1406 67 36 vt
794 1406 123 36 videtur
883 1406 100 36 velle
950 1406 100 36 Auer.
1017 1406 67 36 4.
1051 1406 112 36 meteo.
1129 1406 89 36 com.
1173 1406 56 36 10.

703 1437 83 37 Et
745 1437 138 37 videre
842 1437 97 37 meo
897 1437 138 37 Thomas
994 1437 83 37 de
1035 1437 125 37 Carbo
1118 1437 83 37 in
1146 1437 83 37 sum-

706 1476 77 30 ma
745 1476 102 30 sua,
808 1476 153 30 tractatu
923 1476 115 30 primo
1000 1476 77 30 in
1038 1476 128 30 sunima
1127 1476 77 30 de
1153 1476 77 30 ele-

713 1501 125 37 mentis
800 1501 137 37 quaest.
900 1501 150 37 secunda,
1012 1501 125 37 multum
1087 1501 150 37 subtiliter

713 1533 162 32 prosecutus
840 1533 81 32 est
887 1533 104 32 istas
956 1533 208 32 difficultates,
1129 1533 58 32 &
1141 1533 92 32 decla-

706 1567 102 36 rauit
774 1567 91 36 quod
831 1567 148 36 opiniones
945 1567 137 36 narratae
1047 1567 80 36 non
1092 1567 114 36 habent
1161 1567 68 36 ali-

707 1601 85 38 qua
756 1601 146 38 rationem
865 1601 219 38 demonstratiuam
1048 1601 73 38 ad
1085 1601 122 38 adhaer
1158 1601 73 38 est-

706 1632 72 40 dum
747 1632 103 40 potius
819 1632 72 40 vni
860 1632 92 40 parti
921 1632 82 40 quae
972 1632 113 40 alteri.
1055 1632 82 40 quia
1106 1632 92 40 siqua
1157 1632 72 40 fuif-

711 1660 86 37 set
760 1660 74 37 ad
797 1660 86 37 hoc
846 1660 111 37 ratio
920 1660 222 37 demonstratiua,
1093 1660 135 37 probabile

711 1696 81 35 est
758 1696 115 35 Arist.
838 1696 81 35 eam
885 1696 162 35 adduxisse:
1012 1696 81 35 sed
1058 1696 69 35 ex
1092 1696 115 35 medii:
1162 1696 69 35 toni

708 1727 105 35 innix
778 1727 70 35 is
813 1727 152 35 quandoque
930 1727 128 35 videtur
1024 1727 105 35 sequi
1094 1727 105 35 vnum,
1152 1727 70 35 quam

706 1758 103 36 doque
774 1758 126 36 videtur
865 1758 103 36 sequi
934 1758 160 36 oppositum.
1060 1758 69 36 Et
1094 1758 103 36 dixit
1162 1758 91 36 quod

704 1787 120 42 illud,
788 1787 108 42 super
861 1787 84 42 quo
909 1787 133 42 debemus
1005 1787 120 42 inniti
1089 1787 72 42 in
1126 1787 84 42 hoc
1162 1787 72 42 quae

702 1821 106 37 sito,
773 1821 83 37 est
820 1821 83 37 via
868 1821 130 37 sensus,
962 1821 95 37 quia
1021 1821 177 37 rectissimus
1151 1821 83 37 iudex

704 1852 72 43 de
740 1852 192 43 qualitatibus
896 1852 192 43 tangibilibus
1052 1852 84 43 est
1100 1852 120 43 sensus
1172 1852 60 43 ra-

705 1884 113 42 ctus:
781 1884 75 42 &,
818 1884 100 42 quia
881 1884 88 42 per
931 1884 125 42 tactum
1019 1884 176 42 discenimus
1144 1884 88 42 aquam

706 1914 206 49 frigidiorem
871 1914 110 49 esse
940 1914 137 49 terra,
1036 1914 110 49 ideo
1091 1914 137 49 tenendum
