1416 2066
175 173 124 60 falsum.
265 173 101 60 omnes
332 173 90 60 enim
388 173 135 60 positio,
490 173 90 60 quae
546 173 112 60 exigit
613 173 79 60 dstru

182 218 124 40 ctionem
272 218 101 40 huius
339 218 202 40 consequentiae,
508 218 79 40 est
553 218 112 40 falsa,
620 218 79 40 sicut

180 257 105 50 omnis
251 257 141 50 positio,
356 257 94 50 quae
415 257 117 50 exigit
497 257 199 50 destructionem
649 257 47 50 hu

182 293 89 42 ius
233 293 229 42 consequentiae,
424 293 76 42 si
462 293 114 42 lapis
538 293 127 42 volaa,
614 293 89 42 habet

179 339 102 39 alas,
247 339 79 39 est
292 339 125 39 positio
383 339 113 39 falsa:
462 339 57 39 &
485 339 68 39 si
519 339 170 39 impossibile
643 339 57 39 sit

181 372 127 38 lapidem
274 372 127 38 volare.
366 372 150 38 Similiter
481 372 81 38 qui
527 372 104 38 ponit
596 372 69 38 in
619 372 81 38 coelo

185 405 140 41 aliquam
287 405 191 41 positionem,
440 405 76 41 ex
478 405 89 41 qua
529 405 153 41 sequitur
631 405 64 41 de-

186 445 123 48 structio
278 445 92 48 huius
340 445 164 48 consequetiae
473 445 123 48 scilicet
566 445 92 48 quod,
627 445 62 48 si
648 445 51 48 coe

187 484 85 38 lum
235 484 121 38 habeat
320 484 134 38 partes,
418 484 134 38 necesse
515 484 85 38 est
563 484 97 38 quod
612 484 85 38 poten

185 518 87 44 tia
234 518 124 44 partis
321 518 149 44 differat
433 518 62 44 a
457 518 149 44 potentia
569 518 136 44 totius:
656 518 37 44 &

185 559 72 49 si
221 559 84 49 sit
269 559 181 49 impossibile
414 559 84 49 ipm
462 559 120 49 habere
546 559 133 49 partes,
631 559 60 49 ne-

185 595 99 50 dum
242 595 85 50 si
284 595 184 50 posuerunt
426 595 142 50 habere
525 595 142 50 partes
610 595 85 50 tres

175 633 90 42 in
220 633 135 42 actu:
310 633 75 42 &
340 633 150 42 quanto
445 633 135 42 magis
535 633 105 42 est
580 633 120 42 ponere

187 671 73 51 ipni
232 671 73 51 esse
278 671 145 51 impossibile,
396 671 109 51 secundum
477 671 73 51 quod
523 671 127 51 possibilis
622 671 64 51 est
650 671 45 51 for

171 709 91 46 ma
216 709 122 46 exis
292 709 91 46 in
338 709 182 46 materia.
475 709 76 46 a
505 709 182 46 Amplius,
627 709 76 46 cum

179 749 105 37 omne
245 749 184 37 compositum
389 749 79 37 ex
429 749 158 37 materia,
547 749 66 37 &
574 749 118 37 forma
639 749 53 37 in

188 783 138 43 uenimus
288 783 100 43 ipum
350 783 125 43 habere
438 783 113 43 actum
513 783 150 43 finitum,
613 783 88 43 dixi-

182 829 96 37 mus
237 829 205 37 infinitatem
401 829 178 37 actionis,
538 829 150 37 puenire
634 829 68 37 aut

189 868 84 41 ex
231 868 126 41 parte
315 868 154 41 formae,
427 868 98 41 aut
482 868 84 41 ex
524 868 126 41 parte
594 868 98 41 mate-

186 901 112 46 riae:
260 901 87 46 sed
310 901 112 46 forma
385 901 87 46 non
435 901 87 46 pot
484 901 100 46 dici
547 901 137 46 finita:
634 901 62 46 re-

184 938 94 41 stat
243 938 117 41 igitur
325 938 94 41 quod
384 938 129 41 finitas
477 938 82 41 est
524 938 70 41 ex
559 938 141 41 finitate
653 938 47 41 ma

186 972 134 46 teriae.
283 972 85 46 Et,
332 972 73 46 si
368 972 85 46 sit
417 972 109 46 actio
490 972 121 46 aliqua
562 972 134 46 infinita,

184 1013 87 37 non
233 1013 136 37 necesse
332 1013 87 37 est
382 1013 111 37 ipsam
456 1013 111 37 esse,
530 1013 87 37 aut
580 1013 74 37 in
604 1013 87 37 mate-

181 1048 94 42 ria
234 1048 148 42 finita,
342 1048 94 42 aut
396 1048 135 42 formae
490 1048 135 42 exntis
584 1048 81 42 in
611 1048 81 42 mate

190 1090 117 41 ria,
263 1090 102 41 qua
322 1090 146 41 posita
424 1090 189 41 sequuntur
555 1090 131 41 inconue

187 1125 129 39 nientia,
284 1125 86 39 quae
338 1125 108 39 Arist.
414 1125 129 39 intulit.
511 1125 86 39 Item
565 1125 86 39 omni
608 1125 86 39 formae

188 1166 122 50 exnti
270 1166 81 50 in
310 1166 149 50 materia
418 1166 176 50 contingit
540 1166 149 50 diuisibi-

195 1202 99 40 litas.
265 1202 69 40 vel
304 1202 139 40 possibitas
413 1202 119 40 scilicet
503 1202 119 40 potentia
582 1202 109 40 diuidendi

194 1245 64 42 ex
226 1245 96 42 parte
290 1245 138 42 materiae,
397 1245 128 42 scilicet
493 1245 96 42 inest
557 1245 128 42 potentia
642 1245 53 42 di-

190 1277 233 50 uisibilitatis.
384 1277 129 50 posita
475 1277 104 50 ergo
540 1277 129 50 aliqua
617 1277 78 50 for-

185 1314 89 45 ma,
236 1314 89 45 cui
287 1314 89 45 non
338 1314 140 45 accidit
440 1314 229 45 diuisibilitas,
618 1314 76 45 haec

195 1351 161 56 pculdubio
318 1351 86 56 non
368 1351 99 56 erit
429 1351 74 56 in
466 1351 148 56 materia,
578 1351 99 56 quod
627 1351 74 56 enim

187 1389 170 45 denudatum
318 1389 92 45 est
370 1389 65 45 a
396 1389 222 45 compositione,
579 1389 65 45 &
592 1389 105 45 factum

188 1429 113 37 esse,
264 1429 88 37 est
314 1429 176 37 substantia
453 1429 88 37 vna
503 1429 151 37 simplex,
604 1429 88 37 sicut

183 1465 158 41 simplex,
301 1465 118 41 sicut
380 1465 145 41 simplex
485 1465 184 41 huiusmodi.
617 1465 79 41 Haec

186 1501 61 52 O,
216 1501 143 52 propositio
329 1501 71 52 est
369 1501 173 52 conuertibilis
512 1501 122 52 scilicet
604 1501 82 52 quod
645 1501 51 52 est

188 1539 149 52 simplex,
299 1539 111 52 caret
373 1539 161 52 potentia,
497 1539 62 52 &
522 1539 99 52 quod
584 1539 111 52 caret
646 1539 50 52 po

186 1577 127 53 tentia,
279 1577 81 53 est
325 1577 138 53 simplex.
429 1577 138 53 potentia
533 1577 92 53 enim
590 1577 81 53 est
625 1577 69 53 cau-

183 1614 77 44 sa
222 1614 219 44 compositionis
402 1614 155 44 alicuius
518 1614 77 44 ex
557 1614 129 44 duabus
635 1614 64 44 sub

184 1653 164 45 stantiis,
310 1653 76 45 si
348 1653 113 45 illa,
424 1653 88 45 vel
474 1653 126 45 aliqua
550 1653 151 45 substantia

188 1693 84 50 est
236 1693 84 50 vna
284 1693 72 50 in
320 1693 108 50 actu,
392 1693 60 50 &
416 1693 144 50 potentia
524 1693 96 50 illa
584 1693 96 50 erit
632 1693 60 50 sim

193 1733 107 36 plex:
265 1733 155 36 huiusmodi
384 1733 107 36 autem
455 1733 95 36 suut
514 1733 131 36 corpora
598 1733 95 36 coele-

182 1771 115 40 stia:
259 1771 141 40 simplex
362 1771 128 40 autem,
451 1771 77 40 vt
490 1771 179 40 declaratum
618 1771 77 40 est,

182 1812 103 38 non
241 1812 162 38 mouetur
359 1812 89 38 ex
404 1812 103 38 se,
463 1812 118 38 nisi
537 1812 118 38 quod
596 1812 103 38 mouet

714 187 116 47 esset
791 187 142 47 primum:
894 187 103 47 quod
959 187 155 47 mouetur:
1075 187 142 47 corpora
1165 187 77 47 ergo

714 229 178 38 coelestia
851 229 109 38 sunt
919 229 164 38 materiae
1043 229 191 38 simplices,
1193 229 68 38 &

713 257 137 41 formae
809 257 123 41 eorum
891 257 109 41 sunt
959 257 137 41 formae
1055 257 96 41 non
1110 257 82 41 in
1137 257 96 41 mate-

711 300 137 46 rijs.
802 300 152 46 Habito
908 300 121 46 ergo
984 300 106 46 hoc
1045 300 137 46 patet
1121 300 106 46 eorum

722 332 125 46 erior,
809 332 87 46 qui
859 332 162 46 obiiciunt
983 332 125 46 Arist.
1070 332 100 46 quod
1132 332 75 46 in
1157 332 75 46 cor-

724 371 133 41 poribus
820 371 181 41 coelestibus
965 371 169 41 impossibis
1097 371 60 41 e
1110 371 120 41 diuisibi

714 411 131 47 litas,
805 411 104 47 quam
871 411 131 47 Arist.
962 411 131 47 posuit
1053 411 78 47 in
1092 411 91 47 sua
1132 411 91 47 demro

721 445 84 52 ne.
769 445 60 52 &
793 445 84 52 est
841 445 145 52 possibis
950 445 72 52 in
986 445 96 52 eis,
1046 445 157 52 inquantum
1155 445 72 52 posi

717 482 75 45 ta
754 482 100 45 sunt
816 482 100 45 ipsa
878 482 100 45 esse
941 482 125 45 formas
1028 482 75 45 in
1065 482 162 45 materijs,
1177 482 50 45 i-

720 519 147 46 possibis
830 519 110 46 vero,
904 519 160 46 inquantum
1027 519 98 46 sunt
1076 519 147 46 simplicia,

716 556 69 39 &
744 556 138 39 formae
840 556 124 39 eorum
923 556 97 39 non
978 556 110 39 sunt
1048 556 83 39 in
1075 556 152 39 materijs.

719 597 96 48 Isti
779 597 96 48 ergo
839 597 84 48 sic
886 597 72 48 se
922 597 131 48 habent,
1018 597 120 48 sicuti
1102 597 84 48 cum
1149 597 72 48 in
1173 597 60 48 syl

714 632 76 39 lo
752 632 139 39 ducente
853 632 76 39 ad
891 632 202 39 inconueniens
1055 632 164 39 obilciunt
1168 632 63 39 il-

716 670 162 44 lationem,
840 670 87 44 aut
890 670 99 44 quod
952 670 149 44 sequitur
1063 670 75 44 ex
1088 670 137 44 illatione

721 712 110 48 esse
790 712 137 48 verum,
886 712 69 48 &
913 712 137 48 dicunt
1009 712 137 48 syllum
1092 712 137 48 peccare.

722 746 106 53 quod
788 746 160 53 pluribus
908 746 146 53 accidit
1014 746 160 53 Modernis
1121 746 106 53 philo-

710 784 218 42 sophantibus,
888 784 96 42 qui
942 784 123 42 solis
1024 784 136 42 libris
1106 784 123 42 Auicem.

715 825 167 36 contenti
841 825 112 36 sunt
910 825 84 36 in
952 825 98 36 sua
1008 825 223 36 philosophia,
1189 825 70 36 &

717 868 120 41 maxime
801 868 96 41 quae
862 868 84 41 vir
910 868 96 41 ille
970 868 169 41 transtulit
1103 868 72 41 ab
1127 868 96 41 Arist.

716 900 63 38 in
747 900 104 38 libris
820 900 94 38 suis,
882 900 136 38 huiusmodi
987 900 136 38 virsaitur
1091 900 83 38 esse
1133 900 83 38 demtra

717 935 130 44 tiones
808 935 130 44 Arist.
899 935 78 44 in
938 935 117 44 prima
1016 935 130 44 facie,
1107 935 91 44 non
1146 935 78 44 sunt

717 975 111 42 autem
791 975 74 42 in
828 975 161 42 veritate.
951 975 99 42 vnde
1013 975 111 42 libri
1087 975 111 42 huius
1149 975 74 42 viri

722 1013 109 47 potius
799 1013 120 47 faciunt
886 1013 55 47 a
908 1013 142 47 sapientia
1017 1013 142 47 recedere,
1127 1013 87 47 quae
1170 1013 55 47 ip-

716 1053 74 49 sam
759 1053 147 49 largiantur
874 1053 53 49 &
895 1053 179 49 vniversaliter
1042 1053 84 49 dico
1095 1053 74 49 hoc
1137 1053 74 49 non
1168 1053 53 49 so-

714 1087 75 43 lum
757 1087 107 43 Auice,
832 1087 128 43 proprium
928 1087 96 43 esse,
992 1087 75 43 sed
1035 1087 53 43 &
1056 1087 96 43 omni,
1120 1087 75 43 qui
1152 1087 75 43 visus

713 1132 84 44 est
761 1132 108 44 loqui
833 1132 72 44 de
869 1132 168 44 huiusmodi,
1001 1132 84 44 non
1049 1132 156 44 obseruans
1157 1132 72 44 viam

719 1164 116 50 Arist.
800 1164 139 50 opinando
905 1164 69 50 in
939 1164 93 50 eis,
997 1164 93 50 quae
1044 1164 185 50 intelligunturi

720 1201 125 48 primo
803 1201 152 48 aspectu
914 1201 111 48 ipsa
984 1201 111 48 esse
1039 1201 194 48 demtrationes

719 1238 129 44 Arist.
810 1238 117 44 sicut
887 1238 129 44 sepius
978 1238 168 44 contingit
1107 1238 117 44 Oale.
1185 1238 65 44 &

712 1284 97 30 mox
768 1284 153 30 incipit
879 1284 223 30 contradicere
1060 1284 84 30 ei
1088 1284 139 30 nesciens

720 1317 141 46 psimet
819 1317 85 46 in
861 1317 170 46 veritate
989 1317 240 46 contradicere.
1172 1317 57 46 Et

716 1351 109 52 sicut
789 1351 134 52 accidit
886 1351 158 52 Alfarabio
1007 1351 73 52 in
1044 1351 97 52 hoc,
1105 1351 97 52 quod
1153 1351 73 52 opi-

714 1388 108 51 natus
786 1388 96 51 est,
846 1388 96 51 quod
906 1388 96 51 illa
966 1388 96 51 via,
1027 1388 96 51 quam
1087 1388 96 51 ipse
1135 1388 84 51 Aris.

711 1428 154 38 intendit
827 1428 77 38 ad
865 1428 205 38 aeternitatem
1032 1428 128 38 motus,
1121 1428 90 38 est
1160 1428 64 38 il-

713 1464 99 42 la,
769 1464 113 42 quam
840 1464 169 42 imposuit
967 1464 127 42 libro
1052 1464 99 42 suo
1108 1464 85 42 de
1136 1464 85 42 enti

707 1502 107 51 bus
768 1502 321 51 transmutabilibus.
1043 1502 137 51 Neque
1119 1502 107 51 solum

710 1540 83 39 in
752 1540 96 39 hoc
807 1540 152 39 accidit
917 1540 110 39 huic
986 1540 110 39 viro
1055 1540 96 39 hoc
1110 1540 96 39 cum
1151 1540 69 39 Ari

713 1575 126 43 stot.
797 1575 98 43 sed
853 1575 84 43 in
895 1575 112 43 arte
965 1575 252 43 demonstratiua,
1161 1575 56 43 in

714 1614 82 51 qua
761 1614 94 51 ipse
820 1614 129 51 incedit
913 1614 94 51 alia
972 1614 94 51 via,
1031 1614 94 51 quae
1089 1614 117 51 Arist.
1159 1614 59 51 opi

715 1660 106 32 naus
781 1660 119 32 illam
860 1660 106 32 esse
927 1660 132 32 veram,
1019 1660 93 32 aut
1072 1660 132 32 errans
1165 1660 79 32 in

715 1692 165 38 scientia
839 1692 138 38 Arist.
936 1692 69 38 &
963 1692 96 38 nos
1018 1692 96 38 iam
1060 1692 165 38 declaraui-

712 1737 108 41 mus
773 1737 108 41 hoc
835 1737 92 41 in
881 1737 185 41 commento
1019 1737 154 41 nostro
1111 1737 108 41 super

712 1765 258 48 posterioribus,
927 1765 72 48 &
955 1765 158 48 diximus
1070 1765 158 48 quaedam
1171 1765 57 48 de

718 1805 160 54 huiusmodi
841 1805 74 54 in
878 1805 135 54 nostris
964 1805 197 54 quaestionibus.
