1416 2066
178 181 234 45 esseformae,
366 181 78 45 &
397 181 94 45 in
444 181 234 45 corruptione
631 181 109 45 non

198 220 104 44 esse
263 220 104 44 eius
328 220 65 44 &
355 220 91 44 hoc
407 220 196 44 intendebat,
563 220 91 44 cum
603 220 104 44 dixit,

198 261 156 37 sufficit
315 261 156 37 alterum,
433 261 117 37 idest
498 261 104 37 forma,

241 317 182 45 Subiecta
377 317 136 45 autem
468 317 151 45 natura
559 317 151 45 scibilis

200 358 88 44 est
251 358 151 44 secundum
364 358 176 44 analogiam.
503 358 76 44 vt
540 358 101 44 enim
603 358 76 44 ad
628 358 76 44 sta-

199 397 115 45 tuam
271 397 115 45 aes,
343 397 101 45 aut
400 397 86 45 ad
443 397 144 45 lectum
544 397 158 45 lignum,
645 397 72 45 aut

198 442 96 55 ad
246 442 144 55 aliud
342 442 176 55 aliquid
469 442 208 55 habentium
613 442 96 55 for-

189 484 120 38 mam
258 484 206 38 materia,
412 484 86 38 &
447 484 189 38 informe
585 484 103 38 se
619 484 86 38 ha-

193 525 120 44 bet,
268 525 180 44 priusque
403 525 180 44 accipiat
537 525 165 44 formam,
642 525 75 44 sic

189 565 115 48 haec
260 565 86 48 ad
303 565 229 48 substantiam,
490 565 72 48 &
519 565 100 48 hoc
562 565 143 48 aliquid,

193 607 81 44 &
225 607 129 44 quod
306 607 113 44 est
370 607 97 44 se
419 607 161 44 habet.
532 607 129 44 Vnum
596 607 113 44 igitu

189 644 205 54 principium
350 644 132 54 haec,
438 644 103 54 non
497 644 103 54 sic
556 644 117 54 vnum
614 644 88 54 exi-

193 688 137 43 stens,
289 688 123 43 neque
371 688 96 43 sic
426 688 109 43 ens,
494 688 82 43 vt
535 688 96 43 hoc
576 688 137 43 aliquid:

197 732 137 39 vnum
282 732 154 39 autem
385 732 171 39 Ratio:
504 732 188 39 amplius
624 732 85 39 au-

194 773 120 45 tem
263 773 240 45 contrarium
451 773 137 45 huic
520 773 189 45 Priuatio.

244 813 154 62 Natura
352 813 108 62 aut
413 813 185 62 subiecta
537 813 170 62 cognosci-

196 860 99 46 tur
253 860 99 46 per
309 860 241 46 comparatione.
508 860 128 46 sicut
593 860 99 46 est
635 860 71 46 com

196 906 152 65 paratio
307 906 125 65 cupri
390 906 83 65 ad
432 906 152 65 idolum,
543 906 97 65 aut
598 906 83 65 li
626 906 83 65 fgni

191 957 101 53 ad
242 957 185 53 scamnu,
376 957 101 53 &,
427 957 152 53 sicut
511 957 202 53 comparatur

196 998 90 53 ad
241 998 135 53 aliud
331 998 180 53 habentiu
467 998 210 53 creationem
617 998 90 53 mate

193 1048 97 58 ria
249 1048 125 58 eius,
332 1048 69 58 &
360 1048 167 58 priuatio
485 1048 139 58 illius
568 1048 139 58 creatio-

192 1097 103 64 nis
251 1097 176 64 antequam
383 1097 176 64 ereatur,
516 1097 103 64 ita
575 1097 103 64 est
619 1097 88 64 com-

192 1140 159 62 paratio
307 1140 145 62 istius
408 1140 159 62 naturae
524 1140 87 62 ad
567 1140 130 62 istam
640 1140 72 62 sub

188 1192 172 69 stantia,
317 1192 100 69 aut
374 1192 201 69 congregata
532 1192 86 69 ex
561 1192 143 69 vtroque,

194 1239 115 59 aut
259 1239 164 59 forma,
374 1239 82 59 &
407 1239 279 59 demonstratum:
637 1239 115 59 sed

197 1290 203 62 dispositio
356 1290 116 62 eius
429 1290 116 62 apud
501 1290 102 62 ens
545 1290 160 62 vniuersa,

196 1337 147 65 liter.
299 1337 118 65 Ista
373 1337 147 65 igitur
476 1337 147 65 natura
579 1337 103 65 est
624 1337 88 65 vnum

191 1385 227 57 principium,
373 1385 76 57 &
403 1385 106 57 non
464 1385 106 57 est
524 1385 121 57 vna,
585 1385 121 57 neque,

201 1433 119 50 vnu,
275 1433 89 50 vt
320 1433 252 50 demonstratum:
528 1433 74 50 &
558 1433 104 50 est
602 1433 104 50 aliuo

194 1481 227 58 principium,
375 1481 121 58 quod
451 1481 106 58 est
511 1481 151 58 Ratio:
617 1481 76 58 &
632 1481 76 58 con

191 1529 168 49 trarium
313 1529 138 49 isti,
405 1529 77 49 &
436 1529 107 49 est
482 1529 168 49 priuatio.

241 1575 71 45 Et
277 1575 95 45 ista
336 1575 131 45 natura,
431 1575 95 45 quae
491 1575 83 45 est
538 1575 143 45 subiecta
634 1575 71 45 sub-

207 1613 164 54 stantiae,
334 1613 88 54 non
384 1613 88 54 pot
434 1613 164 54 intelligi
561 1613 88 54 per
611 1613 88 54 se,
649 1613 63 54 cum

198 1653 97 52 non
254 1653 97 52 sit
309 1653 153 52 aliquid
420 1653 83 52 in
462 1653 111 52 actu
531 1653 139 52 habens
615 1653 97 52 quidi

194 1693 117 52 tatem,
276 1693 82 52 sed
323 1693 186 52 intelligitur
474 1693 140 52 secundum
567 1693 140 52 comparatio

197 1729 87 56 nem
246 1729 124 56 perper
333 1729 161 56 latentiam
457 1729 99 56 suae
519 1729 198 56 substantiae.
680 1729 62 56 &

196 1772 137 38 ideo,
287 1772 107 38 cum
348 1772 213 38 voluerimus
516 1772 122 38 dare
577 1772 137 38 substan

199 1811 110 39 tiam
268 1811 124 39 eius,
351 1811 152 39 dicimus
461 1811 124 39 ipsam
544 1811 110 39 esse
599 1811 110 39 illud,

180 1850 122 40 cuius
262 1850 176 40 proportio
397 1850 81 40 ad
438 1850 203 40 substantiam
601 1850 95 40 est
641 1850 68 40 si

722 180 106 45 cut
783 180 198 45 proportio
935 180 137 45 cupri
1026 180 91 45 ad
1071 180 167 45 idolum,
1193 180 106 45 aut
1238 180 46 45 E

729 223 118 51 ligni
808 223 79 51 ad
847 223 158 51 scamnum.
965 223 105 51 D.d.
1031 223 79 51 &,
1070 223 118 51 sicut
1136 223 105 51 compa-

729 261 104 45 ratur
799 261 70 45 i.
834 261 58 45 &
857 261 197 45 vniversaliter
1019 261 104 45 sicut
1089 261 162 45 comparatur
1205 261 46 45 ad

723 300 139 39 aliud
815 300 154 39 habens
923 300 231 39 creationem,
1108 300 77 39 &
1124 300 123 39 formam

726 340 125 46 materi
813 340 112 46 eius,
888 340 62 46 &
912 340 150 46 priuatio
1025 340 174 46 creationis
1162 340 112 46 eius,

728 378 96 51 ita
783 378 109 51 ista
851 378 136 51 natura
947 378 191 51 comparatur
1097 378 82 51 ad
1124 378 123 51 substan

729 415 96 45 tiam,
793 415 64 45 i.
825 415 128 45 secundum
921 415 85 45 quod
974 415 74 45 est
1016 415 128 45 subiecta
1101 415 149 45 substantiae,

735 461 68 48 &
763 461 176 48 recipiens
898 461 136 48 illam.
993 461 109 48 D.d,
1061 461 95 48 aut
1102 461 149 48 congrega-

726 500 98 38 tam
782 500 84 38 ex
824 500 168 38 vtroque.
950 500 98 38 hic
1007 500 168 38 exposuit
1119 500 126 38 substan

730 533 120 42 tiam,
810 533 93 42 cui
863 533 186 42 comparatur
1009 533 107 42 ista
1076 533 146 42 natura.
1169 533 80 42 sub-

731 573 140 49 stantia
833 573 102 49 enim
896 573 140 49 dicitur
998 573 76 49 de
1036 573 165 49 cogregato
1163 573 76 49 ex
1189 573 64 49 hac

725 613 124 37 matem,
812 613 62 37 &
837 613 124 37 forma,
924 613 62 37 &
948 613 137 37 dicitur
1048 613 75 37 de
1085 613 112 37 forma
1147 613 100 37 etiam.

730 648 61 53 &
754 648 110 53 dicit
828 648 98 53 quod
889 648 98 53 ista
951 648 86 53 nam
1000 648 135 53 dicitur
1098 648 74 53 in
1122 648 123 53 respectu

727 691 208 48 substantiae,
896 691 91 48 aut
948 691 195 48 substantiae
1091 691 156 48 aggregatae

731 728 72 49 ex
767 728 131 49 vtroque
863 728 143 49 scilicet
970 728 155 49 indiuidui
1078 728 167 49 demonstrati,

730 765 93 49 aut
783 765 146 49 formae,
889 765 66 49 &
915 765 93 49 est
968 765 132 49 illud,
1061 765 93 49 per
1114 765 106 49 quod
1167 765 66 49 sub

729 805 151 38 stantia
839 805 96 38 est
894 805 206 38 demonstrata
1059 805 82 38 in
1100 805 124 38 actu.
1168 805 69 38 D.d

726 844 100 49 ista
788 844 125 49 igitur
876 844 88 49 nam
926 844 88 49 est
976 844 100 49 vnum
1038 844 188 49 principium,
1176 844 63 49 &c.

731 879 117 43 idest
809 879 65 43 &
835 879 104 43 ista
901 879 144 43 natura,
1005 879 104 43 quae
1070 879 91 43 est
1123 879 117 43 prima
1188 879 52 43 ma

735 917 119 45 teria,
818 917 83 45 est
866 917 95 45 vnum
925 917 166 45 principium
1055 917 130 45 commune
1138 917 107 45 omnibus

733 964 151 43 entibus
843 964 288 43 transmutabilibus,
1090 964 110 43 quae
1145 964 96 43 alte-

725 997 137 40 rantur
821 997 82 40 in
863 997 165 40 inuicem,
986 997 96 40 sed
1041 997 96 40 non
1096 997 96 40 est
1151 997 96 40 vna
1192 997 55 40 in

727 1032 80 42 se,
772 1032 80 42 ita
818 1032 92 42 quod
875 1032 80 42 sit
921 1032 160 42 substantia
1047 1032 126 42 simplex
1127 1032 115 42 existens

727 1074 112 49 actu,
801 1074 112 49 neque
876 1074 87 49 ita
926 1074 100 49 quod
988 1074 87 49 sit
1038 1074 137 49 aliquod
1125 1074 112 49 composi

730 1113 92 41 tum
782 1113 79 41 ex
822 1113 158 41 materia,
940 1113 66 41 &
967 1113 132 41 forma.
1059 1113 105 41 nam,
1125 1113 79 41 si
1151 1113 92 41 habe-

736 1150 93 54 tet
789 1150 134 54 formam
883 1150 174 54 propriam,
1016 1150 134 54 nullam
1109 1150 120 54 aliam
1176 1150 67 54 re-

725 1196 160 44 ciperet
842 1196 116 44 ipsa
914 1196 218 44 permanente,
1088 1196 102 44 sed
1132 1196 116 44 statim

735 1229 223 52 corrumperetur
919 1229 105 52 quae
984 1229 105 52 cito
1050 1229 105 52 alia
1116 1229 118 52 forma
1181 1229 53 52 ge

727 1275 186 43 neraretur
870 1275 72 43 &
899 1275 143 43 Tetiam
999 1275 172 43 quicquid
1114 1275 129 43 recipit

728 1305 128 53 aliquid
822 1305 82 53 non
868 1305 128 53 recipit
962 1305 105 53 ipsum
1032 1305 140 53 secundum
1137 1305 93 53 quod
1184 1305 58 53 est

736 1342 59 54 in
766 1342 89 54 actu,
825 1342 69 54 sed
864 1342 118 54 secundum
953 1342 79 54 quod
1002 1342 69 54 est
1041 1342 59 54 in
1071 1342 128 54 potentia.
1169 1342 59 54 si
1189 1342 49 54 igi

734 1386 81 47 tur
781 1386 104 47 prima
850 1386 127 47 materia
942 1386 116 47 innata
1023 1386 81 47 est
1070 1386 139 47 recipere
1162 1386 81 47 omnes

727 1420 146 51 formas,
833 1420 146 51 necesse
940 1420 93 51 est
993 1420 80 51 vt
1033 1420 93 51 sit
1086 1420 80 51 in
1113 1420 133 51 potentia

732 1461 123 36 omnes
814 1461 150 36 formae,
923 1461 68 36 &
951 1461 82 36 vt
992 1461 95 36 non
1046 1461 136 36 habeat
1142 1461 82 36 in
1169 1461 68 36 sua

723 1498 204 40 substantia
883 1498 145 40 formam
985 1498 189 40 propriam,
1131 1498 102 40 qua
1174 1498 73 40 est

726 1540 140 38 materia.
832 1540 58 38 &
855 1540 117 38 etiam,
937 1540 70 38 si
972 1540 105 38 esset
1042 1540 129 38 aliquod
1124 1540 117 38 existens

729 1577 81 51 in
770 1577 122 51 actu,
851 1577 81 51 i.
892 1577 135 51 habens
987 1577 149 51 formam,
1095 1577 108 51 tunc
1149 1577 81 51 gene

729 1615 118 36 ratio
808 1615 79 36 in
847 1615 183 36 substantia
991 1615 118 36 esset
1070 1615 183 36 alteratio,
1201 1615 39 36 &

724 1653 140 38 formae
822 1653 140 38 essent
920 1653 210 38 accidentia.
1088 1653 112 38 D.d.
1158 1653 70 38 &
1172 1653 70 38 est

726 1693 107 51 aliud
797 1693 178 51 principium,
940 1693 71 51 i.
975 1693 59 51 &
999 1693 119 51 sentia
1082 1693 119 51 hibunt
1153 1693 83 51 aliud

728 1730 200 47 principium
885 1730 71 47 a
913 1730 186 47 subiecto,
1056 1730 71 47 &
1085 1730 100 47 est
1128 1730 114 47 forma,

729 1774 88 48 sed
780 1774 126 48 primum
868 1774 177 48 principium
1007 1774 76 48 in
1045 1774 88 48 hoc
1095 1774 126 48 gerere
1171 1774 63 48 nen

725 1808 129 54 potuit
816 1808 117 54 sciri
893 1808 78 54 in
932 1808 91 54 hac
984 1808 129 54 sceia,
1075 1808 117 54 sicut
1139 1808 104 54 primum

729 1853 104 37 subm.
799 1853 92 37 D.d.
856 1853 104 37 etiam
926 1853 162 37 contrarium
1053 1853 104 37 isti,
1122 1853 69 37 i.
1145 1853 104 37 formae.
