1416 2066
180 181 130 45 quibus
271 181 143 45 existit
375 181 169 45 amicitia,
506 181 117 45 sicut
571 181 117 45 distin-

180 228 136 43 guitur
276 228 95 43 hoc
330 228 82 43 in
371 228 163 43 homibus,
493 228 68 43 &
521 228 136 43 vocare
602 228 82 43 debe

182 261 85 45 ret
230 261 109 45 modum
303 261 133 45 entium,
399 261 72 45 in
435 261 121 45 quibus
520 261 85 45 est
556 261 133 45 amicitia,

184 296 146 44 amicos,
290 296 66 44 &
317 296 80 44 in
357 296 120 44 qubus
436 296 93 44 est
490 296 106 44 lis,
543 296 146 44 inimicos,

185 340 101 44 Sed
242 340 101 44 hoc
300 340 101 44 non
358 340 144 44 potuit
458 340 144 44 facere
559 340 144 44 Emped.
646 340 43 44 I

182 380 119 44 entibus
269 380 130 44 scilicet
366 380 162 44 distinguere
496 380 65 44 in
529 380 76 44 eis
572 380 97 44 istos
626 380 65 44 duos

179 410 138 44 modos.
276 410 152 44 deinde,
386 410 83 44 si
428 410 235 44 distingueret,
621 410 97 44 non

181 448 132 48 posset
273 448 105 48 dare
339 448 132 48 causam
431 448 79 48 in
471 448 105 48 hoc,
537 448 105 48 quod
590 448 105 48 mundus

188 491 107 46 totus
259 491 178 46 comoregatur
401 491 166 46 quandoque,
531 491 59 46 &
543 491 154 46 segregatur,

185 532 159 43 quandoque,
310 532 91 43 nisi
367 532 80 43 ita
412 532 91 43 quod
469 532 125 43 inimici
549 532 148 43 reuertentur

181 561 125 40 amici,
268 561 63 40 &
293 561 113 40 amici
368 561 150 40 inimici,
481 561 100 40 quod
543 561 125 40 igitur
618 561 75 40 fin-

185 605 90 43 git
237 605 129 43 falsum
327 605 103 43 est,
391 605 64 43 &
417 605 116 43 extra
494 605 154 43 naturam.
610 605 77 43 Et
649 605 77 43 in

191 637 138 43 tendebat
294 637 80 43 per
340 637 92 43 hoc,
397 637 92 43 quod
454 637 103 43 sermo
523 637 103 43 eius,
592 637 80 43 cum
626 637 69 43 hoc,

191 679 88 44 quod
246 679 77 44 est
290 679 131 44 ornatus,
388 679 77 44 non
432 679 110 44 bamden
509 679 131 44 sequitur
596 679 88 44 simili

192 713 134 41 tudinem,
292 713 89 41 quam
348 713 123 41 deberet
437 713 111 41 seque.
515 713 78 41 lis
559 713 89 41 enim
615 713 56 41 &
626 713 67 41 ami-

192 751 103 36 citia
260 751 80 36 non
306 751 161 36 inuenitur,
433 751 92 36 nisi
490 751 69 36 in
525 751 172 36 animalibus,
663 751 57 36 &

190 788 118 51 pcipue
273 788 201 51 rationalibus,
439 788 83 51 non
486 788 71 51 in
521 788 95 51 eis,
581 788 95 51 quae
628 788 59 51 non

182 835 100 31 suat
244 835 162 31 animalia.
368 835 125 31 Emped.
455 835 125 31 igitur
530 835 162 31 assimilauit

185 863 176 43 irromnalia
323 863 213 43 rationalibus,
499 863 63 43 &
524 863 163 43 iudicauit
637 863 50 43 ea

189 902 110 51 eodem
262 902 110 51 modo,
335 902 61 51 &
359 902 110 51 fecit
432 902 110 51 plus,
505 902 97 51 quid
566 902 85 51 non
603 902 85 51 sequi

191 940 91 38 tur
243 940 221 38 similitudinem
425 940 78 38 in
465 940 143 38 omnibus
556 940 143 38 accidenti

194 976 77 46 bus
238 976 99 46 suis.
304 976 99 46 sermo
370 976 110 46 igitur
447 976 99 46 eius,
512 976 77 46 cum
556 976 77 46 hoc
600 976 88 46 quod
644 976 55 46 est

186 1020 159 30 ornatus,
305 1020 93 30 non
358 1020 93 30 est
411 1020 159 30 perfecte
531 1020 159 30 ornatus.
637 1020 53 30 D.

188 1053 68 37 d.
222 1053 102 37 ponit
290 1053 91 37 enim
346 1053 79 37 &c.
391 1053 91 37 ista
448 1053 79 37 est
493 1053 136 37 narratio
584 1053 113 37 rationis

187 1088 108 42 Empe.
259 1088 60 42 d
283 1088 96 42 enim
343 1088 96 42 quia
403 1088 96 42 lis,
463 1088 60 42 &
487 1088 144 42 amicitia
595 1088 72 42 in
619 1088 72 42 qui-

190 1124 139 50 busdam
287 1124 125 50 rebus
371 1124 181 50 fegregat,
510 1124 70 50 &
524 1124 167 50 congregat,

194 1161 123 41 necesse
283 1161 90 41 est,
340 1161 67 41 vt
373 1161 101 41 talis
440 1161 78 41 sit
485 1161 112 41 cursus
564 1161 67 41 in
586 1161 101 41 omnibus

188 1197 126 38 rebus.
276 1197 126 38 natura
364 1197 101 38 enim
427 1197 138 38 partis,
528 1197 63 38 &
553 1197 126 38 totius
628 1197 63 38 est

192 1244 124 30 eadem.
278 1244 62 30 &
303 1244 174 30 manifestum
440 1244 87 30 est
489 1244 99 30 quod
551 1244 99 30 iste
601 1244 87 30 fermo

191 1275 78 39 est
236 1275 168 39 rhetoricus.
370 1275 78 39 Et,
415 1275 78 39 cum
459 1275 101 39 dedit
526 1275 134 39 rationem
616 1275 67 39 eius

180 1309 140 37 icoepit
282 1309 127 37 dicere
371 1309 102 37 quod
435 1309 140 37 deberet
537 1309 102 37 dare
601 1309 76 37 ex
626 1309 64 37 cau

192 1346 93 40 sis
245 1346 185 40 concedendo
390 1346 106 40 hanc
457 1346 185 40 opinionem,
602 1346 66 40 &
616 1346 79 40 hanc

193 1383 156 48 rationem,
313 1383 60 48 &
337 1383 72 48 d.
373 1383 84 48 sed
421 1383 84 48 hoc
469 1383 96 48 esse
529 1383 72 48 in
553 1383 144 48 temporibus

199 1421 154 51 equalibus,
320 1421 77 51 &c.
364 1421 66 51 i.
397 1421 77 51 sed
441 1421 88 51 hoc,
497 1421 88 51 quod
552 1421 121 51 posuit,
629 1421 55 51 qui

191 1457 107 41 isti
257 1457 94 41 duo
311 1457 120 41 motus
391 1457 174 41 contrarij
525 1457 107 41 sunt
591 1457 80 41 in
618 1457 67 41 tem

199 1501 89 46 pore
254 1501 133 46 aequali,
354 1501 77 46 aut
398 1501 89 46 quod
454 1501 100 46 tpeos
520 1501 100 46 motus
586 1501 77 46 est
620 1501 77 46 aequa

193 1533 68 51 li
227 1533 90 51 tpri
283 1533 136 51 quietis,
385 1533 124 51 indiget
475 1533 102 51 etiam
543 1533 124 51 ratione
622 1533 68 51 alia

189 1574 77 44 ab
228 1574 115 44 ista.
305 1574 77 44 Et
343 1574 115 44 dixit
420 1574 103 44 hoc,
484 1574 103 44 quia
548 1574 103 44 res,
612 1574 77 44 in
638 1574 51 44 u-

192 1607 68 46 bus
231 1607 107 46 existit
309 1607 68 46 am:
348 1607 97 46 citia,
416 1607 49 46 &
435 1607 68 46 lis
474 1607 117 46 scilicet
562 1607 68 46 res
591 1607 97 46 animatae

190 1646 98 52 non
246 1646 209 52 inueniuntur
413 1646 125 52 agere
497 1646 84 52 in
525 1646 167 52 temporibus

196 1684 162 46 aequalibus,
326 1684 86 46 ita,
380 1684 86 46 quod
434 1684 97 46 omnes
499 1684 119 46 homines
585 1684 86 46 sint
628 1684 65 46 ali-

193 1725 93 49 quo
246 1725 106 49 tpre
312 1725 133 49 amici,
405 1725 66 49 &
432 1725 80 49 in
472 1725 106 49 alio
538 1725 93 49 tpe
578 1725 106 49 inimi-

191 1762 77 50 ci,
235 1762 88 50 ita,
290 1762 88 50 quod
345 1762 121 50 tempora
433 1762 165 50 inimicitiae
565 1762 88 50 sint
609 1762 77 50 aequa

186 1797 86 45 lia
235 1797 173 45 temporibus
371 1797 173 45 amicitiae.
507 1797 86 45 hoc
556 1797 99 45 enim
606 1797 86 45 totum

708 189 87 37 non
757 189 161 37 inuenitur
881 189 74 37 in
919 189 87 37 suo
968 189 149 37 exemplo.
1080 189 62 37 &
1105 189 99 37 ideo
1155 189 74 37 debe

720 221 80 37 tet
765 221 92 37 dare
823 221 103 37 aliam
891 221 149 37 rationem,
1006 221 80 37 aut
1051 221 103 37 alias
1109 221 114 37 rationes

712 262 79 39 ab
751 262 131 39 illis,
843 262 105 39 quas
908 262 144 39 accepit
1013 262 79 39 ab
1053 262 157 39 homibus.
1157 262 66 39 Et,

715 293 81 54 cum
762 293 69 54 d.
796 293 93 54 hoc,
854 293 93 54 quod
912 293 185 54 diminuebatur
1063 293 69 54 ei
1098 293 69 54 in
1132 293 93 54 ipsa
1179 293 46 54 po

718 335 119 43 sitione,
807 335 60 43 d.
837 335 60 43 Et
867 335 169 43 vniversaliter
1006 335 149 43 existimare,
1125 335 69 43 &c.
1164 335 60 43 i.
1194 335 50 43 &

724 377 147 46 niversaler
839 377 147 46 existimare
954 377 84 46 quod
1006 377 136 46 pricipium
1100 377 126 46 sufficiens

714 409 72 41 in
750 409 84 41 hoc
798 409 84 41 est
846 409 132 41 dicere,
942 409 96 41 quod
1002 409 120 41 natura
1086 409 96 41 eius
1134 409 72 41 est,

717 452 81 45 qua
764 452 81 45 dat
810 452 104 45 agere
879 452 81 45 res
925 452 173 45 contrarias,
1063 452 81 45 non
1109 452 81 45 est
1144 452 69 45 ser-

717 482 76 56 mo
755 482 140 56 rectus:
857 482 89 56 nec
908 482 102 56 hoc,
972 482 102 56 quid
1035 482 114 56 datur
1111 482 76 56 in
1137 482 76 56 hoc,

710 525 147 37 sufficit
820 525 74 37 in
857 525 86 37 cam
906 525 123 37 istius
992 525 123 37 ponis.
1078 525 98 37 D.d.
1139 525 61 37 &
1152 525 61 37 hoc

712 560 83 42 est
760 560 119 42 illud,
843 560 71 42 ad
878 560 95 42 quid
937 560 107 42 fecit
1009 560 119 42 redire
1092 560 119 42 causas
1175 560 71 42 in

709 604 139 45 natura,
811 604 89 45 &c.
861 604 76 45 i.
899 604 63 45 &
925 604 101 45 hoc,
988 604 101 45 quid
1051 604 76 45 d.
1089 604 127 45 Emped.
1165 604 51 45 in

722 637 145 50 pricipio,
833 637 78 50 cum
878 637 145 50 quaesitum
989 637 89 50 fuit
1045 637 67 50 ab
1078 637 78 50 eo,
1112 637 100 50 quomodo

713 684 101 33 agit
776 684 88 33 res
827 684 189 33 contrarias,
978 684 113 33 illud
1053 684 101 33 idem
1116 684 76 33 d.
1141 684 76 33 Demo

709 712 123 42 eritus
795 712 74 42 in
832 712 209 42 contrarietate
1004 712 160 42 existente
1127 712 74 42 in
1152 712 62 42 re-

712 752 75 49 bus
755 752 160 49 naturalibus
883 752 128 49 scilicet
979 752 85 49 quod
1033 752 117 49 accidit
1107 752 107 49 quaerere

707 788 104 38 eam
767 788 89 38 in
811 788 164 38 actione
930 788 134 38 primi
1020 788 193 38 principp.
1153 788 60 38 Et

712 824 75 44 hoc
755 824 162 44 intendebat,
885 824 75 44 cum
928 824 54 44 d
949 824 129 44 scilicet
1046 824 86 44 quod
1090 824 129 44 antecedens

717 863 73 43 etm
758 863 73 43 est
800 863 94 43 tale.
863 863 63 43 I.
894 863 83 43 quia
946 863 63 43 in
977 863 73 43 eam
1019 863 146 43 precedentr
1134 863 73 43 non
1165 863 42 43 di

718 901 84 49 plus
770 901 63 49 in
801 901 73 49 hoc
843 901 126 49 scilicet
938 901 84 49 quod
990 901 84 49 agit
1042 901 147 49 contraria,
1147 901 63 49 nisi

709 940 95 49 hoc,
769 940 95 49 quod
828 940 107 49 talem
900 940 107 49 habet
971 940 143 49 naturam.
1078 940 95 49 D.d.
1138 940 60 49 &
1149 940 60 49 non

708 978 124 49 oportet
798 978 146 49 quaerere,
910 978 79 49 &c.
955 978 67 49 i.
988 978 56 49 &
1011 978 79 49 non
1056 978 124 49 oportet
1134 978 79 49 quae-

714 1012 86 39 rere
768 1012 107 39 causam
843 1012 129 39 actionis
939 1012 96 39 eius,
1003 1012 96 39 cuius
1068 1012 86 39 esse
1121 1012 75 39 est
1153 1012 54 39 ne-

713 1053 143 50 cessarium.
825 1053 71 50 Cam
866 1053 82 50 enim
917 1053 71 50 non
957 1053 92 50 debet
1018 1053 112 50 quaeri,
1100 1053 82 50 nisi
1151 1053 61 50 in
1171 1053 41 50 eo

708 1087 103 51 cuius
776 1087 92 51 esse
834 1087 80 51 non
880 1087 80 51 est
926 1087 172 51 necessarum.
1064 1087 69 51 i.
1098 1087 92 51 quod
1156 1087 80 51 non

709 1134 143 37 oportet
813 1134 117 37 urere
891 1134 130 37 causam
982 1134 156 37 actionis
1099 1134 117 37 entis
1164 1134 52 37 ne

713 1165 170 45 cessaril.
843 1165 78 45 Et
883 1165 144 45 induxit
987 1165 157 45 Antiquos
1105 1165 78 45 ad
1131 1165 78 45 hoc,

712 1205 82 45 quia
763 1205 153 45 poominebant
885 1205 143 45 principium
998 1205 92 45 mundi
1059 1205 82 45 esse
1100 1205 112 45 aeternum,

714 1240 63 40 &
740 1240 126 40 mundum
828 1240 101 40 esse
891 1240 126 40 nonum.
980 1240 114 40 Vnde,
1055 1240 88 40 cum
1093 1240 114 40 quaere-

712 1280 111 42 batur
786 1280 74 42 ab
822 1280 98 42 eis,
884 1280 111 42 quare
958 1280 197 42 inueniebatur
1106 1280 98 42 mundus

704 1324 71 38 ab
740 1324 71 38 eo
775 1324 71 38 in
810 1324 94 38 tali
869 1324 141 38 tempore,
975 1324 59 38 &
999 1324 106 38 rttio
1070 1324 71 38 in
1105 1324 106 38 alio,
1164 1324 47 38 co

708 1350 120 56 gebantur
798 1350 100 56 dicere
869 1350 90 56 illud
929 1350 120 56 pdictum,
1019 1350 120 56 scilicet
1110 1350 80 56 quod
1160 1350 70 56 non

712 1397 161 48 op,qurere
836 1397 74 48 in
873 1397 137 48 eterno,
972 1397 124 48 quare.
1059 1397 74 48 Et
1096 1397 87 48 non
1134 1397 74 48 est,

708 1430 120 48 sicut
787 1430 266 48 existimatierunt.
1014 1430 160 48 veruntam
1120 1430 93 48 opsvt

714 1467 73 50 non
755 1467 93 50 detur
817 1467 73 50 cam
859 1467 62 50 in
890 1467 114 50 actione
973 1467 135 50 pricipil,
1077 1467 104 50 quando
1139 1467 73 50 actio

712 1506 97 40 eius
772 1506 121 40 fuerit
857 1506 145 40 aeterna.
966 1506 72 40 si
1002 1506 109 40 autem
1074 1506 109 40 actio
1135 1506 72 40 eius

706 1540 117 52 fuerit
788 1540 117 52 rmoua,
870 1540 82 52 ops
917 1540 70 52 vt
952 1540 129 52 habetat
1046 1540 164 52 principium
1163 1540 47 52 in

708 1579 103 39 illa
772 1579 142 39 actioe.
875 1579 90 39 Et,
927 1579 90 39 cum
978 1579 154 39 narrauit
1081 1579 129 39 sermonen

712 1619 113 46 Demo.
788 1619 75 46 in
826 1619 101 46 hoc,
889 1619 151 46 incoepit
1002 1619 176 46 notificare
1128 1619 75 46 quod

706 1656 104 34 iste
771 1656 117 34 sermo
850 1656 91 34 non
902 1656 91 34 est
954 1656 131 34 verus,
1045 1656 65 34 &
1071 1656 78 34 d.
1111 1656 65 34 &
1124 1656 91 34 istud

710 1690 153 52 iudicium
825 1690 77 52 in
864 1690 166 52 quibusdam
992 1690 115 52 rebus
1068 1690 90 52 non
1119 1690 90 52 est
1158 1690 51 52 ve

710 1734 111 42 rum,
779 1734 97 42 &c.
835 1734 83 42 i.
876 1734 69 42 &
904 1734 125 42 sermo
987 1734 125 42 Demo.
1070 1734 69 42 &
1084 1734 125 42 sequen-

712 1772 92 43 tium
770 1772 104 43 eius,
839 1772 92 43 quod
897 1772 81 43 res
943 1772 173 43 necessariae
1081 1772 81 43 non
1116 1772 92 43 debent

702 1799 134 44 habere
795 1799 147 44 causas,
902 1799 94 44 est
956 1799 120 44 verus
1036 1799 80 44 in
1063 1799 147 44 quibusdam
