1416 2066
177 181 148 37 partis
281 181 119 37 est,
355 181 119 37 quia
429 181 104 37 iam
489 181 178 37 posuimus
607 181 104 37 primo

193 217 86 50 quod
247 217 75 50 est
290 217 86 50 vnus
343 217 107 50 motuum
418 217 128 50 partium.
514 217 118 50 quoniam
600 217 75 50 per
632 217 75 50 illum

187 256 138 47 excedit
288 256 126 47 illud,
376 256 100 47 quid
438 256 188 47 congregatur
589 256 75 47 ex
614 256 88 47 moti-

196 292 102 38 bus
255 292 160 38 partium
371 292 146 38 motuum
473 292 146 38 totius
560 292 146 38 positum,

237 341 101 44 Alia
301 341 114 44 autem
376 341 88 44 est
427 341 152 44 secundum
540 341 139 44 tempus.
629 341 63 44 Nam

180 395 114 32 cum
245 395 146 32 omnis
342 395 146 32 motus
439 395 97 32 in
488 395 195 32 tempore:
618 395 81 32 sit

190 424 139 43 tempus
288 424 126 43 autem
371 424 112 43 omne
441 424 195 43 diuisibile
594 424 112 43 sit,
650 424 56 43 in

185 466 171 48 minori
305 466 154 48 autem
407 466 154 48 minor
510 466 154 48 motus
595 466 103 48 sit,

189 509 191 37 necesse
327 509 121 37 est
397 509 156 37 omnem
501 509 156 37 motum
588 509 121 37 diui-

184 556 114 38 di
241 556 227 38 secundum
392 556 171 38 tempus.

235 596 87 62 Et
279 596 116 62 alia
352 596 160 62 diuisio
468 596 102 62 est
526 596 174 62 secundum
642 596 58 62 te

186 653 119 59 pus.
261 653 149 59 Quonia
365 653 134 59 omnis
455 653 134 59 motus
544 653 104 59 est
604 653 89 59 in
633 653 75 59 tem

186 693 135 62 pore:
276 693 75 62 &
306 693 90 62 oe
351 693 150 62 tempus
457 693 105 62 est
502 693 195 62 diuisibile,

192 741 81 53 &
224 741 145 53 motus
321 741 97 53 in
370 741 162 53 minori
483 741 162 53 tepore
596 741 113 53 est
644 741 65 53 mi

193 794 114 52 nor:
264 794 71 52 &
293 794 171 52 sequitur
421 794 200 52 necessario
578 794 86 52 vt
607 794 100 52 omnis

192 833 86 49 enm
241 833 98 49 otus
302 833 86 49 sit
351 833 184 49 diuisibilis
498 833 135 49 secudum
584 833 110 49 tempus,

228 884 97 38 Cum
284 884 194 38 declarauit
436 884 111 38 quod
506 884 125 38 motus
589 884 97 38 est
631 884 69 38 di-

192 924 145 38 uisibilis
303 924 134 38 secundum
403 924 212 38 diuisibilitatem
582 924 100 38 moti,
637 924 67 38 vult

197 958 168 43 declaiare
326 958 116 43 etiam
403 958 116 43 ipsum
481 958 103 43 esse
532 958 168 43 diuisibilem

190 997 123 48 secundum
282 997 123 48 diuisib:
374 997 113 48 litatem
456 997 133 48 temporis,
559 997 51 48 &
569 997 133 48 sylsecundum

196 1037 166 37 componit
321 1037 111 37 sic.
390 1037 125 37 Omnis
473 1037 125 37 motus
557 1037 97 37 est
612 1037 83 37 in
640 1037 69 37 tem

194 1076 124 44 pore,
277 1076 69 44 &
304 1076 96 44 hoc
359 1076 193 44 declaratum
511 1076 110 44 est:
579 1076 69 44 &
593 1076 110 44 tempus

191 1108 102 39 omne
255 1108 89 39 est
306 1108 191 39 diuisibile,
458 1108 64 39 &
484 1108 89 39 hoc
535 1108 114 39 etiam
598 1108 102 39 decla-

186 1146 117 40 ratum
264 1146 104 40 est:
329 1146 65 40 &
355 1146 195 40 existimatur
512 1146 104 40 quod
564 1146 143 40 sequitur,

195 1182 72 41 ex
231 1182 96 41 hoc,
291 1182 96 41 quod
351 1182 108 41 omnis
423 1182 108 41 motus
495 1182 84 41 est
531 1182 168 41 diuisibilis.

191 1223 80 48 sed
236 1223 80 48 non
282 1223 80 48 est
328 1223 92 48 ita,
386 1223 115 48 donec,
466 1223 138 48 probetur
569 1223 92 48 quod
615 1223 92 48 omnis,

194 1261 122 45 motus
276 1261 95 45 est
330 1261 81 45 in
370 1261 149 45 tempore
479 1261 108 45 sibi
547 1261 162 45 aequali.
655 1261 54 45 Et

177 1297 117 48 ideo
250 1297 87 48 d.
294 1297 73 48 &
323 1297 131 48 motus
411 1297 102 48 est
469 1297 87 48 in
513 1297 160 48 tempore
615 1297 87 48 mino

194 1338 72 33 ri
230 1338 119 33 minor.
313 1338 143 33 quoniam,
421 1338 72 33 si
457 1338 84 33 hoc
504 1338 84 33 non
552 1338 119 33 esset,
624 1338 84 33 esset

189 1371 183 44 possibile
330 1371 127 44 motum
415 1371 113 44 esse
471 1371 226 44 indiuisibilem,

195 1407 67 43 &
221 1407 134 43 tempus
315 1407 201 43 diuisibile.
476 1407 107 43 vnde
543 1407 147 43 necesse
637 1407 67 43 est

193 1445 133 49 dicere
286 1445 106 49 quod
352 1445 120 49 omnis
432 1445 120 49 motus
512 1445 93 49 est
565 1445 80 49 in
591 1445 120 49 tempore

189 1482 145 39 aequali
294 1482 92 39 ei:
347 1482 66 39 &
373 1482 105 39 omue
439 1482 132 39 tempus
531 1482 92 39 est
570 1482 132 39 diuisibi

195 1518 86 44 le:
244 1518 99 44 ergo
306 1518 111 44 omnis
380 1518 111 44 motus
454 1518 86 44 est
503 1518 198 44 diuisibilis:
652 1518 49 44 es

191 1564 78 42 go
230 1564 220 42 diuisibilitas
411 1564 117 42 motus
489 1564 91 42 est
541 1564 155 42 secundum
644 1564 52 42 mo

200 1592 91 53 tum,
256 1592 57 53 &
279 1592 136 53 secundum
382 1592 125 53 tempus.
473 1592 80 53 Et,
518 1592 91 53 quia
564 1592 136 53 diuisibili

196 1631 95 43 tas
251 1631 68 43 i
278 1631 81 43 eo
318 1631 95 43 est
372 1631 162 43 diuersa,
494 1631 108 43 quia
562 1631 122 43 motus
630 1631 81 43 sunt

193 1671 83 43 in
235 1671 179 43 generibus
372 1671 179 43 diuersis,
510 1671 165 43 incoepit
620 1671 83 43 reme

193 1710 148 38 morare
297 1710 118 38 hoc,
370 1710 74 38 &
400 1710 148 38 dixit:
503 1710 74 38 &
533 1710 162 38 necesse
636 1710 74 38 est

200 1745 70 48 vt
235 1745 82 48 sit
282 1745 70 48 in
317 1745 93 48 omni
375 1745 163 48 partibili.
503 1745 70 48 Et
538 1745 82 48 pot
573 1745 128 48 intelligi

193 1785 178 42 subiectum
331 1785 137 42 motus,
427 1785 96 42 non
482 1785 151 42 diuisio
591 1785 110 42 eius
646 1785 69 42 per

719 177 78 49 rem
763 177 112 49 motam,
842 177 134 49 secundum
942 177 89 49 quod
998 177 78 49 est
1042 177 78 49 res
1087 177 100 49 mota:
1143 177 100 49 quoniam

725 216 94 42 hoc
778 216 187 42 declaratum
925 216 107 42 est.
992 216 80 42 Et
1032 216 174 42 intelligo
1166 216 94 42 per

726 253 173 49 subiectum
859 253 133 49 motus,
952 253 120 49 illud
1032 253 80 49 in
1072 253 93 49 quo
1125 253 107 49 est,
1179 253 53 49 v.

720 296 83 45 g.
762 296 125 45 locum
845 296 83 45 in
886 296 111 45 motu
955 296 152 45 locali.
1066 296 69 45 &
1094 296 125 45 Alex.
1163 296 69 45 di-

723 328 118 42 cit
791 328 84 42 &
824 328 135 42 omne
909 328 152 42 motum
1010 328 152 42 habet
1095 328 135 42 motum.

723 389 117 45 Easdem
805 389 94 45 esse
864 389 164 45 Diuisiones
993 389 117 45 ipsius
1075 389 152 45 temporis,
1180 389 47 45 ip

758 428 90 46 sius
814 428 112 46 motus,
893 428 112 46 ipsius
971 428 124 46 moueri,
1061 428 101 46 eius,
1129 428 90 46 quod

794 475 159 39 mouetur,
913 475 66 39 &
939 475 119 39 eius,
1019 475 79 39 in
1058 475 93 39 quo
1098 475 66 39 fit

824 508 199 46 motus.
964 508 159 46 Cap.
1043 508 80 46 1.

846 541 163 53 Voniam
960 541 147 53 autem
1058 541 147 53 omne,
1140 541 98 53 quid

841 596 197 42 mouetur,
988 596 99 42 in
1038 596 164 42 aliquo
1136 596 99 42 moue

841 629 116 49 tur,
914 629 73 49 &
943 629 131 49 tpere
1030 629 160 49 quodam,
1147 629 73 49 &
1161 629 73 49 to-

724 676 112 40 tius
794 676 126 40 eius,
878 676 112 40 quod
948 676 168 40 mouetur,
1075 676 98 40 est
1117 676 112 40 motus,

719 706 160 49 necesse
835 706 102 49 est
893 706 145 49 easdem
994 706 116 49 esse
1052 706 174 49 diuisiones

717 749 86 46 &
751 749 224 46 temporis,
924 749 86 46 &
958 749 172 46 motus,
1079 749 86 46 &
1096 749 138 46 ipsius

722 789 171 53 moueri,
847 789 78 53 &
878 789 140 53 eius,
971 789 124 53 quid
1049 789 186 53 mouetur,
1188 789 78 53 &

720 832 136 43 eius,
811 832 91 43 in
856 832 106 43 quo
917 832 136 43 motus
1008 832 121 43 est.
1083 832 136 43 Verum
1159 832 76 43 non

722 871 156 43 omnium
832 871 218 43 similiter,
1003 871 94 43 in
1050 871 156 43 quibus
1159 871 109 43 mo

716 914 113 40 tus
781 914 130 40 est,
862 914 113 40 sed
926 914 243 40 quantitatis
1104 914 130 40 quidem

721 955 138 39 secundum
824 955 80 39 se,
870 955 161 39 qualitatis
996 955 103 39 autem
1065 955 138 39 secundum
1157 955 80 39 acci-

722 997 140 37 dens.
816 997 217 37 Accipiatur
987 997 124 37 enim
1064 997 171 37 tempus,
1173 997 62 37 in

717 1037 124 53 quo
788 1037 213 53 mouetur,
948 1037 106 53 in
1001 1037 124 53 quo
1072 1037 106 53 A,
1125 1037 89 53 &
1142 1037 89 53 mo-

720 1084 122 38 tus,
796 1084 91 38 in
841 1084 106 38 quo
902 1084 91 38 p.
948 1084 91 38 Si
994 1084 152 38 igitur
1085 1084 152 38 secundum

718 1124 164 38 totum
827 1124 164 38 motum
937 1124 110 38 in
992 1124 146 38 toto
1065 1124 164 38 tempore

723 1156 115 38 est
788 1156 165 38 motum,
904 1156 99 38 in
953 1156 181 38 dimidio
1068 1156 165 38 secundum

722 1197 212 45 minorem.
881 1197 88 45 &
917 1197 177 45 rursus
1041 1197 124 45 hoc
1094 1197 141 45 diuiso

721 1236 169 42 secundum
848 1236 155 42 minorem
961 1236 113 42 hoc,
1031 1236 71 42 &
1060 1236 141 42 semper
1144 1236 85 42 sic.

720 1275 195 47 Similiter
870 1275 135 47 autem
960 1275 75 47 &
989 1275 90 47 si
1034 1275 135 47 motus
1109 1275 120 47 diuisi

723 1316 140 47 bilis,
821 1316 70 47 &
849 1316 140 47 tempus
947 1316 210 47 diuisibile.
1115 1316 84 47 si
1143 1316 84 47 enim

726 1359 117 51 toto
799 1359 88 51 in
843 1359 131 51 toto,
931 1359 161 51 dimidio
1048 1359 88 51 in
1077 1359 146 51 dimidio,

719 1401 87 41 &
753 1401 174 41 rursus
875 1401 174 41 minore
997 1401 105 41 in
1032 1401 157 41 minore.

759 1460 116 46 Et,
826 1460 132 46 quia
908 1460 132 46 omne
991 1460 149 46 motum
1073 1460 149 46 mouetur

719 1493 88 61 in
763 1493 160 61 aliquo,
880 1493 73 61 &
909 1493 88 61 in
953 1493 146 61 aliquo
1055 1493 175 61 tempore,
1186 1493 73 61 &

714 1541 145 60 omnis
810 1541 145 60 motus
907 1541 145 60 habet
1003 1541 161 60 motum,
1099 1541 129 60 neces-

720 1588 95 58 se
768 1588 110 58 est
831 1588 95 58 vt
878 1588 174 58 tempus,
1004 1588 79 58 &
1036 1588 158 58 motus,
1146 1588 79 58 &
1162 1588 63 58 mo

722 1636 119 60 tum,
796 1636 74 60 &
826 1636 148 60 motio,
930 1636 74 60 &
959 1636 148 60 illud,
1063 1636 89 60 in
1107 1636 104 60 quo
1152 1636 74 60 est

717 1681 152 57 motus,
823 1681 167 57 habeant
945 1681 152 57 eandem
1051 1681 213 57 diuisione:

720 1729 172 57 praeter
845 1729 125 57 hoc,
924 1729 125 57 quod
1002 1729 109 57 non
1064 1729 125 57 sunt
1127 1729 109 57 eodem

722 1773 124 62 modo
800 1773 93 62 in
847 1773 171 62 omnibus
971 1773 155 62 rebus,
1080 1773 93 62 in
1111 1773 124 62 quibus
