1416 2066
163 173 116 45 De
221 173 290 45 alteratione
453 173 174 45 autem
550 173 135 45 quomo

173 213 90 45 do
218 213 105 45 est
278 213 135 45 aeque
368 213 135 45 velox
457 213 150 45 alteri
547 213 135 45 altera-

178 252 79 46 Si
217 252 132 46 itaque
310 252 92 46 est
362 252 132 46 sanari
455 252 171 46 alterari,
587 252 92 46 est
626 252 53 46 au

181 294 113 52 tem
245 294 129 52 hunc
326 294 161 52 quidem
439 294 226 52 velociter,
600 294 81 52 il-

175 336 111 42 lum
239 336 143 42 autem
334 336 143 42 tarde
429 336 175 42 sanari,
556 336 79 42 &
572 336 111 42 simul

180 380 172 47 quosdam,
309 380 129 47 quare
395 380 100 47 est
452 380 186 47 alteratio
581 380 100 47 aeque

180 425 162 33 velox.
293 425 97 33 in
342 425 179 33 aequali
472 425 130 33 enim
537 425 146 33 tempore

180 457 203 56 alteratum
336 457 125 56 est.
414 457 109 56 Sed
476 457 125 56 quid
539 457 140 56 altera-

176 497 112 41 tum
240 497 112 41 est
304 497 80 41 u
336 497 176 41 aequale
463 497 128 41 enim
543 497 112 41 hic
607 497 112 41 non

179 542 172 36 dicitur,
308 542 115 36 sed,
380 542 86 36 vt
423 542 86 36 in
466 542 201 36 quantitate
609 542 72 36 ae-

179 583 191 36 qualitas,
326 583 103 36 ita
385 583 103 36 hic
444 583 220 36 similitudo.
606 583 73 36 Sed

181 620 110 51 sit
244 620 141 51 idem,
338 620 125 51 quod
416 620 172 51 mutatur
542 620 94 51 in
573 620 110 51 aequa

176 661 97 45 li
224 661 195 45 tempore,
371 661 146 45 aeque
468 661 162 45 velox.
565 661 114 45 vtrum

176 700 119 57 ergo
250 700 104 57 eo,
310 700 89 57 in
354 700 104 57 quo
413 700 163 57 passio,
532 700 89 57 an
561 700 119 57 passio

173 743 98 51 ne
222 743 180 51 oportet
353 743 213 51 comparare
517 743 131 51 vhic
583 743 98 51 igi-

177 781 124 53 tur,
254 781 124 53 quod
331 781 170 53 sanitas
455 781 139 53 eadem
548 781 124 53 sit,
610 781 77 53 est

183 823 202 51 accipere,
339 823 109 51 aut
401 823 124 51 quod
478 823 140 51 neque
556 823 124 51 magis,

184 864 106 42 neque
255 864 118 42 minus,
338 864 83 42 sed
385 864 154 42 similiter
504 864 142 42 existit.
610 864 71 42 Si
634 864 47 42 au

184 904 96 42 tem
239 904 138 42 altera
336 904 138 42 passio
432 904 110 42 sit,
501 904 83 42 vt
529 904 151 42 alteratur

174 947 115 47 id,
239 947 131 47 quod
321 947 230 47 dealbatur,
502 947 82 47 &
535 947 115 47 id,
584 947 99 47 quod

182 989 162 49 sanatur,
304 989 95 49 his
358 989 122 49 nihil
440 989 122 49 inest
521 989 122 49 idem,
588 989 95 49 neque

183 1036 174 38 aequale,
313 1036 130 38 neque
400 1036 159 38 simile,
515 1036 87 38 vt
559 1036 101 38 iam
602 1036 87 38 haec

177 1071 155 44 species
290 1071 155 44 faciunt
403 1071 240 44 alterationis.
600 1071 71 44 &
614 1071 71 44 non

186 1108 100 46 est
243 1108 114 46 vna,
314 1108 86 46 vt
357 1108 128 46 neque
443 1108 143 46 latio,
542 1108 128 46 quare
614 1108 71 46 con

173 1149 238 46 syderandum
360 1149 119 46 est
428 1149 136 46 quot
513 1149 136 46 sunt
581 1149 102 46 spe-

180 1193 112 42 cies
250 1193 239 42 alterationis,
447 1193 70 42 &
475 1193 112 42 quot
531 1193 155 42 lationis.

182 1233 97 53 Si
230 1233 161 53 igitur
343 1233 129 53 quae
423 1233 193 53 mouentur
552 1233 129 53 specie

181 1276 243 38 differunt,
371 1276 173 38 quorum
492 1276 139 38 sunt
562 1276 121 38 motus

181 1317 169 40 secundum
307 1317 98 40 se,
364 1317 70 40 &
392 1317 98 40 non
448 1317 169 40 secundum
560 1317 127 40 acciis,

182 1351 74 44 &
212 1351 133 44 motus
300 1351 118 44 ipsi
374 1351 147 44 specie
477 1351 206 44 differunt:
624 1351 59 44 si

176 1404 140 31 autem
270 1404 172 31 genere,
395 1404 172 31 genere:
519 1404 94 31 si
566 1404 125 31 vero
629 1404 62 31 nu

172 1445 170 38 mero,
267 1445 170 38 numero.

228 1493 91 53 Et
273 1493 258 53 consyderandum
486 1493 106 53 est
546 1493 91 53 de
577 1493 106 53 alte-

176 1541 164 59 ratione
295 1541 164 59 quomodo
414 1541 104 59 vna
474 1541 119 59 erit
533 1541 149 59 aequali-

183 1588 142 63 dteri.
282 1588 156 63 Dicamus
395 1588 142 63 igitur
495 1588 128 63 quod,
580 1588 85 63 si
608 1588 71 63 ac-

184 1636 163 53 quisitio
307 1636 176 53 sanitatis
442 1636 95 53 est
497 1636 190 53 alteratio,
632 1636 41 53 O

185 1682 91 58 sit
237 1682 169 58 possibile
367 1682 117 58 istud
446 1682 130 58 sanari
524 1682 156 58 velociter.

180 1725 80 58 &
212 1725 144 58 istud
308 1725 160 58 tarde,
420 1725 80 58 &
451 1725 112 58 duo
515 1725 176 58 sanatur
627 1725 64 58 in

179 1773 150 61 simul.
284 1773 120 61 ergo
359 1773 150 61 aliqua
464 1773 195 61 alteratio
599 1773 90 61 erit

700 172 175 57 aequalis
832 172 88 57 in
875 172 219 57 velocitate:
1051 172 131 57 fiunt
1123 172 88 57 enim

701 218 85 60 in
743 218 155 60 aequali
856 218 169 60 tempore.
983 218 113 60 Quid
1054 218 141 60 igitur
1138 218 71 60 al-

702 263 185 56 teraturus
844 263 200 56 aequalitas
1001 263 114 56 enim
1072 263 100 56 non
1115 263 100 56 dici-

697 309 96 61 tur
752 309 109 61 hic,
820 309 96 61 sed
875 309 137 61 illud,
971 309 82 61 in
1012 309 96 61 quo
1067 309 150 61 dicitur
1162 309 55 61 de

696 357 197 55 quantitate
851 357 211 55 aequalitas,
1019 357 155 55 dicitur
1132 357 84 55 in
1160 357 56 55 eo

700 404 99 60 hic
757 404 213 60 similitudo.
927 404 99 60 Sit
984 404 142 60 igitur
1069 404 142 60 aequali-

694 448 96 56 tas
749 448 82 56 in
790 448 191 56 velocitate
940 448 82 56 in
981 448 109 56 eis,
1049 448 109 56 quae
1104 448 109 56 trans-

694 496 212 58 mutantur,
857 496 147 58 eadem
938 496 277 58 transmutatione,

695 541 87 61 in
738 541 159 61 aequali
854 541 173 61 tempore.
984 541 87 61 In
1027 541 159 61 vtroque
1128 541 87 61 igi-

694 589 100 61 tur
751 589 185 61 quaerenda
893 589 100 61 est
950 589 200 61 coniunctio
1107 589 86 61 in
1136 589 71 61 re,

704 637 80 61 in
744 637 93 61 qua
797 637 93 61 est
851 637 147 61 passio,
957 637 93 61 aut
1011 637 80 61 in
1051 637 107 61 ipsa
1104 637 107 61 passio

690 684 115 54 ne.
755 684 115 54 hic
821 684 148 54 autem
920 684 197 54 possumus
1051 684 165 54 accipere

694 729 152 67 eandem
800 729 212 67 sanitatem,
967 729 121 67 quia
1042 729 91 67 no
1088 729 106 67 est
1133 729 76 67 ad-

703 776 129 58 dens,
788 776 129 58 neque
874 776 186 58 diminuta,
1017 776 100 58 sed
1074 776 100 58 est
1117 776 100 58 eodem

696 821 144 62 modo.
792 821 96 62 Si
840 821 144 62 autem
936 821 160 62 fuerit
1032 821 176 62 diuersum,

702 868 99 63 vt,
758 868 99 63 cum
815 868 155 63 dicimus
928 868 169 63 alterari
1055 868 71 63 i
1083 868 85 63 eo
1125 868 113 63 quod

699 917 175 57 acquirit
831 917 205 57 albedinem,
992 917 73 57 &
1021 917 88 57 in
1065 917 102 57 eo,
1123 917 117 57 quod

703 965 181 49 acquirit
839 965 212 49 sanitatem,
1005 965 76 49 &
1036 965 106 49 hoc
1096 965 106 49 non
1141 965 76 49 est

703 1010 130 60 idem,
789 1010 130 60 neque
876 1010 173 60 aequale,
1005 1010 130 60 neque
1077 1010 130 60 simile:

707 1057 93 58 sed
760 1057 80 58 ex
800 1057 120 58 istis
880 1057 107 58 nunc
947 1057 120 58 fiunt
1026 1057 147 58 species
1120 1057 93 58 alte-

700 1101 196 56 rationis.
851 1101 75 56 &
881 1101 106 56 non
941 1101 106 56 est
1002 1101 136 56 eadem
1077 1101 136 56 altera-

702 1149 132 45 tio,
785 1149 248 45 quemadmodum
984 1149 116 45 non
1050 1149 116 45 est
1099 1149 116 45 eadem

701 1194 233 57 transtatio.
888 1194 78 57 &
919 1194 125 57 ideo
997 1194 187 57 sciendum
1122 1194 93 57 quot

707 1237 118 61 sunt
781 1237 163 61 species
899 1237 251 61 alterationis,
1106 1237 74 61 &
1121 1237 89 61 spe-

702 1287 116 60 cies
775 1287 262 60 transtationis.
993 1287 87 60 Si
1037 1287 145 60 igitur
1124 1287 87 60 mota

699 1332 153 62 fuerint
810 1332 153 62 diuersa
922 1332 84 62 in
964 1332 153 62 specie,
1075 1332 181 62 scilicet:

706 1381 120 63 quae
781 1381 150 63 habent
886 1381 135 63 motus
962 1381 241 63 essentialiter,

700 1428 103 54 non
759 1428 278 54 accidentaliter,
993 1428 117 54 tunc
1067 1428 132 54 motus
1140 1428 73 54 eo-

695 1477 111 53 rum
758 1477 142 53 etiam
853 1477 142 53 erunt
948 1477 190 53 separati
1091 1477 95 53 in
1122 1477 95 53 spe-

697 1523 114 62 cie:
768 1523 86 62 &,
811 1523 86 62 si
854 1523 157 62 fuerint
968 1523 157 62 diuersa
1082 1523 86 62 in
1111 1523 100 62 gene-

702 1572 103 54 re,
761 1572 88 54 in
805 1572 161 54 geuere:
922 1572 88 54 &,
967 1572 88 54 si
1011 1572 88 54 in
1055 1572 161 54 numero,
1157 1572 59 54 in

680 1629 158 30 numero.

741 1668 95 51 Cum
796 1668 189 51 declarauit
944 1668 108 51 quod
1012 1668 189 51 translatio
1147 1668 81 51 est,

702 1709 152 45 aequalis
816 1709 126 45 alicui
905 1709 215 45 translationi,
1082 1709 101 45 vult
1132 1709 76 45 quae

701 1749 110 40 rere
770 1749 97 40 hoc
825 1749 124 40 etiam
908 1749 83 40 in
950 1749 110 40 motu
1005 1749 207 40 alterationis,

702 1783 67 43 &
728 1783 135 43 dixit:
823 1783 81 43 Et
863 1783 229 43 consyderandum
1051 1783 108 43 est,
1119 1783 94 43 &c.
1159 1783 54 43 i.
