1416 2066
202 172 143 46 fuerit
302 172 215 46 diuisibile,
474 172 129 46 nedum
560 172 100 46 cum
603 172 115 46 fueril

217 216 242 42 indiuisibile.
416 216 85 42 &,
459 216 100 42 cum
516 216 100 42 non
572 216 142 42 fuerit
658 216 71 42 mo-

216 253 94 38 tum,
275 253 94 38 erit
334 253 164 38 quiescens.
463 253 94 38 D.d.
521 253 153 38 possibile
639 253 82 38 est
674 253 47 38 vt

216 293 104 46 sit
275 293 133 46 motus
364 293 207 46 compositus
527 293 104 46 non
586 293 89 46 ex
615 293 104 46 moti-

218 327 103 43 bus,
283 327 90 43 sed
334 327 90 43 aut
386 327 78 43 ex
425 327 181 43 quietibus,
567 327 90 43 aut
619 327 78 43 ex
644 327 78 43 vlti

213 365 95 37 mis
268 365 149 37 motuum.
376 365 68 37 &
404 365 122 37 totum
485 365 95 37 hoc
539 365 95 37 est
580 365 136 37 ipossbe.

219 400 97 41 Et,
275 400 97 41 cum
330 400 181 41 destruxit
470 400 195 41 consequens
623 400 83 41 in
650 400 70 41 hoc

211 437 222 45 syllogismo,
389 437 118 45 quem
463 437 133 45 primo
551 437 163 45 posuit,
655 437 74 45 di-

222 477 120 40 cente
302 477 107 40 quod
369 477 80 40 si
409 477 174 40 magnitudo
542 477 134 40 fuerit
622 477 107 40 indiui

224 514 139 40 sibilis,
329 514 93 40 quod
387 514 104 40 motus
456 514 93 40 erit
514 514 209 40 indiuisibilis.
677 514 46 40 i.

220 549 172 48 compositus
355 549 74 48 ex
392 549 209 48 indiuisibili,
563 549 160 48 conclusit
674 549 49 48 op

217 588 134 50 positum
314 588 195 50 pEecedentis,
473 588 61 50 &
497 588 85 50 est
546 588 98 50 quod
595 588 122 50 magnitu-

218 629 77 37 do
257 629 90 37 non
308 629 90 37 est
360 629 168 37 composita
489 629 77 37 ex
515 629 206 37 indiuisibili.-

240 661 85 50 Et
282 661 113 50 iste
353 661 127 50 sermo
438 661 198 50 componitur
594 661 85 50 ex
622 661 99 50 syllo

221 697 158 52 gismis
332 697 253 52 hypothencis,
538 697 158 52 quorum
633 697 79 52 Pri

223 740 100 48 mus
280 740 114 48 est,
351 740 129 48 Quod,
437 740 86 48 si
480 740 186 48 magnitudo
609 740 114 48 fuerit

222 773 219 37 indiuisibilis,
404 773 110 37 motus
478 773 97 37 etit
526 773 195 37 indiuisibilis.

216 813 172 36 Secundus
345 813 129 36 autem
431 813 115 36 est,
502 813 129 36 Quod,
588 813 86 36 si
617 813 100 36 motus

218 847 132 39 fuerit
310 847 237 39 indiuisibilis,
508 847 119 39 motum
587 847 106 39 erit
653 847 92 39 in¬

221 885 194 48 diuisibile.
376 885 142 48 Tertius
480 885 103 48 vero
544 885 103 48 est,
609 885 116 48 Quod,
673 885 52 48 si

218 922 123 40 motum
300 922 137 40 fuerit
396 922 96 40 ii:
451 922 205 40 diuisibile,
615 922 110 40 tunc
670 922 55 40 mo

221 962 94 40 tum
274 962 148 40 insimul
382 962 94 40 iam
435 962 94 40 est
489 962 134 40 motum,
583 962 67 40 &
596 962 121 40 mouetur

219 997 87 53 ant
268 997 112 53 motus
343 997 100 53 erit
406 997 175 53 compositus
543 997 75 53 ex
568 997 150 53 quietibus.

264 1044 153 45 Perinde
375 1044 125 45 autem
459 1044 153 45 necesse
570 1044 111 45 est,
626 1044 97 45 atque

217 1086 214 52 longitudo,
385 1086 198 52 motusque,
522 1086 198 52 indiuisibi-

218 1131 92 47 de
264 1131 122 47 esse
340 1131 168 47 tempus,
462 1131 214 47 componique
630 1131 92 47 ex
660 1131 61 47 ip

214 1167 112 43 sis
278 1167 143 43 nunc,
373 1167 80 43 &
405 1167 112 43 his
469 1167 159 43 quidem
565 1167 159 43 indiuisi

221 1208 150 50 bilibus.
334 1208 75 50 si
372 1208 100 50 enim
435 1208 113 50 omnis
510 1208 188 50 diuisibilis
648 1208 75 50 est,

211 1253 103 45 in
262 1253 171 45 minore
382 1253 154 45 autem
485 1253 189 45 tempore
605 1253 120 45 aeque

211 1289 145 41 velox
308 1289 210 41 transibit
469 1289 161 41 minus,
566 1289 161 41 diuisibi

212 1332 91 37 le
257 1332 121 37 erit
333 1332 76 37 &
363 1332 167 37 tempus.
485 1332 91 37 si
530 1332 136 37 autem
606 1332 121 37 tempus

212 1368 190 50 diuisibile
361 1368 108 50 est,
429 1368 81 50 in
470 1368 95 50 quo
524 1368 135 50 fertur
605 1368 122 50 aliquid

205 1412 107 46 per
266 1412 92 46 A,
312 1412 77 46 &
342 1412 138 46 Aerit
419 1412 199 46 diuisibile.

254 1448 94 60 Et
301 1448 94 60 ad
348 1448 140 60 modum
442 1448 265 60 longitudinis,
660 1448 78 60 &

209 1493 131 62 motus
297 1493 204 62 necessario
457 1493 175 62 sequitur
589 1493 88 62 vt
618 1493 102 62 tepus

209 1541 102 61 sit
267 1541 247 61 indiuisibile,
470 1541 73 61 &
499 1541 203 61 compositum
644 1541 73 61 ex-

204 1585 218 57 instantibus,
382 1585 109 57 quae
450 1585 109 57 sunt
505 1585 218 57 indiuisibilia.

205 1633 82 63 si
246 1633 137 63 igitur
343 1633 96 63 hoc
397 1633 137 63 fuerit
494 1633 206 63 diuisibile,
658 1633 69 63 &
672 1633 55 63 il

202 1677 112 62 lud,
272 1677 112 62 quod
342 1677 98 62 est
398 1677 182 62 aequalis,
524 1677 196 62 velocitatis.

207 1725 211 54 pertransit
373 1725 91 54 in
418 1725 151 54 minori
524 1725 166 54 tempore
645 1725 106 54 per

206 1773 145 54 minus
303 1773 194 54 spatium,
448 1773 129 54 tunc
528 1773 161 54 tempus
625 1773 97 54 erit

736 173 212 62 diuisibile.
906 173 85 62 &,
948 173 85 62 si
990 173 156 62 tempus,
1103 173 85 62 in
1146 173 99 62 quo
1188 173 71 62 il-

735 226 112 56 lud
799 226 176 56 mouetur
927 226 112 56 per
991 226 176 56 spatium
1120 226 96 56 A,
1152 226 96 56 fue-

735 269 100 62 rit
792 269 215 62 diuisibile,
964 269 115 62 tunc
1036 269 172 62 spatium,
1165 269 115 62 quod

746 316 94 58 est
799 316 107 58 pars
866 316 80 58 A,
906 316 107 58 erit
959 316 174 58 diuisibile.

780 365 95 50 Cum
835 365 190 50 declarauit
984 365 108 50 quod
1051 365 176 50 magnitudo
1173 365 68 50 non

743 405 78 37 est
787 405 200 37 indiuisibilis:
954 405 133 37 quoniam,
1054 405 67 37 si
1087 405 111 37 fuerit
1154 405 89 37 indiui

741 438 147 44 sibilis,
851 438 110 44 motus
925 438 98 44 erit
986 438 221 44 indiuisibilis:
1170 438 74 44 &,
1195 438 49 44 si

736 484 124 30 motus
819 484 110 30 erit
887 484 247 30 indiuisibilis,
1093 484 124 30 motus
1175 484 96 30 non

749 514 92 41 erit:
810 514 123 41 incoepit
902 514 133 41 declarare
1005 514 82 41 quod
1056 514 133 41 similiter
1148 514 82 41 decla-

742 549 119 49 rabitur
829 549 54 49 &
850 549 65 49 ex
883 549 97 49 tpere
947 549 97 49 etiam
1012 549 130 49 scilicet
1110 549 86 49 quod
1164 549 76 49 cum
1196 549 54 49 fue

738 594 88 44 rit
789 594 138 44 positum
889 594 101 44 quod
952 594 163 44 magnitudo
1078 594 88 44 est
1115 594 126 44 idiuisi-

743 625 114 41 bilis
819 625 165 41 continget
946 625 76 41 in
984 625 140 41 tempore
1086 625 127 41 illud,
1162 625 76 41 quid

743 662 144 49 contingit
854 662 67 49 in
887 662 89 49 motu
943 662 133 49 scilicet
1043 662 67 49 vt
1076 662 78 49 sit
1110 662 133 49 indiuisibi

741 697 89 42 le.
792 697 76 42 ex
830 697 89 42 quo
881 697 139 42 accidit
982 697 76 42 vt
1020 697 89 42 non
1070 697 89 42 sit
1108 697 127 42 velocius

744 738 62 40 &
768 738 149 40 tardius,
880 738 75 40 vt
918 738 100 40 post
980 738 124 40 dicet.
1067 738 75 40 Et
1105 738 87 40 hoc
1142 738 87 40 inten

745 773 132 37 debat,
837 773 93 37 cum
890 773 132 37 dixit:
983 773 79 37 Et
1022 773 79 37 ad
1062 773 132 37 modum,
1154 773 93 37 &c.
1194 773 53 37 i.

744 810 76 51 &,
782 810 114 51 sicut
858 810 164 51 contingit
984 810 76 51 in
1022 810 189 51 logitudine,
1174 810 63 51 &
1186 810 51 51 mo

746 846 69 51 tu
780 846 103 51 quod,
849 846 69 51 si
883 846 137 51 logitudo
986 846 115 51 fuerit
1055 846 183 51 indiuisibilis,

740 884 129 52 sequitur
837 884 65 52 vt
870 884 97 52 motus
934 884 75 52 sit
977 884 194 52 indiuisibilis,
1128 884 119 52 similiter

746 922 127 48 contingit
844 922 59 48 in
873 922 147 48 logitudine,
991 922 49 48 &
1010 922 78 48 tper
1059 922 117 48 scilicet
1147 922 88 48 quod,
1196 922 49 48 cum

734 960 197 50 longitudo,
889 960 99 50 per
945 960 113 50 quam
1016 960 99 50 est
1072 960 141 50 motus,
1156 960 85 50 fue-

743 995 73 53 rit
784 995 188 53 indiuisibilis,
941 995 126 53 sequitur
1036 995 63 53 vt
1067 995 105 53 tempus
1140 995 94 53 etiam
1193 995 52 53 sit

745 1034 197 40 diuisibile.
903 1034 79 40 i.
942 1034 184 40 compositum
1087 1034 79 40 ex
1113 1034 132 40 instanti

736 1070 106 44 bus,
802 1070 106 44 quae
869 1070 106 44 sunt
935 1070 239 44 indiuisibilia.
1135 1070 93 44 Et,
1175 1070 66 44 cum

740 1109 170 49 narrauit
868 1109 128 49 quod,
953 1109 99 49 cum
1010 1109 185 49 magnitudo
1137 1109 114 49 fuerit

742 1143 164 51 composita
868 1143 76 51 ex
906 1143 252 51 indiuisibilibus,
1108 1143 138 51 sequitur,

742 1182 82 49 vt
783 1182 136 49 tempus
878 1182 95 49 sit
933 1182 190 49 compositum
1082 1182 82 49 ex
1109 1182 136 49 indiuisi

742 1216 151 54 bilibus,
856 1216 151 54 incoepit
969 1216 164 54 declarare
1096 1216 114 54 quodo
1159 1216 88 54 sequi

738 1257 93 50 tur,
797 1257 105 50 quod,
867 1257 70 50 si
902 1257 128 50 alterum
995 1257 117 50 fuerit
1077 1257 175 50 diuisibile,
1205 1257 47 50 re

734 1292 127 52 liquum
823 1292 101 52 erit
886 1292 190 52 diuisibile,
1038 1292 139 52 quoniam
1140 1292 89 52 hoc
1178 1292 63 52 de-

745 1336 144 36 clarato
850 1336 209 36 declarabitur
1020 1336 196 36 contrarium,
1177 1336 65 36 &
1190 1336 52 36 d.

743 1370 66 40 si
776 1370 110 40 igitur
853 1370 110 40 fuerit
930 1370 165 40 diuisibile,
1061 1370 77 40 &c.
1105 1370 66 40 i.
1138 1370 66 40 si
1160 1370 88 40 igitur

738 1407 203 49 magnitudo,
897 1407 102 49 per
955 1407 116 49 quam
1028 1407 102 49 est
1086 1407 145 49 motus,
1173 1407 73 49 sue

736 1445 72 49 rit
777 1445 164 49 diuisibilis,
910 1445 51 49 &
930 1445 72 49 est
971 1445 92 49 notum
1032 1445 72 49 per
1073 1445 72 49 se,
1114 1445 82 49 quod
1155 1445 82 49 illdm,

742 1482 95 48 quod
802 1482 83 48 est
849 1482 143 48 aequalis
957 1482 191 48 velocitatis,
1112 1482 72 48 si
1136 1482 107 48 pertram

738 1517 91 51 sit
790 1517 91 51 per
842 1517 143 51 aliquam
946 1517 208 51 magnitudinem
1115 1517 78 51 in
1141 1517 104 51 aliquo

739 1557 117 46 tpere,
821 1557 129 46 necesse
915 1557 82 46 est
961 1557 70 46 vt
997 1557 175 46 pertranseat
1137 1557 82 46 per
1172 1557 70 46 quam

745 1597 93 45 dam
798 1597 133 45 partem
891 1597 133 45 illius
984 1597 212 45 magnitudinis
1156 1597 80 45 in
1183 1597 66 45 quo

738 1630 88 51 dam
789 1630 126 51 illius
877 1630 164 51 temporis.
1004 1630 152 51 quoniam,
1118 1630 88 51 cum
1156 1630 88 51 magni

743 1663 103 51 tudo
807 1663 128 51 fuerit
897 1663 206 51 diuisibilis,
1064 1663 141 51 decesse
1167 1663 90 51 est
1206 1663 51 51 vt

741 1708 118 39 tempus
824 1708 82 39 sit
871 1708 177 39 diuisibile.
1012 1708 94 39 nam,
1071 1708 82 39 cum
1106 1708 130 39 posuerimi

742 1739 232 51 magnitudinem
930 1739 232 51 diuisibilem,
1119 1739 102 51 per
1162 1739 87 51 quam

743 1788 158 47 mouetur
857 1788 115 47 idem
929 1788 129 47 motum
1015 1788 86 47 in
1058 1788 144 47 aliquo
1145 1788 100 47 tpre,
