1416 2066
165 179 104 47 num
224 179 163 47 cinere,
343 179 163 47 quantum
462 179 133 47 capit
551 179 89 47 de
580 179 104 47 aqua,

187 220 135 52 quando
281 220 94 52 est
335 220 148 52 vacuum.
443 220 67 52 &
469 220 94 52 hoc
523 220 94 52 non
577 220 94 52 sum
618 220 67 52 ex-

182 256 133 50 pertus.
279 256 73 50 &,
315 256 73 50 si
351 256 97 50 est,
412 256 109 50 sicut
484 256 133 50 dicunt,
581 256 85 50 non
618 256 61 50 ha-

181 295 107 53 bet
242 295 137 53 aliam
333 295 167 53 causam,
455 295 122 53 nisi
531 295 122 53 quia
592 295 91 53 aqua

186 336 180 54 corrumpitur
330 336 60 54 a
354 336 132 54 cinere,
449 336 84 54 aut
497 336 144 54 secundum
593 336 96 54 totum,

186 373 78 45 si
225 373 168 45 dixerimus
354 373 104 45 quod
419 373 117 45 inter
497 373 129 45 partes
574 373 117 45 cineris

185 416 86 43 non
234 416 86 43 est
283 416 86 43 aer
332 416 135 43 diuisus
431 416 98 43 ita,
492 416 98 43 quod
554 416 74 43 ex
591 416 74 43 eo
628 416 86 43 non

187 452 145 53 remaneat
296 452 72 53 in
332 452 85 53 eo,
380 452 97 53 nisi
441 452 145 53 qualitas
549 452 121 53 tamen,
622 452 60 53 aut

183 492 227 46 corrumpantur
367 492 85 46 ex
410 492 85 46 eo
452 492 142 46 partes
537 492 142 46 aliquae,

184 533 64 37 &
210 533 116 37 aeri,
287 533 90 37 qui
339 533 90 37 est
390 533 129 37 mixtus
480 533 90 37 cum
532 533 142 37 cinere,
622 533 64 37 suc

185 571 131 39 cedunt
276 571 78 39 ex
316 571 78 39 eo
355 571 131 39 partes
447 571 157 39 aliquae,
564 571 65 39 &
577 571 105 39 dissol

184 612 126 38 uuntur
273 612 63 38 a
298 612 126 38 cinere
386 612 114 38 aliae
462 612 139 38 partes.
563 612 63 38 &
588 612 88 38 hoc
626 612 63 38 est

184 644 111 46 verius.
265 644 60 46 Et
295 644 101 46 signum
365 644 81 46 eius
416 644 81 46 est,
466 644 121 46 quondam,
557 644 101 46 quando
617 644 71 46 cinis

176 693 211 44 exprimitur,
345 693 112 44 exit
415 693 155 44 quaedam
527 693 112 44 pars
584 693 98 44 aquae

178 725 74 51 ab
215 725 86 51 eo,
264 725 61 51 &
288 725 86 51 non
337 725 110 51 tota,
411 725 61 51 &
435 725 123 51 quando
521 725 110 51 cinis
582 725 98 51 delic-

180 764 138 52 catur,
277 764 193 52 seuertitur
428 764 124 52 minor
510 764 96 52 qua
565 764 124 52 erat.
634 764 55 52 Et

175 805 246 49 Pythagorici
371 805 229 49 inducebant
535 805 147 49 quartam

187 844 142 45 tationem
294 844 190 45 vniuersalem.
448 844 142 45 dicebant
555 844 95 45 enim
614 844 95 45 quod

184 878 133 44 causa
273 878 207 44 diuisionis
436 878 148 44 entium
524 878 163 44 consequen

179 916 132 53 tium,
267 916 88 53 i.
311 916 103 53 non
370 916 249 53 contingentium
575 916 103 53 est
619 916 59 53 va

179 957 106 53 cuum,
250 957 59 53 &
273 957 153 53 dicebant,
391 957 141 53 quoniam,
497 957 71 53 si
532 957 129 53 diuisio
614 957 71 53 est,

186 996 129 53 vacuum
277 996 103 53 est:
341 996 90 53 sed
393 996 142 53 diuisio
496 996 103 53 est:
561 996 103 53 ergo
612 996 65 53 va-

174 1036 113 46 cuum
244 1036 113 46 est.
315 1036 113 46 D.d.
385 1036 85 46 Et
427 1036 211 46 Pythaporici
582 1036 99 46 dixe-

172 1065 117 62 runt
245 1065 146 62 vacuum
347 1065 131 62 esse.
435 1065 88 62 i.
479 1065 73 62 &
493 1065 190 62 Pythagorici

175 1119 222 46 opinabantur
353 1119 148 46 vacuum
456 1119 118 46 esse
515 1119 163 46 penetrans

173 1151 153 43 torum
275 1151 170 43 mundum
394 1151 119 43 per
462 1151 238 43 anhelitum,
632 1151 51 43 &

176 1189 115 52 non
241 1189 231 52 separatum,
423 1189 115 52 cum
488 1189 165 52 mundus
587 1189 99 52 anhe

186 1229 78 52 set
230 1229 55 52 a
252 1229 122 52 spiritu
341 1229 133 52 infinito
441 1229 133 52 scilicet
541 1229 111 52 vacuo.
607 1229 78 52 Dein-

173 1268 82 38 de
214 1268 149 38 induxit
323 1268 122 38 aliam
404 1268 163 38 rationem
527 1268 82 38 ex
554 1268 122 38 distin-

172 1308 157 49 ctione,
286 1308 114 49 quae
357 1308 185 49 inuenitur
499 1308 85 49 in
542 1308 128 49 iebus
613 1308 71 49 con

167 1349 204 44 sequentibus,
333 1349 64 44 &
359 1349 115 44 dixit
435 1349 77 44 Et
474 1349 89 44 est
525 1349 128 44 illud,
601 1349 77 44 quid

173 1381 184 57 distinguit
318 1381 118 57 inter
397 1381 158 57 naturas,
515 1381 92 57 &c.
568 1381 79 57 i.
607 1381 66 57 &
620 1381 53 57 va

174 1427 110 49 cuum
243 1427 96 49 est
298 1427 138 49 illud,
394 1427 110 49 quod
463 1427 193 49 distinguit
614 1427 96 49 in

181 1461 95 46 ter
236 1461 149 46 naturas
344 1461 190 46 distinctas
494 1461 109 46 apud
562 1461 109 46 eos.
616 1461 68 46 est

173 1508 116 39 enim
246 1508 116 39 apud
319 1508 102 39 eos
377 1508 131 39 causa
450 1508 233 39 distinctionis.

174 1541 77 55 &
204 1541 293 55 determinationis
436 1541 247 55 consequentium.

177 1581 82 51 &
209 1581 114 51 hoc
275 1581 147 51 primo
373 1581 212 51 inuenitur
536 1581 98 51 in
569 1581 114 51 nume-

176 1622 110 52 nis,
245 1622 83 52 i.
286 1622 83 52 &,
328 1622 110 52 quia
396 1622 193 52 consequens
548 1622 124 52 primo
616 1622 69 52 in-

177 1660 166 38 uenitur
298 1660 91 38 in
343 1660 181 38 numeris,
479 1660 75 38 &
509 1660 181 38 mediante
630 1660 60 38 nu

179 1705 108 41 mero
247 1705 176 41 inuenitur
383 1705 81 41 in
423 1705 122 41 aliis
505 1705 163 41 entibus,
613 1705 68 41 di-

175 1741 135 46 xerunt
269 1741 108 46 quod
336 1741 135 46 vacuum
430 1741 94 46 est
484 1741 135 46 illud,
578 1741 108 46 quod
632 1741 54 46 di

176 1775 164 43 stinxit
295 1775 164 43 naturam
414 1775 208 43 numerorum,
578 1775 74 43 &
593 1775 89 43 poss

174 1818 183 41 distinxit
315 1818 155 41 naturas
427 1818 127 41 rerum
511 1818 98 41 per
553 1818 127 41 distin-

174 1854 182 44 ctionem
307 1854 182 44 naturae
423 1854 198 44 numerorum.

697 180 216 45 Nonnullarum
870 180 187 45 opiiionum
1014 180 144 45 Vacuum
1115 180 115 45 esse
1172 180 58 45 as

754 220 172 49 serentium
886 220 199 49 confutatio.
1045 220 106 49 Cap.
1098 220 53 49 1.

759 260 183 56 Xquibus
892 260 166 56 igitur
1009 260 133 56 alii
1075 260 133 56 quidem

788 301 137 45 dicunt
884 301 124 45 esse,
967 301 110 45 alii
1035 301 110 45 vero
1104 301 96 45 non
1145 301 69 45 di-

791 344 119 52 cunt,
870 344 92 52 tot
923 344 132 52 ferem,
1015 344 79 52 ac
1055 344 119 52 talia
1121 344 92 52 sunt.

703 389 88 45 Vt
747 389 133 45 autem
836 389 162 45 sciamus
954 389 118 45 vtro
1027 389 88 45 se
1071 389 118 45 modo
1130 389 74 45 ha-

694 429 146 54 beat,
791 429 178 54 oportet
921 429 195 54 accipere
1067 429 130 54 quid
1132 429 81 54 ip-

701 469 95 51 sum
756 469 122 51 nomen
837 469 204 51 significat.
1000 469 149 51 Videtur
1095 469 109 51 igitur

712 514 136 53 Vacuum
808 514 122 53 locus
889 514 122 53 esse,
971 514 82 53 in
1011 514 95 53 quo
1066 514 122 53 nihil
1134 514 82 53 est.

700 557 125 45 huius
783 557 125 45 autem
866 557 125 45 causa
949 557 111 45 est,
1018 557 111 45 quia
1088 557 111 45 quid
1143 557 69 45 est

694 597 166 52 corpus
810 597 133 52 esse
893 597 182 52 putant:
1026 597 133 52 omne
1092 597 116 52 autem

704 635 146 54 corpus
806 635 87 54 in
850 635 116 54 loco
923 635 131 54 esse:
1010 635 146 54 vacuum
1098 635 116 54 autem,

703 685 86 55 in
746 685 101 55 quo
803 685 115 55 loco
875 685 144 55 nullum
976 685 101 55 est
1033 685 158 55 corpus,
1134 685 72 55 qua

697 722 91 48 re
742 722 152 48 sicubi
849 722 106 48 non
909 722 106 48 est
970 722 167 48 corpus,
1092 722 121 48 Iibi
1152 722 61 48 ua

703 764 127 46 cuum
782 764 143 46 esse.
877 764 174 46 LCorpus
1004 764 143 46 autem
1083 764 127 46 rursus

698 807 108 43 omne
766 807 135 43 putant
861 807 108 43 esse
929 807 190 43 tangibile:
1064 807 149 43 huiusmodi

702 852 133 48 autem
791 852 104 48 est
850 852 207 48 quodcumque
1013 852 133 48 habet
1087 852 118 48 graui-

703 900 144 43 tatem,
803 900 101 43 aut
861 900 201 43 leuitatem:
1019 900 158 43 accidit
1120 900 86 43 ergo

700 932 89 46 ex
745 932 208 46 syllogismo
908 932 104 46 hoc
967 932 119 46 esse
1041 932 163 46 uacuum,
1160 932 89 46 in

705 975 101 52 quo
762 975 101 52 non
820 975 101 52 est
878 975 130 52 graue
965 975 188 52 quicquem,
1110 975 101 52 aut
1153 975 58 52 le

700 1016 97 43 ue.
756 1016 111 43 Haec
825 1016 153 43 igitur,
936 1016 125 43 sicut
1020 1016 153 43 diximus
1117 1016 97 43 etiam

703 1061 150 53 prius,
808 1061 90 53 ex
853 1061 210 53 syllogismo
1018 1061 195 53 accidunt.
1153 1061 60 53 In

701 1100 191 48 conueniens
852 1100 123 48 autem
934 1100 109 48 est,
1002 1100 82 48 si
1043 1100 150 48 punctum
1139 1100 68 48 va-

700 1141 108 45 cuum
768 1141 108 45 sit.
836 1141 149 45 oportet
944 1141 108 45 enim
1012 1141 122 45 locum
1093 1141 122 45 esse,
1161 1141 54 45 in

702 1185 102 57 quo
761 1185 174 57 corporis
891 1185 102 57 sit
949 1185 160 57 spatium
1051 1185 160 57 tagibilis

732 1226 108 63 ista
800 1226 149 63 igitur,
909 1226 81 63 et
949 1226 149 63 similia
1058 1226 108 63 fere
1112 1226 95 63 sunt,

699 1285 103 45 per
758 1285 117 45 quae
831 1285 250 45 ratiocinantur
1037 1285 176 45 dicentes
1154 1285 59 45 va

693 1322 131 64 cuum
775 1322 147 64 esse,
873 1322 82 64 &
906 1322 197 64 negantes
1053 1322 164 64 ipsum.
1151 1322 66 64 Et

700 1371 102 63 est
759 1371 160 63 necesse
875 1371 189 63 declarare
1020 1371 116 63 quod
1078 1371 131 63 istorum

699 1421 102 61 est
758 1421 219 61 necessarium
933 1421 131 61 scire
1006 1421 204 61 significatum

698 1468 145 66 huius
794 1468 145 66 nois.
891 1468 97 66 Et
939 1468 241 66 existimatur
1116 1468 97 66 quod

699 1516 145 66 Vacuum
800 1516 101 66 est
858 1516 130 66 locus
945 1516 87 66 in
988 1516 101 66 quo
1046 1516 130 66 nihil
1118 1516 87 66 est.

700 1564 87 62 et
743 1564 130 62 causa
830 1564 87 62 in
873 1564 101 62 hoc
931 1564 116 62 est,
1004 1564 116 62 quia
1062 1564 159 62 existimat

704 1612 121 63 quod
780 1612 121 63 omne
855 1612 106 63 ens
916 1612 106 63 est
977 1612 167 63 corpus,
1098 1612 91 63 et
1128 1612 91 63 quod

698 1660 125 62 omne
777 1660 156 62 corpus
886 1660 109 62 est
948 1660 94 62 in
995 1660 141 62 loco,
1089 1660 78 62 &
1120 1660 125 62 quod

709 1709 154 61 vacuum
816 1709 108 61 est
878 1709 154 61 locus,
986 1709 92 61 in
1032 1709 108 61 quo
1094 1709 108 61 non
1140 1709 77 61 est

702 1756 150 66 corpus,
811 1756 163 66 sequitur
934 1756 136 66 igitur
1029 1756 122 66 quod,
1110 1756 82 66 si
1137 1756 82 66 ali-

709 1805 110 61 quod
778 1805 96 61 vbi
833 1805 151 61 fuerit,
943 1805 82 61 in
984 1805 96 61 quo
1039 1805 96 61 non
1094 1805 96 61 est
1135 1805 82 61 cor-

701 1856 120 58 pus,
776 1856 120 58 quod
851 1856 135 58 nihil
941 1856 105 58 sit
1002 1856 135 58 illic
1077 1856 135 58 omnino.
