1416 2066
171 181 120 54 cuius
250 181 213 54 possibilitas
423 181 93 54 est
476 181 106 54 pars
543 181 120 54 vnius
609 181 93 54 possi

180 220 166 53 bilitatis
308 220 217 53 demonstratae,
487 220 102 53 ista
538 220 153 53 possibili-

182 261 115 54 tas,
253 261 186 54 quocunque
396 261 157 54 ponatur
511 261 86 54 in
540 261 157 54 potentia,

185 301 153 50 sequitur
300 301 76 50 ex
338 301 76 50 ea
376 301 76 50 vt
415 301 178 50 inueniatur
555 301 76 50 in
593 301 102 50 actu
644 301 51 50 in

178 344 104 50 illa
243 344 156 50 dispone:
360 344 78 50 &,
399 344 78 50 si
438 344 104 50 non,
504 344 195 50 contingeret
647 344 52 50 vt

187 389 154 40 potentia
302 389 115 40 esset
379 389 154 40 frustra.
494 389 64 40 &
520 389 154 40 additio,
622 389 77 40 quae

178 420 101 39 est
235 420 87 39 in
279 420 216 39 maonitudine
452 420 188 39 demtrata,
596 420 101 39 est
639 420 58 39 de

184 449 140 61 genere
282 449 140 61 istius
380 449 210 61 additionis.
547 449 70 61 &
561 449 140 61 additio,

181 507 90 39 qua
232 507 90 39 est
284 507 77 39 in
322 507 141 39 numero,
425 507 90 39 est
476 507 77 39 de
515 507 128 39 genere
591 507 103 39 primae

183 541 176 45 additionis
322 541 63 45 &
347 541 88 45 cam
397 541 75 45 in
435 541 101 45 hoc,
498 541 101 45 quod
548 541 151 45 potentiae,

185 574 110 54 quae
254 574 110 54 sunt
323 574 83 54 in
364 574 179 54 additione
488 574 207 54 vniuscuiusque

190 620 123 46 partis
276 620 135 46 partium
374 620 159 46 mensurae,
496 620 110 46 omnes
570 620 98 46 sunt
619 620 74 46 par-

185 658 94 40 tes
238 658 121 40 vnius
319 658 188 40 potentiae.
466 658 67 40 &
493 658 94 40 non
547 658 94 40 est
600 658 94 40 ita
640 658 54 40 in

185 701 143 39 numero,
289 701 156 39 quoniam,
406 701 117 39 sicut
484 701 143 39 mensura
588 701 91 39 est
627 701 65 39 vna

193 733 65 45 &
219 733 169 45 continua,
349 733 65 45 &
375 733 143 45 numerus
480 733 91 45 non
532 733 156 45 secundum
636 733 65 45 hoc

171 772 144 55 ligitur
276 772 222 55 intelligendus
459 772 92 55 est
511 772 105 55 iste
563 772 105 55 locus.

233 821 187 45 Infinitum
376 821 129 45 autem
463 821 101 45 non
520 821 101 45 est
578 821 115 45 idem
635 821 58 45 in

187 861 157 53 motu,
291 861 87 53 &
326 861 279 53 magnitudine,
553 861 87 53 &
571 861 122 53 tpre.

193 901 152 55 tanque
299 901 76 55 &
330 901 106 55 vna
390 901 167 55 quaedam
512 901 167 55 natura.
618 901 76 55 sed

195 946 160 49 posterius
317 946 135 49 dicitur
416 946 147 49 secundum
526 946 123 49 prius.
612 946 74 49 vt
637 946 61 49 mo-

190 991 104 53 tus
250 991 163 53 quidem,
368 991 119 53 quia
443 991 134 53 prius
532 991 104 53 est
576 991 119 53 magni-

187 1030 123 52 tudo,
269 1030 82 52 in
310 1030 96 52 qua
365 1030 164 52 mouetur,
488 1030 96 52 aut
529 1030 164 52 alteratur,

184 1073 116 41 aut
251 1073 266 41 augmentatur,
467 1073 166 41 tempus
567 1073 133 41 lautem

184 1122 177 43 propter
313 1122 161 43 motum.
425 1122 129 43 Nunc
506 1122 161 43 igitur
602 1122 97 43 vti-

185 1157 106 46 mur
245 1157 121 46 his,
321 1157 197 46 posterius
472 1157 136 46 autem
548 1157 151 46 tentabi-

177 1197 104 53 mus
237 1197 149 53 dicere
341 1197 75 53 &
371 1197 119 53 quid
446 1197 104 53 est
490 1197 209 53 vnunquodque,

178 1245 83 55 &
212 1245 183 55 propter
345 1245 133 55 quid
428 1245 150 55 omnis
512 1245 183 55 magnitudo

182 1285 110 45 sit
245 1285 94 45 in
292 1285 251 45 magnitudines
480 1285 219 45 diuisibilis,

228 1326 82 63 Et
269 1326 164 63 intentio
392 1326 164 63 infiniti
515 1326 96 63 non
570 1326 96 63 est
611 1326 82 63 eadi

186 1373 88 62 in
230 1373 176 62 mensura,
363 1373 74 62 &
392 1373 88 62 in
436 1373 132 62 motu,
525 1373 74 62 &
554 1373 88 62 in
583 1373 118 62 tempo-

181 1421 86 61 re
224 1421 130 61 quasi
310 1421 101 61 vna
368 1421 158 61 natura,
483 1421 101 61 sed
541 1421 158 61 dicitur
641 1421 58 61 in

185 1477 171 61 postremo,
316 1477 105 61 quia
382 1477 92 61 est
434 1477 79 61 in
474 1477 144 61 priori.
579 1477 105 61 v.g.
631 1477 66 61 quo

183 1522 104 56 nia
243 1522 164 56 dicitur
362 1522 89 56 in
406 1522 134 56 motu,
496 1522 74 56 &
525 1522 89 56 in
555 1522 134 56 tepore,

189 1565 110 61 quia
258 1565 69 61 e
285 1565 82 61 in
327 1565 165 61 mensura,
450 1565 82 61 in
491 1565 96 61 qua
546 1565 96 61 fit
587 1565 110 61 motus,

183 1611 104 67 aut
243 1611 208 67 alteratio,
406 1611 104 67 aut
465 1611 193 67 augmentu,
614 1611 74 67 &
629 1611 74 67 di-

181 1668 127 58 citur
266 1668 85 58 in
308 1668 155 58 tempore
421 1668 155 58 propter
534 1668 127 58 motu.
604 1668 85 58 Quo-

183 1713 92 49 nia
235 1713 79 49 in
275 1713 118 49 istis
353 1713 118 49 locis
432 1713 170 49 accepimus
563 1713 105 49 ista
615 1713 79 49 acce

185 1773 142 54 ptione,
289 1773 78 54 et
327 1773 104 54 post
392 1773 142 54 dicemus
496 1773 78 54 de
535 1773 181 54 vnoquoque,

185 1811 138 47 eorum,
282 1811 69 47 &
309 1811 83 47 de
351 1811 124 47 causa
433 1811 83 47 in
475 1811 110 47 hoc,
543 1811 110 47 quod
599 1811 96 47 omnis

181 1858 170 48 mensura
304 1858 201 48 diuiditur
459 1858 93 48 in
490 1858 170 48 mensuras.

748 181 137 44 Dicit:
844 181 82 44 Et
885 181 164 44 intentio
1009 181 164 44 infiniti
1132 181 82 44 in
1159 181 69 44 men

713 222 105 53 sura
779 222 66 53 &
805 222 79 53 in
844 222 118 53 motu,
923 222 66 53 &
950 222 79 53 in
989 222 118 53 tpere
1068 222 92 53 non
1121 222 92 53 est
1160 222 66 53 di-

715 260 83 46 cta
763 260 143 46 vniuoce,
870 260 95 46 ita,
929 260 95 46 quod
989 260 167 46 significet
1120 260 95 46 vnam
1167 260 60 46 na-

717 308 120 44 turam,
801 308 84 44 sed
849 308 120 44 illud,
933 308 96 44 quod
992 308 132 44 dicitur
1088 308 72 44 de
1112 308 120 44 posterio

714 341 60 53 ri
744 341 111 53 dicitur
825 341 101 53 perper
895 341 91 53 prius
955 341 121 53 scilicet
1046 341 111 53 quoniam
1126 341 70 53 est
1157 341 80 53 dictum

723 381 63 39 in
754 381 73 39 eis
796 381 125 39 secundum
889 381 104 39 prius,
962 381 52 39 &
983 381 135 39 posterius
1087 381 125 39 secundum
1171 381 63 39 hoc,

712 421 111 45 quod
782 421 153 45 mensura
893 421 97 45 est
948 421 125 45 prior
1032 421 125 45 motu,
1115 421 69 45 &
1129 421 97 45 motus

722 457 112 49 tpere.
800 457 67 49 v.
833 457 67 49 g.
867 457 123 49 quoniam
956 457 145 49 infinitum
1068 457 78 49 non
1112 457 123 49 dicitur
1190 457 45 49 de

717 495 115 43 motu,
794 495 102 43 nisi
857 495 102 43 quia
921 495 140 43 dicitur
1023 495 76 43 de
1061 495 153 43 mensura.
1163 495 64 43 men

712 534 112 44 sura
782 534 126 44 enim,
866 534 112 44 quia
936 534 98 44 est
992 534 182 44 subiectum
1118 534 112 44 motus,

720 573 69 42 &
748 573 153 42 mensura
859 573 97 42 est
915 573 125 42 causa
998 573 167 42 infiniti
1109 573 125 42 existen

717 616 74 50 tis
760 616 63 50 in
791 616 95 50 ipsa,
854 616 126 50 secundum
949 616 84 50 quod
1002 616 116 50 mensura
1086 616 74 50 est
1117 616 116 50 subiectum

717 652 139 51 ipsius,
818 652 63 51 &
844 652 114 51 motus
919 652 114 51 etiam
995 652 114 51 causa
1071 652 88 51 est
1109 652 126 51 infiniti

716 692 149 39 existentis
833 692 64 39 in
865 692 96 39 ipso,
929 692 127 39 secundum
1024 692 85 39 quod
1077 692 96 39 motus
1141 692 74 39 est
1173 692 53 39 sub

713 732 131 38 iectum,
808 732 131 38 necesse
904 732 83 38 est
951 732 71 38 vt
987 732 167 38 infinitum,
1106 732 119 38 existens

720 771 78 39 in
759 771 156 39 mensura,
876 771 91 39 ita
928 771 78 39 se
967 771 130 39 habeat
1057 771 78 39 ad
1083 771 143 39 infinitum

710 806 179 45 existens
844 806 89 45 in
889 806 134 45 motu,
978 806 134 45 sicut
1067 806 164 45 mensura
1171 806 60 45 ad

717 846 136 44 motum.
812 846 81 44 si
853 846 136 44 igitur
948 846 176 44 quantitas
1084 846 149 44 dicitur
1179 846 54 44 de

715 886 155 44 mensura,
831 886 65 44 &
857 886 103 44 motu
922 886 155 44 secundum
1038 886 129 44 prius,
1129 886 65 44 &
1142 886 90 44 poste

717 925 110 37 rius,
790 925 135 37 necesse
888 925 86 37 est
937 925 73 37 vt
974 925 159 37 infinitum
1096 925 135 37 dicatur
1182 925 49 37 de

717 963 76 53 eis
760 963 129 53 secundum
857 963 108 53 prius,
933 963 54 53 &
955 963 151 53 posterius.
1073 963 54 53 &
1095 963 140 53 similiter
1192 963 43 53 de

714 1012 125 44 motu
793 1012 109 44 cum
855 1012 156 44 tpere.
964 1012 234 44 quemadmodum
1136 1012 94 44 enim

719 1047 117 37 motus
797 1047 91 37 est
849 1047 117 37 prior
927 1047 130 37 tpere,
1018 1047 169 37 similiter
1135 1047 104 37 infini

709 1083 101 40 tum
766 1083 172 40 existens
895 1083 86 40 in
939 1083 115 40 motu
1010 1083 101 40 est
1068 1083 129 40 prius
1140 1083 86 40 infi

718 1132 95 39 nito
777 1132 154 39 existente
896 1132 71 39 in
931 1132 142 39 tempore.
1038 1132 95 39 D.d.
1097 1132 130 39 quoniam
1180 1132 47 39 in

718 1163 159 47 mensura,
837 1163 79 47 in
876 1163 92 47 qua
929 1163 92 47 fit
982 1163 132 47 motus,
1074 1163 79 47 i.
1101 1163 132 47 transla-

713 1198 106 56 tio,
779 1198 66 56 &
806 1198 159 56 intendit
925 1198 93 56 per
978 1198 159 56 mensuram
1084 1198 146 56 subiectum

714 1247 119 38 motus
793 1247 238 38 translationis,
991 1247 92 38 aut
1031 1247 198 38 alterationis,

709 1284 102 38 aut
768 1284 189 38 augmenti,
913 1284 73 38 &
943 1284 102 38 est
1001 1284 160 38 corpus.
1117 1284 117 38 D.d.
1190 1284 73 38 &

718 1318 138 52 dicitur
819 1318 75 52 in
857 1318 113 52 tpre,
932 1318 88 52 &c.
982 1318 75 52 i.
1020 1318 63 52 &
1045 1318 138 52 dicitur
1145 1318 75 52 in
1170 1318 63 52 tpe

717 1356 98 54 quia
778 1356 134 54 dicitur
876 1356 73 54 in
912 1356 208 54 translatione.
1083 1356 98 54 D.d.
1144 1356 61 54 &
1157 1356 73 54 post

712 1397 169 51 dicemus,
839 1397 99 51 &c.
895 1397 85 51 i.
937 1397 70 51 &
965 1397 113 51 hoc,
1036 1397 113 51 quod
1092 1397 127 51 diximus

722 1435 108 56 quod
789 1435 148 56 quaedam
897 1435 148 56 istorum
1004 1435 188 56 praecedunt
1139 1435 94 56 quae-

717 1476 113 51 dam,
788 1476 99 51 est
844 1476 156 51 positum
958 1476 113 51 hic,
1029 1476 71 51 &
1057 1476 113 51 post
1114 1476 113 51 decla-

717 1517 172 46 rabitur,
846 1517 100 46 cum
903 1517 158 46 dicemus
1018 1517 172 46 vtrumque
1133 1517 100 46 eorum

720 1557 90 56 quid
776 1557 79 56 sit
821 1557 135 56 scilicet
923 1557 113 56 motum,
1002 1557 56 56 &
1024 1557 124 56 tempus,
1114 1557 56 56 &
1126 1557 101 56 quomodo

709 1593 81 42 se
750 1593 135 42 habent
845 1593 189 42 adinuicem:
994 1593 149 42 quoniam
1102 1593 122 42 motus
1169 1593 68 42 iam

715 1630 202 44 declaratus
873 1630 115 44 est.
945 1630 115 44 D.d.
1017 1630 72 44 &
1046 1630 130 44 causa
1132 1630 86 44 in
1161 1630 72 44 hoc

713 1673 107 50 quod
780 1673 121 50 omnis
860 1673 161 50 mensura,
981 1673 94 50 &c.
1035 1673 81 50 i.
1075 1673 67 50 &
1088 1673 148 50 declarabi

716 1709 102 55 mus
775 1709 160 55 causam,
891 1709 145 55 perper
993 1709 116 55 quam
1065 1709 145 55 semper
1152 1709 73 55 men

714 1749 109 38 sura
782 1749 177 38 diuiditur
919 1749 82 38 in
959 1749 204 38 diuisibile.
1123 1749 82 38 Et
1150 1749 68 38 hoc

721 1788 174 52 significat
857 1788 99 52 quod
920 1788 137 52 diuisio
1019 1788 149 52 mensurae
1119 1788 99 52 semper

716 1836 83 43 est
764 1836 95 43 nota
823 1836 83 43 per
871 1836 83 43 se,
918 1836 59 43 &
942 1836 95 43 quod
1001 1836 107 43 causa
1073 1836 95 43 eius
1120 1836 107 43 indiget

709 1869 299 45 demonstratione,
961 1869 110 45 non
1024 1869 142 45 sicut
1103 1869 126 45 quidam
