1416 2066
192 148 88 47 patet
251 148 68 47 per
290 148 88 47 ipsum
348 148 78 47 com.
397 148 59 47 i.
427 148 59 47 &.
456 148 59 47 3.
485 148 68 47 in.
524 148 59 47 2.
554 148 78 47 phi.
602 148 49 47 &
622 148 59 47 in
641 148 59 47 com.

187 189 66 32 gi.
224 189 94 32 super.
290 189 56 32 4.
318 189 75 32 phy.
365 189 56 32 &.
393 189 56 32 3.
422 189 94 32 coeli.
487 189 75 32 com.
534 189 66 32 26.
572 189 47 32 &
591 189 85 32 alibi
647 189 66 32 in¬

189 222 126 36 finities.
286 222 116 36 elementa
373 222 78 36 enim
422 222 68 36 non
461 222 97 36 hibunt
529 222 136 36 principium
625 222 78 36 passi-

189 249 77 42 uum
233 249 176 42 intrinsecum,
376 249 77 42 per
420 249 88 42 quod
474 249 154 42 moueantur,
595 249 88 42 quia
639 249 55 42 il-

184 280 84 34 lud
232 280 84 34 est
280 280 84 34 ens
327 280 72 34 in
363 280 107 34 actu,
435 280 143 34 elementa
542 280 107 34 autem
614 280 84 34 non
649 280 48 34 ha

185 312 89 34 bent
241 312 89 34 nisi
296 312 111 34 primam
374 312 145 34 materiam,
485 312 56 34 &
508 312 122 34 formam:
597 312 100 34 prima
652 312 45 34 au

186 343 80 35 tem
231 343 126 35 materia
323 343 80 35 est
369 343 80 35 ens
415 343 69 35 in
449 343 92 35 pura
506 343 149 35 potentia.
621 343 57 35 &
632 343 69 35 ideo

183 376 178 34 naturalitas
325 376 71 34 in
361 376 95 34 motu
420 376 178 34 elementorum
562 376 83 34 est
609 376 59 34 a
621 376 71 34 prin

186 406 100 34 cipio
253 406 156 34 intrinseco
375 406 123 34 actiuo,
465 406 89 34 quod
521 406 78 34 est
565 406 123 34 natura:
643 406 56 34 ta-

190 439 67 35 le
223 439 100 35 autem
290 439 78 35 est
334 439 89 35 ipsa
390 439 100 35 forma
457 439 144 35 elementi.
568 439 100 35 motus
623 439 78 35 autem

186 471 105 35 coeli
256 471 82 35 est
303 471 152 35 naturalis
420 471 140 35 opposito
526 471 105 35 modo.
596 471 94 35 quia
643 471 58 35 sua

186 502 157 36 naturalitas
311 502 73 36 est
353 502 63 36 ex
385 502 94 36 parte
448 502 136 36 principii
552 502 126 36 passiui:
636 502 63 36 quia

182 540 121 30 coelum
267 540 109 30 habet
339 540 145 30 materiam
449 540 73 30 in
485 540 109 30 actu,
558 540 61 30 &
582 540 85 30 non
618 540 85 30 habet

184 564 196 33 naturalitatem
346 564 92 33 suam
403 564 58 33 a
426 564 115 33 forma,
507 564 92 33 quae
565 564 81 33 sit
599 564 104 33 natura:

185 597 103 38 immo
249 597 90 38 sua
301 597 116 38 forma
378 597 90 38 est
430 597 167 38 aliquando
558 597 142 38 natura.
649 597 51 38 Et

183 627 89 35 hoc
234 627 203 35 consyderauit
399 627 127 35 Magnus
488 627 152 35 Albertus
602 627 76 35 in
640 627 63 35 .
652 627 51 35 1.

188 661 97 38 phy.
248 661 73 38 ad
285 661 109 38 princ
357 661 121 38 ipium,
442 661 85 38 dum
490 661 109 38 dixit
563 661 109 38 motum
623 661 73 38 coel

187 693 82 38 non
234 693 94 38 esse
293 693 105 38 motum
363 693 141 38 naturae,
469 693 82 38 sed
504 693 199 38 intelligentiae:

187 722 173 41 comparando
323 722 161 41 videlicet
446 722 111 41 ipsum
520 722 111 41 motum
594 722 74 41 ad
619 722 74 41 prin

187 757 122 30 cipium
272 757 147 30 actiuum,
383 757 98 30 quia
444 757 98 30 tale
505 757 86 30 non
554 757 86 30 est
591 757 110 30 natura:

188 787 80 32 sed
233 787 205 32 intelligentia.
404 787 103 32 Recte
473 787 114 32 igitur
553 787 103 32 dixit
610 787 91 32 Commen

184 815 148 34 corporis
295 815 160 34 coelestis
418 815 111 34 motum
492 815 86 34 non
541 815 99 34 esse
590 815 111 34 natura-

190 850 95 33 lem,
249 850 107 33 sicut
320 850 83 33 est
368 850 107 33 motus
439 850 189 33 elementorum.
593 850 83 33 nam
628 850 71 33 natu

184 883 133 31 ralitas
280 883 72 31 in
316 883 96 31 motu
377 883 145 31 elementi
485 883 84 31 est
533 883 60 31 a
557 883 108 31 forma
630 883 84 31 non
666 883 36 31 a

186 913 138 33 materia.
290 913 81 33 sed
336 913 173 33 naturalitas
475 913 69 33 in
509 913 92 33 motu
567 913 104 33 coeli
636 913 92 33 est:

183 941 143 37 materia,
290 941 83 37 non
338 941 60 37 a
362 941 119 37 forma.
445 941 107 37 Cuius
516 941 107 37 tamen
576 941 131 37 oppositum

186 975 146 36 sentiunt
295 975 134 36 Moderni
393 975 73 36 ad
429 975 110 36 pauca
490 975 183 36 respicientes.

220 1003 96 39 Quarta
288 1003 87 39 etiam
345 1003 125 39 contradi.
441 1003 67 39 est
480 1003 58 39 in
509 1003 77 39 com.
557 1003 58 39 3.
586 1003 87 39 Dicit
643 1003 77 39 quod

183 1038 82 43 non
230 1038 152 43 inuenitur
347 1038 117 43 corpus
429 1038 152 43 simiplex,
547 1038 94 43 quod
594 1038 105 43 alteret

183 1074 70 38 ex
218 1074 82 38 se,
265 1074 105 38 sicut
335 1074 151 38 inuenitur
451 1074 117 38 corpus
533 1074 140 38 simplex,
626 1074 70 38 quod

188 1104 127 34 mouetur
280 1104 69 34 in
314 1104 92 34 loco
372 1104 69 34 ex
406 1104 81 34 se.
452 1104 104 34 Huius
521 1104 104 34 tamen
579 1104 127 34 oppositum

191 1132 119 33 videtur
278 1132 130 33 sentire.
375 1132 65 33 7.
407 1132 97 33 meta.
472 1132 86 33 com.
526 1132 76 33 29.
569 1132 76 33 vbi
602 1132 97 33 vniuer-

183 1164 130 38 saliter
278 1164 107 38 loqui
349 1164 130 38 videtur
444 1164 71 38 de
479 1164 154 38 mobilibus
597 1164 95 38 motu
645 1164 47 38 lo

187 1201 110 33 cali,
260 1201 61 33 &
284 1201 73 33 de
321 1201 159 33 mobilibus
443 1201 98 33 motu
504 1201 207 33 generationis,
662 1201 37 33 &

186 1229 201 38 alterationis.
352 1229 118 38 inquit
434 1229 94 38 enim
493 1229 94 38 quod
540 1229 154 38 quemadmodum

181 1259 124 39 eorum,
267 1259 99 39 quae
329 1259 149 39 mouentur
441 1259 74 39 in
478 1259 112 39 loco,
553 1259 136 39 quaedam
639 1259 50 39 mo

193 1293 103 33 uentur
265 1293 62 33 ex
296 1293 72 33 se,
337 1293 52 33 &
358 1293 114 33 quaedam
441 1293 62 33 ex
472 1293 93 33 alio,
534 1293 72 33 sic
575 1293 72 33 est
616 1293 62 33 de
637 1293 62 33 gene

181 1328 168 30 rabilibus.
313 1328 60 30 &
337 1328 84 30 ita
385 1328 132 30 videtur
481 1328 96 30 quod
541 1328 96 30 motu
589 1328 108 30 altera-

182 1360 122 27 tionis
267 1360 61 27 &
292 1360 195 27 generationis
450 1360 134 27 aliquid
548 1360 146 27 moueatur
645 1360 49 27 ex

183 1385 75 33 se.
226 1385 65 33 Ad
259 1385 75 33 hoc
302 1385 129 33 dicimus,
399 1385 86 33 quod
452 1385 97 33 aliud
517 1385 75 33 est
560 1385 97 33 loqui
625 1385 65 33 in
646 1385 54 33 sim

186 1417 143 38 plicibus
293 1417 179 38 corporibus,
437 1417 107 38 aliud
508 1417 72 38 in
544 1417 131 38 mixtis.
627 1417 72 38 vnde

183 1453 123 38 ipsemet
272 1453 145 38 Commenta.
384 1453 67 38 in
418 1453 78 38 hoc
462 1453 112 38 commen
541 1453 101 38 dicit
608 1453 89 38 quod
652 1453 45 38 in

184 1481 156 33 compositis
306 1481 111 33 potest
384 1481 100 33 esse:
451 1481 156 33 principium
562 1481 133 33 alteratio-

183 1517 75 29 nis
226 1517 64 29 in
258 1517 85 29 ipso
311 1517 128 29 aiterato
408 1517 64 29 ab
440 1517 85 29 eis,
493 1517 85 29 quae
546 1517 139 29 adueniunt
643 1517 53 29 cor

183 1548 90 39 pori
239 1548 90 39 suo,
295 1548 67 39 vt
329 1548 67 39 in
362 1548 168 39 animalibus,
497 1548 56 39 &
520 1548 135 39 plantis.
621 1548 79 39 In.
654 1548 34 39 7

185 1581 123 29 ligitur
274 1581 101 29 meta.
342 1581 134 29 loquitur
442 1581 67 29 de
476 1581 168 29 compositis:
610 1581 78 29 sed
644 1581 56 29 hic

189 1611 126 31 loquitur
283 1611 63 31 de
314 1611 167 31 simplicibus.
450 1611 94 31 vide,
513 1611 52 31 &
534 1611 94 31 glosa
596 1611 73 31 sic
628 1611 73 31 Auer.

187 1640 65 39 in.
224 1640 46 39 S
242 1640 65 39 ph.
279 1640 74 39 com.
325 1640 65 39 10.
362 1640 46 39 &
381 1640 65 39 te.
418 1640 74 39 com.
464 1640 65 39 6o.
501 1640 46 39 &
519 1640 55 39 4.
547 1640 92 39 coeli.
612 1640 74 39 com.
649 1640 46 39 14.

184 1673 60 33 &.
214 1673 60 33 2.
244 1673 60 33 de
274 1673 100 33 anima.
344 1673 80 33 com.
394 1673 70 33 30.
434 1673 60 33 &.
463 1673 60 33 9.
493 1673 80 33 met.
543 1673 80 33 com.
593 1673 60 33 3.
623 1673 60 33 Et
643 1673 50 33 pro

183 1704 90 35 ista
239 1704 147 35 solutione
352 1704 90 35 vide
408 1704 113 35 textum
488 1704 147 35 commenti.
600 1704 79 35 34.
634 1704 68 35 pri-

181 1735 79 42 mi
220 1735 79 42 de
247 1735 171 42 generatione

219 1765 113 37 Quinta
298 1765 147 37 contradi.
411 1765 79 37 est
457 1765 68 37 in
491 1765 91 37 tex.
548 1765 68 37 4.
570 1765 125 37 Aristote-

183 1797 78 37 les
228 1797 90 37 enim
284 1797 146 37 declarans
396 1797 90 37 quae
452 1797 90 37 sunt
508 1797 146 37 naturata,
608 1797 90 37 dicit,

180 1832 104 34 quod
245 1832 104 34 sunt
310 1832 182 34 quaecunque
454 1832 143 34 naturam
558 1832 143 34 habent,
662 1832 65 34 &

187 1869 94 30 haec
246 1869 106 30 omnia
316 1869 94 30 sunt
375 1869 188 30 substantiae.
528 1869 129 30 reddens
610 1869 82 30 autem

181 1897 127 34 causam
270 1897 115 34 huius
347 1897 153 34 asserit,
461 1897 102 34 quia
525 1897 165 34 subiectum
639 1897 64 34 est

718 155 148 40 quoddam,
829 155 62 40 &
853 155 74 40 in
890 155 148 40 subiecto
1002 155 86 40 est
1051 155 123 40 natura
1125 155 111 40 semper-

728 189 104 33 quasi
798 189 104 33 dicat
867 189 116 33 natura
948 189 81 33 non
995 189 81 33 est
1041 189 93 33 nisi
1087 189 139 33 subiectum,

714 218 59 32 &
738 218 117 32 forma,
820 218 94 32 quae
879 218 82 32 est
926 218 70 32 in
961 218 153 32 subiecto,
1078 218 59 32 &
1102 218 106 32 talia
1161 218 70 32 sunt

718 248 194 34 substantiae,
875 248 60 34 &
899 248 97 34 ideo
960 248 157 34 composita
1081 248 145 34 naturata
1178 248 48 34 ex

716 284 122 30 naturis,
808 284 82 30 quae
859 284 82 30 sunt
910 284 163 30 substantiae,
1042 284 82 30 sunt
1083 284 143 30 substantiae.

723 314 82 39 Ista
774 314 72 39 est
815 314 82 39 vera
867 314 103 39 illius
939 314 82 39 loci
990 314 144 39 expositio.
1103 314 72 39 non
1144 314 82 39 enim
1186 314 51 39 po-

718 342 86 36 test
772 342 97 36 legi,
836 342 64 36 vt
868 342 86 36 haec
922 342 97 36 omnia
986 342 139 36 Aristote.
1094 342 118 36 asserat
1169 342 64 36 esse

722 376 167 34 substatias,
855 376 144 34 videlicet
966 376 156 34 subiectum,
1089 376 89 34 quod
1144 376 78 34 est
1177 376 56 34 ma-

722 406 106 36 teria.
796 406 53 36 &
817 406 63 36 id
849 406 84 36 quod
902 406 74 36 est
944 406 63 36 in
976 406 137 36 subiecto,
1081 406 84 36 quid
1134 406 74 36 est
1166 406 63 36 for-

720 440 81 35 ma.
767 440 92 35 quia
824 440 69 35 ex
859 440 104 35 primo
928 440 104 35 coeli
997 440 58 35 &
1020 440 92 35 mun.
1078 440 92 35 tex.
1136 440 81 35 com
1170 440 58 35 se-

726 469 114 38 undi,
802 469 101 38 duos
865 469 114 38 ambos
941 469 151 38 dicimus,
1054 469 63 38 &
1080 469 114 38 ambos
1143 469 88 38 duos,

721 500 102 35 omnes
788 500 90 35 vero
845 500 79 35 non
890 500 136 35 dicimus.
992 500 79 35 Pro
1037 500 90 35 illo
1093 500 102 35 tamen
1150 500 79 35 dicto

719 534 68 36 in
753 534 170 36 expositione
888 534 79 36 te.
934 534 57 36 &
956 534 91 36 sunt
1013 534 91 36 haec
1070 534 102 36 omnia
1126 534 102 36 substam

718 564 101 38 tia,
781 564 101 38 Com.
844 564 126 38 refert
933 564 113 38 bhaec
1008 564 113 38 omnia
1084 564 76 38 ad
1109 564 126 38 naturam,

718 596 60 39 &
742 596 71 39 ad
778 596 119 39 habens
861 596 143 39 naturam.
968 596 71 39 Et
1004 596 71 39 si
1040 596 131 39 dicitur
1135 596 95 39 quod
1182 596 48 39 sy

720 635 104 31 omne,
790 635 81 31 non
836 635 127 31 dicitur
928 635 69 31 de
962 635 127 31 duobus,
1054 635 81 31 sed
1100 635 69 31 de
1123 635 104 31 tribus,

726 659 101 34 hodo
790 659 126 34 natura
878 659 63 34 &
903 659 126 34 habens
992 659 139 34 naturam
1093 659 101 34 sunt
1156 659 101 34 duo:

723 690 130 33 Soluitur
821 690 87 33 quod
875 690 108 33 natura
951 690 130 33 includit
1049 690 87 33 duo,
1103 690 130 33 materiam
1200 690 54 33 &

715 724 132 31 formam,
811 724 60 31 &
835 724 120 31 habens
919 724 132 31 naturam
1014 724 84 31 est
1062 724 144 31 tertium.
1158 724 72 31 ista

721 755 109 33 enim
789 755 204 33 denominatio
952 755 81 33 ad
993 755 149 33 numerum
1088 755 149 33 ternarium

716 786 142 36 spectat.
823 786 83 36 Sed
870 786 95 36 tunc
929 786 142 36 secundum
1036 786 107 36 istam
1095 786 142 36 Philosophi

720 817 169 33 sententiam
853 817 109 33 forma
925 817 133 33 dicitur
1022 817 97 33 esse
1082 817 72 33 in
1106 817 133 33 subiecto.

724 853 109 28 tluius
800 853 98 28 autem
866 853 142 28 oppositum
975 853 120 28 legitur
1062 853 65 28 in
1084 853 153 28 praedicamen-

726 881 78 33 tis,
775 881 68 33 vbi
814 881 108 33 dicitur
893 881 117 33 proprium
981 881 78 33 esse
1030 881 137 33 substatiae
1137 881 59 33 in
1157 881 78 33 subie-

721 912 73 42 cto
762 912 73 42 non
804 912 94 42 esse.
866 912 83 42 Nisi
919 912 94 42 esset
981 912 63 42 vt
1012 912 104 42 inquit
1085 912 125 42 Alexand.
1169 912 63 42 quod

723 945 105 33 sermo
793 945 163 33 Philosophi
921 945 70 33 in
956 945 209 33 praedicamentis
1119 945 116 33 intelli-

714 977 107 36 gitur
786 977 72 36 de
821 977 167 36 substantia
953 977 155 36 composita
1072 977 72 36 ex
1108 977 131 36 materia
1203 977 60 36 &

718 1006 122 36 forma,
803 1006 61 36 &
828 1006 86 36 non
877 1006 73 36 de
913 1006 122 36 forma,
999 1006 98 36 quae
1060 1006 86 36 est
1097 1006 134 36 substatia

720 1037 135 37 simplex.
821 1037 79 37 Aut
866 1037 124 37 aliter.
957 1037 79 37 non
1002 1037 158 37 intellexit
1126 1037 102 37 Aris.
1194 1037 68 37 in

720 1069 78 38 hoc
764 1069 89 38 loco
820 1069 89 38 esse
875 1069 67 38 in
909 1069 133 38 subiecto
1009 1069 122 38 proprie
1098 1069 122 38 dictum,
1175 1069 56 38 si-

719 1103 79 29 cut
764 1103 123 29 sumpsit
853 1103 67 29 in
887 1103 213 29 praedicamentis,
1067 1103 79 29 sed
1112 1103 112 29 large,
1179 1103 56 29 vi-

723 1134 125 36 delicet
814 1134 80 36 id,
859 1134 91 36 quod
916 1134 68 36 ad
950 1134 80 36 hoc
995 1134 68 36 vt
1029 1134 68 36 si
1064 1134 125 36 indiget
1143 1134 91 36 aliquo

715 1167 142 39 subiecto.
825 1167 66 39 Et
857 1167 77 39 hoc
901 1167 99 39 etiam
967 1167 121 39 adnotat
1055 1167 121 39 Commen.
1142 1167 66 39 in
1164 1167 66 39 prae

719 1195 102 39 senti
787 1195 102 39 loco,
855 1195 91 39 quod
912 1195 102 39 forma
981 1195 80 39 est
1026 1195 68 39 in
1060 1195 148 39 subiectu,
1163 1195 68 39 quod

724 1227 173 42 substentatur
864 1227 75 42 per
908 1227 108 42 illam.
983 1227 75 42 non
1026 1227 86 42 quia
1080 1227 75 42 est
1123 1227 65 42 in
1145 1227 86 42 subie-

719 1258 89 44 cto,
774 1258 78 44 per
819 1258 89 44 quod
874 1258 189 44 substentatur,
1029 1258 100 44 sicut
1085 1258 144 44 accidentia.

723 1289 90 34 Vbi
775 1289 193 34 Commentator
929 1289 90 34 dat
981 1289 155 34 pulchram
1084 1289 142 34 differen-

722 1323 89 44 tiam,
782 1323 59 44 ex
811 1323 69 44 qua
851 1323 129 44 intelligi
950 1323 99 44 porest
1019 1323 79 44 quod
1069 1323 79 44 esse
1118 1323 59 44 in
1138 1323 99 44 subiecto

717 1363 147 26 aequiuoce
830 1363 125 26 dicitur
921 1363 68 26 de
955 1363 113 26 formis
1023 1363 204 26 substantialibus,

716 1388 55 30 &
738 1388 66 30 de
771 1388 187 30 accidentibus.
925 1388 77 30 nam
969 1388 99 30 forma
1036 1388 187 30 substantialis
1179 1388 55 30 est

717 1419 69 32 in
752 1419 151 32 subiecto,
868 1419 69 32 i.
903 1419 69 32 in
937 1419 104 32 prima
1007 1419 139 32 materia,
1111 1419 93 32 quae
1158 1419 69 32 sub-

719 1450 161 43 stentatur,
845 1450 103 43 idest
914 1450 92 43 quae
971 1450 80 43 est
1017 1450 69 43 in
1051 1450 92 43 actu
1109 1450 80 43 per
1143 1450 92 43 ipsam.

714 1482 92 40 quia
772 1482 127 40 materia
864 1482 81 40 non
910 1482 81 40 est
956 1482 69 40 in
991 1482 92 40 actu
1049 1482 81 40 seu
1095 1482 69 40 in
1118 1482 115 40 effectu,

712 1512 89 34 nisi
767 1512 77 34 per
812 1512 122 34 formam,
900 1512 77 34 nec
944 1512 89 34 sine
1000 1512 100 34 forma
1066 1512 111 34 potest
1132 1512 100 34 existe-

723 1544 82 42 re,
770 1544 70 42 vt
805 1544 129 42 deducit
899 1544 129 42 Commen.
993 1544 70 42 in
1028 1544 129 42 secundo
1110 1544 117 42 physico-

724 1580 105 30 comni.
798 1580 74 30 12.
840 1580 74 30 sed
882 1580 147 30 accidentia
998 1580 84 30 sunt
1050 1580 63 30 in
1082 1580 126 30 subiecto
1166 1580 63 30 exi-

722 1612 138 40 stentia.
825 1612 57 40 a
848 1612 80 40 quo
894 1612 115 40 sumunt
974 1612 138 40 actualem
1066 1612 161 40 existentiam.

715 1645 111 33 dicit
788 1645 98 33 enim
850 1645 184 33 Philosophus
997 1645 74 33 in
1022 1645 209 33 praedicamentis,

715 1679 89 38 quod
770 1679 155 38 destructis
892 1679 111 38 primis
970 1679 166 38 substantiis
1092 1679 144 38 impossibile

718 1706 85 34 est
766 1706 134 34 aliquid
864 1706 134 34 aliorum
961 1706 158 34 remanere.
1082 1706 109 34 Aliam
1143 1706 85 34 etiam

717 1736 180 33 differentiam
863 1736 112 33 innuit
942 1736 90 33 Com.
998 1736 79 33 in.
1043 1736 67 33 2.
1077 1736 67 33 de
1110 1736 101 33 anima
1167 1736 67 33 com.

721 1773 79 35 Aa,
766 1773 90 35 quae
822 1773 79 35 est
868 1773 102 35 causa
935 1773 113 35 istius
1014 1773 79 35 nam
1060 1773 147 35 subiectum
1161 1773 68 35 for-

714 1802 80 32 mae
759 1802 194 32 substantialis
919 1802 137 32 secundum
1022 1802 91 32 quod
1079 1802 80 32 est
1113 1802 126 32 subiectum

721 1836 81 31 est
768 1836 81 31 ens
814 1836 69 31 in
848 1836 150 31 potentia,
964 1836 58 31 &
987 1836 150 31 subiectum
1102 1836 115 31 formae
1171 1836 58 31 ac-

724 1864 144 34 cidentalis
837 1864 72 34 est
878 1864 72 34 ens
919 1864 62 34 in
949 1864 92 34 actu.
1011 1864 62 34 Ex
1042 1864 72 34 hoc
1083 1864 82 34 enim
1124 1864 103 34 sequitur

715 1893 73 37 vt
751 1893 158 37 subiectum
873 1893 121 37 formae
958 1893 206 37 substantialis
1116 1893 109 37 substen
