1416 2066
151 176 204 58 vniuersale
312 176 102 58 est
370 176 146 58 notius
472 176 117 58 apud
530 176 146 58 intelle-

164 228 149 46 ctum,
263 228 83 46 &
296 228 248 46 particulare
494 228 116 46 est
543 228 132 46 notiu,

162 273 123 65 apud
239 273 170 65 sensum:
362 273 231 65 intelligere
547 273 123 65 enim
609 273 77 65 est

177 317 211 64 vniuersale,
346 317 155 64 sentire
458 317 112 64 vero
514 317 169 64 particula-

165 380 109 52 re.
228 380 94 52 v.
275 380 94 52 g.
322 380 172 52 quoniam
447 380 172 52 magnum,
572 380 78 52 &
603 380 109 52 par

165 418 108 56 uum
226 418 124 56 sunt
304 418 93 56 in
350 418 232 56 intellectu,
536 418 77 56 &
551 418 124 56 rarum,

163 469 85 53 &
197 469 170 53 densum
316 469 102 53 in
350 469 136 53 sensu.

188 533 99 45 Cum
244 533 141 45 dixit,
343 533 113 45 quod
413 533 155 45 Antiqui
512 533 169 45 conueniunt

172 569 79 52 in
211 569 106 52 hoc,
278 569 106 52 quod
344 569 172 52 principia
476 569 106 52 sunt
529 569 146 52 contraria

167 613 238 45 quodammodo,
358 613 79 45 &
389 613 206 45 differunt
548 613 127 45 alio
612 613 63 45 mo

171 646 81 44 do,
218 646 128 44 icoepit
311 646 139 44 numerare
415 646 104 44 modos
484 646 139 44 scilicet
589 646 58 44 i
600 646 70 44 qui-

168 685 85 45 bus
216 685 182 45 conueniunt,
362 685 61 45 &
386 685 73 45 in
422 685 121 45 quibus
507 685 170 45 diciturnt.
641 685 61 45 &

170 726 48 45 d
190 726 76 45 dint
237 726 76 45 enim
285 726 124 45 secundum,
380 726 67 45 &c.
418 726 57 45 i.
447 726 133 45 diciteurnt
542 726 133 45 diuersitate,

170 770 97 41 quam
230 770 121 41 plures
315 770 121 41 homies
399 770 121 41 sciunt
484 770 145 41 scilicet
580 770 97 41 famosa

168 812 224 39 diuersitate.
350 812 70 39 &
378 812 210 39 conueniunt,
546 812 112 39 quia
602 812 70 39 pro

168 843 141 47 cedunt
266 843 84 47 in
309 843 253 47 consyderatione
519 843 98 47 per
562 843 112 47 eandem

167 881 222 52 argumentationem
354 881 70 52 in
389 881 117 52 gnere:
471 881 105 52 omnes
541 881 94 52 enim
588 881 82 52 vtum.

171 918 79 45 tur
216 918 169 45 inductione.
351 918 79 45 est
396 918 90 45 enim
452 918 124 45 commune
542 918 124 45 omnibus
621 918 56 45 con

173 959 134 43 trarijs
270 959 97 43 hoc,
331 959 134 43 quoniam
428 959 134 43 quaedam
525 959 97 43 sunt
574 959 97 43 deter-

169 997 190 37 minantia,
316 997 73 37 &
345 997 146 37 quadam
447 997 234 37 determinata.
637 997 73 37 &

165 1045 190 29 conueniunt
315 1045 81 29 in
355 1045 108 29 hoc,
423 1045 108 29 quod
477 1045 190 29 reducuntter-

167 1074 141 49 minata
266 1074 85 49 ad
308 1074 212 49 terminantia
477 1074 99 49 per
520 1074 155 49 inductio-

172 1114 92 52 nem.
230 1114 69 52 v.
265 1114 69 52 g.
300 1114 127 52 quoniam
392 1114 81 52 qui
438 1114 104 52 dicit
508 1114 92 52 quod
554 1114 127 52 principia

170 1152 116 43 sunt
243 1152 174 43 Calidum,
374 1152 73 43 &
403 1152 131 43 Trig.
490 1152 73 43 &
519 1152 102 43 Hu.
577 1152 73 43 &
592 1152 87 43 Sic.

169 1196 149 38 nititur
277 1196 95 38 per
331 1196 203 38 inductionem
493 1196 162 38 reducere
601 1196 68 38 om-

170 1228 82 51 nia
217 1228 152 51 contraria
334 1228 70 51 ad
369 1228 105 51 ista,
439 1228 58 51 &
463 1228 152 51 similiter
579 1228 82 51 qui
615 1228 58 51 di-

167 1268 93 51 cit
220 1268 106 51 quod
286 1268 172 51 principia
418 1268 106 51 sunt
484 1268 106 51 Par,
550 1268 66 51 &
563 1268 106 51 Impar.

168 1310 102 36 aut
226 1310 174 36 Additio.
356 1310 73 36 &
385 1310 203 36 Diminutio.
530 1310 145 36 Secundum

152 1344 151 55 ligitur
262 1344 110 55 hunc
330 1344 123 55 modum
413 1344 192 55 conueniunt
563 1344 82 55 in
591 1344 82 55 hoc,

161 1387 112 40 quod
231 1387 224 40 vtuntureadem
413 1387 252 40 argumentatione
623 1387 84 40 in

167 1423 114 53 forma,
247 1423 80 53 sed
292 1423 149 53 differunt
407 1423 137 53 secundum
510 1423 114 53 illud,
590 1423 69 53 in
613 1423 57 53 quo

160 1469 169 38 arguunt.
287 1469 113 38 D.d.
357 1469 70 38 &
385 1469 113 38 alio
456 1469 127 38 modo,
540 1469 99 38 &c.
597 1469 85 38 i.
639 1469 70 38 &

171 1508 160 41 conueniunt
296 1508 103 41 etiam
365 1508 91 41 alio
422 1508 103 41 modo.
490 1508 91 41 illa
547 1508 91 41 enim
604 1508 91 41 quae

164 1541 143 37 dicunt
264 1541 115 37 esse
335 1541 186 37 principia
479 1541 200 37 conueniunt
622 1541 57 37 in

166 1577 104 50 hoc,
231 1577 104 50 quod
296 1577 144 50 alterum
401 1577 209 50 contrariorum
571 1577 91 50 est
610 1577 65 50 vi-

160 1616 126 42 lius,
244 1616 70 42 &
272 1616 168 42 reliquum
398 1616 182 42 nobilius,
538 1616 70 42 &
566 1616 84 42 in
594 1616 84 42 hoc,

170 1655 104 49 quod
235 1655 104 49 sunt
300 1655 248 49 proportionalia,
509 1655 104 49 quia
562 1655 117 49 quaedam

171 1695 106 42 iunt
237 1695 146 42 notiora
343 1695 106 42 apud
410 1695 212 42 intellectum,
582 1695 66 42 &
595 1695 80 42 quae

175 1733 100 37 dam
232 1733 158 37 notiora
347 1733 115 37 apud
419 1733 158 37 sensum:
533 1733 72 37 &
562 1733 100 37 sic
605 1733 72 37 com

172 1770 138 48 traria,
273 1770 101 48 quae
336 1770 101 48 sunt
399 1770 138 48 notiora
499 1770 101 48 apud
549 1770 126 48 intelle-

165 1808 128 42 ctum,
250 1808 156 42 hiabunt
363 1808 128 42 inter
448 1808 85 42 se
477 1808 198 42 proportionem

168 1853 108 39 apud
235 1853 215 39 intellectum,
410 1853 121 39 sicut
491 1853 175 39 proportio
612 1853 67 39 con

694 181 191 45 trariorum,
844 181 109 45 quae
913 181 109 45 sunt
981 181 150 45 notiora
1090 181 109 45 apud
1145 181 68 45 sen

690 222 99 41 sum,
751 222 111 41 inter
825 222 74 41 se
862 222 148 41 secundum
974 222 136 41 sensum.
1060 222 148 41 D.declarat

694 261 93 53 quod
753 261 81 53 est
799 261 116 53 notius
880 261 93 53 apud
939 261 209 53 intelsecundum,
1113 261 58 53 &
1136 261 93 53 quod

700 301 83 50 apud
752 301 115 50 sensum,
835 301 52 50 &
856 301 104 50 dixit:
929 301 167 50 vniversalite
1064 301 63 50 nm
1096 301 73 50 &c.
1137 301 63 50 i.
1169 301 52 50 &

690 341 150 51 secundum
802 341 87 51 hoc
852 341 162 51 proportio
976 341 137 51 Calidi,
1076 341 62 51 &
1089 341 112 51 Trigidi

694 380 116 39 apud
766 380 144 39 sensum
867 380 101 39 est
925 380 130 39 sicut
1011 380 188 39 proportio
1141 380 58 39 Pa

698 416 86 50 ris,
752 416 54 50 &
774 416 119 50 Imparis
860 416 86 50 apud
914 416 205 50 intellsecundum,
1087 416 54 50 &
1098 416 97 50 similit

687 462 183 43 prportio
824 462 229 43 Additionis,
1007 462 76 43 &
1022 462 168 43 Diminutio

691 493 97 52 nis
747 493 111 52 apud
816 493 222 52 intellectum.
996 493 97 52 Et,
1051 493 97 52 cum
1093 493 97 52 decla

692 533 95 44 rauit,
759 533 76 44 quod
807 533 134 44 vniversale
912 533 67 44 est
950 533 95 44 notius
1017 533 76 44 apud
1055 533 143 44 intellecntdus

692 567 71 45 &
720 567 184 45 pticulare
862 567 113 45 apud
933 567 156 45 sensum,
1046 567 128 45 dedit
1117 567 71 45 cat

691 610 93 42 sam
744 610 80 42 in
784 610 106 42 hoc,
850 610 66 42 &
877 610 133 42 dixit:
970 610 199 42 intelligere
1116 610 80 42 eni,

698 647 80 50 &c.
743 647 69 50 i.
778 647 57 50 &
801 647 80 50 cam
847 647 69 50 in
881 647 80 50 hoc
927 647 92 50 est,
984 647 126 50 quoniam
1065 647 126 50 comprehen

694 685 101 49 sibile
764 685 60 49 ab
795 685 141 49 intellectu
905 685 70 49 est
946 685 181 49 vniversaliter,
1096 685 50 49 &
1107 685 81 49 compre

690 724 165 49 hensibile
817 724 63 49 a
842 724 114 49 sensu
918 724 89 49 est
969 724 203 49 particulare.
1121 724 76 49 D.d.

697 765 70 50 v.
732 765 70 50 g.
767 765 81 50 &c.
814 765 70 50 i.
848 765 70 50 v.
883 765 70 50 g.
918 765 128 50 quoniam
1011 765 116 50 magnum
1081 765 116 50 &partium

696 800 89 42 sunt
751 800 100 42 magis
818 800 166 42 vniversalia
951 800 89 42 quae
1006 800 111 42 rarum,
1084 800 55 42 &
1106 800 111 42 desum:

692 845 70 38 &
720 845 112 38 ideo
790 845 239 38 attribuuiitur
987 845 155 38 magnum,
1100 845 70 38 &
1114 845 84 38 par-

695 878 94 48 uum
748 878 214 48 intellectui,
922 878 107 48 quod
989 878 134 48 rarum,
1083 878 67 48 &
1096 878 94 48 desum

689 917 116 46 magis
767 917 142 46 sensui.
870 917 78 46 Et
909 917 90 46 hoc
960 917 90 46 ita
1012 917 103 46 est,
1077 917 103 46 quia
1128 917 65 46 ra-

686 956 136 38 rum,
771 956 85 38 &
805 956 170 38 densum
907 956 290 38 comprehenduntur

689 993 82 40 in
730 993 191 40 corporibus
881 993 219 40 sensibilibus
1045 993 150 40 naturali-

690 1033 125 41 bus,
768 1033 156 41 magnum
877 1033 156 41 autem,
986 1033 78 41 &
1018 1033 156 41 paruum
1111 1033 78 41 con

695 1077 239 37 prehenduntur
889 1077 89 37 in
934 1077 209 37 corporibus
1083 1077 104 37 natu-

693 1108 174 46 ralibus.
823 1108 73 46 &
838 1108 218 46 mathematicis.

685 1164 80 54 De
725 1164 134 54 numero
819 1164 214 54 principiorum
993 1164 188 54 naturalium
1127 1164 67 54 se-

751 1209 155 49 cundum
859 1209 217 49 veritatem.
1029 1209 124 49 Cap.
1091 1209 62 49 1.

820 1261 97 53 Vod
875 1261 138 53 igitur
972 1261 180 53 contraria
1096 1261 97 53 opor-

807 1303 107 43 tet
868 1303 122 43 esse
944 1303 199 43 principia
1082 1303 107 43 mani-

863 1343 176 43 festum
986 1343 140 43 est.
1057 1343 140 43 Conse-

697 1395 150 39 quens
797 1395 150 39 autem
897 1395 133 39 erit
980 1395 167 39 dicere
1080 1395 117 39 vtrum

690 1429 114 41 duo,
761 1429 100 41 aut
818 1429 128 41 tria,
904 1429 100 41 aut
961 1429 128 41 plura
1046 1429 128 41 sint.
1117 1429 86 41 Vnum

695 1470 106 53 enim
761 1470 186 53 ipossibile
907 1470 106 53 est,
973 1470 146 53 quoniam
1080 1470 93 53 non
1119 1470 80 53 vnum

699 1509 223 44 contraria.
874 1509 191 44 infinita
1018 1509 143 44 autem
1113 1509 112 44 non

702 1552 137 50 quoniam
801 1552 112 50 neque
875 1552 137 50 scibile
975 1552 99 50 quod
1037 1552 87 50 est
1086 1552 112 50 erit.
1148 1552 50 50 Et

692 1597 113 49 vna
756 1597 258 49 contrarietas
966 1597 97 49 in
1015 1597 129 49 omni
1079 1597 113 49 gene,

692 1633 102 44 re
743 1633 136 44 vno,
828 1633 238 44 substantia
1014 1633 153 44 autem
1099 1633 102 44 vnum

686 1683 176 50 quoddam
814 1683 144 50 genus
910 1683 128 50 est.
990 1683 112 50 Et,
1054 1683 128 50 quia
1118 1683 80 50 com

694 1718 147 57 tingit
797 1718 88 57 ex
841 1718 176 57 finitis:
974 1718 147 57 melius
1077 1718 132 57 autem
1150 1718 59 57 ex

687 1759 229 43 finitis,
859 1759 286 43 quemadmodum
1068 1759 134 43 Empe-

695 1806 139 52 docles,
797 1806 101 52 quam
860 1806 76 52 ex
898 1806 177 52 infinitis.
1037 1806 114 52 omnia
1101 1806 101 52 nanque

689 1842 217 57 assignare
856 1842 217 57 opinatur,
1023 1842 217 57 quemadmo
