1416 2066
165 181 153 42 existens
280 181 76 42 in
318 181 76 42 eo
356 181 89 42 est
407 181 89 42 res
458 181 115 42 fixa,
534 181 89 42 sed
572 181 115 42 infini-

181 228 92 31 tas
234 228 79 31 in
273 228 79 31 eo
313 228 92 31 est
365 228 92 31 sin
418 228 119 31 actu,
497 228 66 31 &
524 228 79 31 in
550 228 145 31 transmuta

188 260 113 38 tione,
267 260 102 38 sicut
335 260 79 38 est
380 260 158 38 dispositio
504 260 68 38 in
538 260 113 38 tpere,
617 260 57 38 &
628 260 57 38 nu-

174 303 110 35 mero
243 303 152 35 tperis.
354 303 83 35 Et
395 303 166 35 intendit
519 303 97 35 per
561 303 124 35 numerum

173 335 135 50 tpris,
268 335 162 50 numerum,
390 335 95 50 qui
444 335 95 50 est
498 335 122 50 genus
566 335 122 50 tperis,

179 375 71 43 vt
215 375 95 43 post
274 375 202 43 declarabitur.
440 375 59 43 &
464 375 142 43 dicitura
570 375 107 43 inter
630 375 59 43 has

176 414 98 53 duas
237 414 185 53 additiones,
385 414 74 53 vt
422 414 148 53 diximus,
532 414 98 53 est,
582 414 98 53 quando

174 453 156 45 additio
287 453 85 45 in
330 453 170 45 continuo
458 453 99 45 est
515 453 85 45 ex
557 453 142 45 forma,
642 453 43 45 &

171 499 79 34 in
210 499 184 34 quantitate
355 499 158 34 discreta
473 499 92 34 est
525 499 79 34 ex
552 499 131 34 materia:

177 527 53 55 &
199 527 117 55 diuisio
283 527 64 55 in
315 527 74 55 eis
358 527 74 55 est
400 527 138 55 econuerso
506 527 127 55 scilicet
591 527 95 55 quoniam

172 572 162 46 diuisio
290 572 89 46 in
335 572 148 46 numero
438 572 103 46 est
497 572 89 46 ex
541 572 148 46 forma,
645 572 74 46 &

171 612 92 50 in
217 612 230 50 magnitudine
400 612 92 50 ex
431 612 153 50 materia.

206 652 98 51 In
255 652 294 51 Magnitudinibus
500 652 147 51 autem
582 652 98 51 con-

170 701 174 37 trarium
296 701 126 37 est.
375 701 158 37 etenim
486 701 205 37 diuiditur
628 701 63 37 in

171 734 188 44 infinita
313 734 220 44 continuum.
485 734 157 44 versus
579 734 110 44 autem

166 775 141 52 maius
260 775 110 52 non
323 775 110 52 est
386 775 219 52 infinitum.
542 775 141 52 quantum

166 818 126 58 enim
245 818 205 58 contingit
403 818 189 58 potentia
545 818 142 58 esse,
640 818 79 58 &

169 860 103 51 actu
234 860 168 51 contingit
363 860 142 51 taundum
466 860 116 51 esse.
543 860 129 51 Quare,
621 860 64 51 cum

160 902 192 52 infinita
304 902 144 52 nulla
400 902 112 52 sit
463 902 208 52 magnitudo
607 902 80 52 sen

163 950 168 39 sibilis,
289 950 98 39 non
345 950 182 39 contingit
485 950 168 39 excessum
597 950 84 39 esse

165 989 153 46 pomnis
272 989 244 46 determinatae
455 989 229 46 magnitudinis.

166 1027 146 49 esset
263 1027 130 49 enim
344 1027 178 49 aliquid
474 1027 146 49 coelo
555 1027 130 49 maius.

216 1070 94 61 in
263 1070 234 61 Magnitudine
450 1070 109 61 aut
513 1070 109 61 est
559 1070 125 61 ecotra

168 1116 109 62 vio.
236 1116 163 62 continuu
359 1116 109 62 enim
427 1116 177 62 diuiditur
563 1116 82 62 in
591 1116 95 62 infi-

169 1164 125 68 nitu.
252 1164 97 68 sed
308 1164 83 68 in
349 1164 208 68 magnitudine
515 1164 97 68 non
570 1164 97 68 est
626 1164 83 68 in

166 1213 155 67 finitu.
279 1213 141 67 quonia
377 1213 85 67 in
419 1213 183 67 quacunque
546 1213 141 67 mensura,

165 1260 136 63 potest
260 1260 109 63 esse
328 1260 81 63 in
369 1260 176 63 potentia,
505 1260 81 63 in
545 1260 109 63 illa
600 1260 81 63 men-

156 1309 109 63 sura
225 1309 137 63 potest
320 1309 109 63 esse
389 1309 82 63 in
430 1309 123 63 actu.
511 1309 96 63 Et,
566 1309 82 63 cu
593 1309 96 63 nulla

159 1356 159 55 mensura
274 1356 203 55 sensibilis
434 1356 101 55 est
492 1356 188 55 infinita,
622 1356 58 55 im

163 1409 192 59 possibile
311 1409 103 59 est
370 1409 88 59 vt
414 1409 162 59 excedat
532 1409 133 59 omnem
605 1409 74 59 men

161 1461 155 54 suram
264 1461 259 54 terminatam,
472 1461 207 54 quoniam,
610 1461 69 54 si

156 1507 96 63 hoc
211 1507 123 63 esset
293 1507 191 63 possibile,
443 1507 109 63 tunc
511 1507 150 63 aliquid
607 1507 68 63 ef-

158 1556 99 54 set
214 1556 127 54 maius
285 1556 113 54 coelo.

203 1604 140 54 Dicit:
301 1604 84 54 In
343 1604 224 54 magnitudine,
524 1604 98 54 &c.
580 1604 84 54 i.
608 1604 70 54 sed

167 1641 134 58 mensura
264 1641 183 58 impossibile
411 1641 85 58 est
459 1641 73 58 vt
496 1641 134 58 crescat
594 1641 73 58 in
618 1641 61 58 ma-

161 1682 171 55 gnitudine
292 1682 79 55 in
332 1682 184 55 infinitum,
476 1682 144 55 quoniam
568 1682 118 55 mensura

163 1723 216 50 demonstrata
336 1723 87 50 in
379 1723 188 50 quacumque
509 1723 173 50 quantitate

161 1764 124 53 fuerit
247 1764 74 53 in
285 1764 161 53 potentia,
409 1764 74 53 in
446 1764 99 53 illa
508 1764 174 53 quantitate
632 1764 50 53 po

170 1804 104 51 test
235 1804 104 51 poni
300 1804 78 51 in
339 1804 117 51 actu.
417 1804 78 51 Et
456 1804 156 51 intendit
573 1804 117 51 quod,
638 1804 52 51 si

162 1842 171 53 mensura
287 1842 171 53 demrata
411 1842 155 53 posset
520 1842 171 53 augeri,
644 1842 78 53 &

160 1879 163 43 crescere
283 1879 81 43 in
323 1879 190 43 infinitum,
473 1879 122 43 etiam
541 1879 149 43 possibile

711 180 111 46 erit
781 180 167 46 inueniri
906 180 167 46 mensuram
1031 180 181 46 infinitam
1170 180 84 46 in

702 221 134 46 actu.
791 221 149 46 Deinde
896 221 193 46 destruxit
1030 221 193 46 antecedens,

704 261 71 52 &
732 261 184 52 conclusit
874 261 184 52 oppositum
1001 261 212 52 consequentis,

703 301 73 37 &
733 301 146 37 dixit:
835 301 88 37 &,
879 301 102 37 cum
937 301 132 37 nulla
1025 301 175 37 mensura,
1142 301 73 37 &c.

704 340 134 50 idest,
797 340 80 50 &,
837 340 93 50 cum
891 340 187 50 posuerimus
1037 340 107 50 quod
1104 340 80 50 in
1131 340 80 50 qua-

706 381 135 38 cunque
800 381 188 38 quantitate
948 381 135 38 fuerit
1042 381 175 38 possibile
1163 381 54 38 vt

699 420 148 46 mensura
806 420 94 46 sit
860 420 81 46 in
900 420 161 46 potentia
1021 420 81 46 in
1061 420 107 46 illa
1115 420 107 46 quanti

703 456 105 44 tate,
773 456 94 44 erit
832 456 152 44 possibile
949 456 70 44 vt
984 456 82 44 sit
1031 456 70 44 in
1066 456 105 44 actu.
1136 456 70 44 &,
1160 456 58 44 cum

709 495 183 44 posuerimus
853 495 105 44 quod
918 495 131 44 aliqua
1010 495 144 44 mensura
1114 495 92 44 sit
1167 495 78 44 in

706 541 145 47 potentia
815 541 157 47 infinita,
935 541 145 47 sequitur
1044 541 97 47 quod
1104 541 97 47 illa
1153 541 72 47 erit

700 572 159 45 mensura
815 572 174 45 infinita
946 572 87 45 in
989 572 130 45 actu:
1076 572 101 45 sed
1120 572 101 45 nulla

702 615 146 43 mensura
808 615 93 43 est
861 615 159 43 infinita
980 615 80 43 in
1020 615 119 43 actu,
1100 615 80 43 vt
1126 615 93 43 decla

708 660 132 47 ratum
797 660 118 47 est:
870 660 118 47 ergo
944 660 132 47 nulla
1032 660 162 47 mensura
1135 660 88 47 pont

701 693 169 37 crescere
827 693 84 37 in
870 693 197 37 infinitum.
1024 693 141 37 Deinde
1109 693 112 37 confir

703 733 118 43 mauit
781 733 118 43 istud
860 733 183 43 destructum
1004 733 92 43 per
1056 733 131 43 aliud,
1135 733 78 43 prae

701 772 91 39 ter
753 772 130 39 illud,
844 772 104 39 quod
909 772 156 39 fuperius
1025 772 195 39 declarauit,
1181 772 65 39 &

705 812 92 52 dixit:
769 812 102 52 quoniam
843 812 55 52 si
871 812 65 52 hoc
908 812 83 52 esset
964 812 129 52 possibile,
1065 812 65 52 &c.
1102 812 55 52 i.
1121 812 92 52 quoniam,

706 850 68 40 si
740 850 102 40 esset
808 850 147 40 possibile
921 850 136 40 mensuram
1023 850 136 40 crescere
1124 850 68 40 in
1147 850 68 40 infi

700 889 148 41 nitum,
804 889 119 41 tunc
878 889 163 41 mensura
997 889 104 41 non
1056 889 133 41 esset
1130 889 89 41 ter-

698 927 120 51 minata
782 927 192 51 naturaliter.
938 927 60 51 &
961 927 84 51 sic
1009 927 108 51 esset
1069 927 144 51 possibile,

701 968 88 41 vt
745 968 146 41 aliqua
847 968 131 41 esset
935 968 131 41 maior
1022 968 160 41 mensura
1124 968 88 41 con-

703 1005 152 49 tinente
814 1005 138 49 totum,
911 1005 69 49 &
938 1005 97 49 est
994 1005 138 49 coeli.
1091 1005 97 49 Sed
1132 1005 83 49 quae

703 1045 91 46 ret
755 1045 143 46 aliquis
859 1045 78 46 in
898 1045 91 46 hac
950 1045 221 46 propositione,
1119 1045 91 46 dicem

697 1091 80 47 te
737 1091 107 47 quod
803 1091 80 47 in
843 1091 173 47 quacunque
976 1091 186 47 quantitate
1109 1091 107 47 ponatu

698 1132 185 47 magnitudo
840 1132 86 47 in
883 1132 185 47 potentia,
1026 1132 86 47 in
1068 1132 114 47 illa
1125 1132 86 47 quan

697 1164 126 54 titate
785 1164 101 54 poet
848 1164 101 54 poni
911 1164 75 54 in
949 1164 113 54 actu,
1024 1164 75 54 in
1062 1164 88 54 quo
1100 1164 113 54 differt

699 1205 66 52 ab
732 1205 77 52 hac
776 1205 175 52 propositione
918 1205 131 52 scilicet
1016 1205 87 52 quod
1071 1205 66 52 in
1093 1205 120 52 quacumque

704 1253 201 38 quantitate
862 1253 158 38 ponatur
976 1253 158 38 aliquis
1077 1253 129 38 numerus

695 1285 210 50 demonstratus
865 1285 79 50 in
905 1285 170 50 potentia,
1036 1285 79 50 in
1075 1285 105 50 illa
1127 1285 79 50 quan

700 1320 132 43 titate
792 1320 105 43 pont
858 1320 105 43 poni
924 1320 79 43 in
963 1320 118 43 actu.
1042 1320 105 43 vnde
1095 1320 118 43 existi-

697 1361 119 49 matur
776 1361 105 49 quod
842 1361 92 49 non
895 1361 92 49 est
947 1361 198 49 differentia
1106 1361 79 49 in
1132 1361 79 49 hoc,

698 1397 99 54 quod
760 1397 87 54 sit
809 1397 162 54 possibile
934 1397 162 54 infinitum
1058 1397 99 54 esse
1120 1397 75 54 in
1145 1397 62 54 po-

696 1437 150 57 tentia
801 1437 90 57 in
846 1437 165 57 numero,
967 1437 75 57 &
997 1437 90 57 in
1027 1437 180 57 magnitudi-

701 1476 100 53 ne,
758 1476 86 53 vt
801 1476 143 53 dictum
901 1476 115 53 est.
973 1476 115 53 Sed,
1044 1476 100 53 cum
1087 1476 129 53 aliquis

698 1517 235 53 consyderauerit
894 1517 104 53 hoc,
959 1517 144 53 videbit
1063 1517 104 53 quod
1116 1517 91 53 addi-

697 1560 100 49 tio,
760 1560 75 49 in
798 1560 88 49 qua
848 1560 88 49 non
898 1560 126 49 cessat
986 1560 163 49 infinitum
1112 1560 113 49 esse,
1174 1560 38 49 &

700 1604 97 42 non
756 1604 181 42 sequitur,
895 1604 83 42 si
936 1604 153 42 ponatur
1047 1604 125 42 ipsam
1117 1604 97 42 exire

694 1636 71 53 in
730 1636 118 53 actum,
812 1636 94 53 quod
871 1636 83 53 est
918 1636 189 53 impossibile,
1072 1636 83 53 est
1107 1636 106 53 additio

697 1681 188 48 cuiuslibet
844 1681 134 48 partis
939 1681 188 48 generatae,
1087 1681 121 48 cuius
1154 1681 67 48 pos

696 1715 155 39 sibilitas
816 1715 84 39 est
863 1715 96 39 alia
923 1715 60 39 a
947 1715 203 39 possibilitate
1102 1715 108 39 alteril

701 1763 151 39 partis,
811 1763 69 39 &
839 1763 96 39 non
893 1763 110 39 sunt
962 1763 124 39 omnes
1045 1763 137 39 partes
1127 1763 96 39 vnius

709 1791 235 44 possibilitatis
905 1791 222 44 demonstratae:
1087 1791 65 44 &
1114 1791 91 44 hoc
1153 1791 65 44 est

700 1831 126 51 sicut
784 1831 98 51 est
840 1831 196 51 dispositio
995 1831 84 51 in
1037 1831 126 51 motu,
1121 1831 70 51 &
1135 1831 84 51 rpe.

700 1872 80 43 in
740 1872 173 43 additione
873 1872 120 43 autem
953 1872 120 43 cuius
1033 1872 120 43 libet
1100 1872 120 43 partis,
