1416 2066
171 180 219 55 Quoniam
330 180 179 55 autem
450 180 179 55 omne,
569 180 159 55 quod

193 217 192 57 alteratur,
344 217 178 57 alteratur
481 217 69 57 a
495 217 192 57 sensibilibus

195 269 75 53 &
225 269 119 53 quod
299 269 194 53 alteratio
449 269 104 53 est
508 269 164 53 istorum
612 269 75 53 so-

190 315 150 64 lorum,
295 315 75 64 &
325 315 180 64 illorum,
459 315 120 64 quae
519 315 165 64 recipiunm

186 361 178 58 passionem
323 361 82 58 ab
365 361 137 58 istis,
461 361 151 58 scietur
570 361 82 58 ex
598 361 82 58 hoc,

187 405 135 61 quod
255 405 219 61 narrabimus.

233 477 161 37 Incoepit
354 477 94 37 hic
407 477 202 37 perserutari
569 477 81 37 de
596 477 94 37 hocus

189 509 100 50 quod
252 509 113 50 motus
327 509 200 50 alterationis
490 509 88 50 est
540 509 75 50 de
565 509 125 50 predica-

190 557 125 44 mento
274 557 209 44 qualitatis,
441 557 84 44 in
483 557 139 44 genere
567 557 125 44 qualita

194 582 89 54 tis
245 582 165 54 passiuae,
372 582 63 54 &
397 582 76 54 d.
435 582 101 54 Qnam
499 582 114 54 autem
575 582 89 54 oe,
613 582 76 54 quod

191 621 164 50 alteratur,
320 621 82 50 &c.
367 621 70 50 i.
403 621 129 50 quoniam
496 621 106 50 autem
567 621 106 50 omne,
626 621 70 50 quod

194 661 153 37 mouetur
305 661 111 37 motu
375 661 208 37 alteratiuo,
541 661 153 37 mouetur
638 661 56 37 in

197 694 108 50 genere
273 694 163 50 sensibilium
403 694 130 50 scilicet
501 694 65 50 in
522 694 163 50 tangibilibus,

191 733 91 37 aut
243 733 78 37 in
282 733 143 37 sapore,
386 733 91 37 aut
438 733 78 37 in
476 733 143 37 colore.
580 733 78 37 Et
606 733 78 37 con-

201 771 184 44 syderandum
345 771 92 44 est
398 771 118 44 vtrum
477 771 105 44 iste
542 771 118 44 motus
621 771 92 44 in¬

193 813 159 37 ueniatur
312 813 80 37 in
352 813 146 37 omnibus
458 813 226 37 sensibilibus,
631 813 66 37 aut

197 846 80 43 in
237 846 187 43 quibusdam.
384 846 80 43 Et
424 846 94 43 est
477 846 187 43 manifestum
611 846 80 43 quod

190 885 102 46 ista
254 885 166 46 alteratio
382 885 166 46 inuenitur
510 885 77 46 in
548 885 115 46 prima
612 885 77 46 con-

196 918 151 44 trarietate,
316 918 80 44 quae
367 918 70 44 est
407 918 60 44 in
437 918 90 44 tactu
497 918 121 44 scilicet
588 918 110 44 calidi,
658 918 30 44 &

199 957 124 49 frigidi,
292 957 52 49 &
313 957 104 49 ficci,
385 957 52 49 &
406 957 114 49 humidi.
489 957 52 49 &
509 957 135 49 similiter
603 957 93 49 videtul

188 990 108 44 esse
256 990 81 44 in
297 990 190 44 contrarijs
446 990 203 44 sequentibus
595 990 95 44 ista,

200 1029 65 45 v.
233 1029 65 45 g.
265 1029 130 45 duritie,
363 1029 141 45 mollitie.
472 1029 76 45 sed
515 1029 98 45 tamen
580 1029 98 45 primo
635 1029 54 45 est

189 1067 77 49 in
228 1067 128 49 primis
318 1067 218 49 qualitatibus,
497 1067 77 49 in
536 1067 116 49 istis
600 1067 90 49 autem

189 1103 179 52 secundo,
323 1103 74 52 &
353 1103 223 52 mediantibus
531 1103 164 52 primis.
635 1103 60 52 Et

194 1141 166 51 similiter
322 1141 77 51 in
360 1141 128 51 gustu.
450 1141 77 51 In
488 1141 115 51 sonis
565 1141 115 51 autem
629 1141 64 51 vi-

197 1177 106 43 detur
268 1177 94 43 quod
327 1177 153 43 alteratio
444 1177 71 43 de
479 1177 106 43 oraui
550 1177 71 43 in
585 1177 94 43 leue
632 1177 59 43 est

195 1204 98 58 modo
256 1204 160 58 aequiuoco
379 1204 86 58 cum
428 1204 123 58 istis:
514 1204 86 58 cum
563 1204 111 58 sonus
625 1204 61 58 sit

193 1252 129 46 passio
283 1252 116 46 facta
361 1252 77 46 in
399 1252 103 46 aere
464 1252 64 46 a
490 1252 181 46 percussioe
619 1252 77 46 cor-

201 1290 123 40 orum.
284 1290 82 40 In
325 1290 192 40 olfactibus
476 1290 110 40 vero
530 1290 165 40 qualitates

191 1327 182 36 manifestae
334 1327 117 36 sunt:
412 1327 91 36 sed
465 1327 169 36 contraria
582 1327 104 36 latent

190 1365 77 46 in
229 1365 102 46 eis,
292 1365 77 46 vt
331 1365 128 46 dictum
420 1365 89 46 est
471 1365 77 46 in
509 1365 115 46 libro
586 1365 77 46 de
611 1365 77 46 Aia.

190 1399 95 43 Et,
245 1399 95 43 cum
299 1399 95 43 ita
354 1399 109 43 sit,
422 1399 95 43 cum
476 1399 82 43 d.
517 1399 191 43 alterantur
653 1399 41 43 a

194 1436 205 51 sensibilibus,
363 1436 205 51 intelligendum
531 1436 84 51 est
580 1436 72 51 ab
604 1436 84 51 omni-

192 1476 96 38 bus
247 1476 234 38 sensibilibus,
440 1476 83 38 si
468 1476 220 38 intellexerimus

196 1512 200 48 vniversalitatem.
366 1512 70 48 sin
406 1512 100 48 autem,
476 1512 140 48 excipiemus
586 1512 100 48 sonos.
646 1512 40 48 D.

188 1549 73 45 d.
224 1549 61 45 &
248 1549 97 45 quod
309 1549 157 45 alteratio
430 1549 85 45 est
478 1549 133 45 istorum
563 1549 121 45 solorum.

189 1582 80 44 i.
229 1582 67 44 &
255 1582 187 44 manifestum
402 1582 94 44 est
456 1582 107 44 quod
523 1582 120 44 motus
589 1582 94 44 alte-

194 1621 132 52 rationis
293 1621 77 52 est
337 1621 110 52 istius
414 1621 121 52 generis
501 1621 121 52 tantdum
589 1621 66 52 de
611 1621 77 52 predi

192 1656 140 51 camento
294 1656 191 51 qualitatis.
448 1656 102 51 D.d.
511 1656 64 51 &
537 1656 128 51 eorum,
613 1656 77 51 quae

194 1694 161 47 recipiunt
317 1694 111 47 istas
391 1694 173 47 qualitates
527 1694 74 47 ab
564 1694 111 47 aliis
626 1694 62 47 per

193 1731 83 41 se,
240 1731 83 41 non
288 1731 83 41 per
335 1731 154 41 accidens.
453 1731 71 41 q.
489 1731 71 41 d.
524 1731 95 41 quod
583 1731 95 41 iste
631 1731 47 41 mo

191 1769 88 41 tus
242 1769 188 41 attribuitur
392 1769 213 41 qualitatibus,
568 1769 100 41 quae
618 1769 75 41 sunt

705 176 87 50 in
748 176 101 50 hoc
806 176 159 50 genere,
922 176 72 50 &
951 176 145 50 rebus,
1052 176 116 50 quae
1110 176 101 50 reci-

701 214 117 52 piunt
779 214 91 52 per
831 214 78 52 se
870 214 117 52 istas
936 214 169 52 qualitates,

737 269 161 45 Aliorum
855 269 117 45 enim
928 269 146 45 maxime
1030 269 146 45 vtique
1118 269 88 45 quis

705 311 221 51 existimabit
882 311 89 51 in
927 311 177 51 figuris,
1059 311 74 51 &
1074 311 133 51 formis,

698 350 91 44 &
734 350 219 44 habitus,
899 350 91 44 &
935 350 110 44 in
990 350 164 44 horum
1081 350 128 44 remo-

706 401 211 34 tionibus,
868 401 81 34 &
901 401 277 34 acceptionibus
1112 401 98 34 alte

706 431 155 44 rationem
822 431 116 44 esse.
900 431 116 44 vitur
977 431 103 44 enim
1042 431 103 44 esse
1094 431 116 44 altera-

707 472 106 49 tio.
773 472 93 49 Non
826 472 93 49 est
879 472 119 49 autem
958 472 119 49 neque
1038 472 79 49 in
1078 472 106 49 his,
1144 472 93 49 sed

704 514 137 40 fiunt,
800 514 96 40 cum
855 514 150 40 quaedam
964 514 205 40 alterantur,
1114 514 96 40 haec.

707 554 110 40 nam
770 554 189 40 densata,
912 554 110 40 aut
974 554 220 40 rarefacta,
1131 554 79 40 aut

704 591 210 44 calefacta,
869 591 256 44 autfrigefacta
1065 591 150 44 materia:

704 636 165 39 alteratio
831 636 114 39 autem
907 636 89 39 non
958 636 101 39 est.
1021 636 76 39 id
1059 636 101 39 enim
1122 636 76 39 ex
1148 636 63 39 quo

704 673 131 42 forma
792 673 160 42 statuae
909 673 117 42 est,
982 673 102 42 non
1040 673 160 42 dicimus
1142 673 73 42 for

702 711 120 43 mam,
777 711 135 43 neque
867 711 105 43 id,
927 711 90 43 ex
971 711 105 43 quo
1031 711 150 43 figura
1121 711 90 43 pyra

705 763 134 32 midis
794 763 119 32 est,
868 763 104 32 aut
928 763 148 32 lecti,
1032 763 104 32 sed
1076 763 134 32 denomi-

708 793 157 49 nantes
818 793 110 49 hoc
881 793 157 49 quidem
991 793 172 49 aeneum,
1100 793 110 49 illud

706 832 105 50 vero
771 832 92 50 u?s
824 832 157 50 caereum,
941 832 118 50 aliud
1020 832 118 50 autem
1085 832 131 50 ligneum,

708 874 202 40 hoccine,
860 874 135 40 quod
944 874 219 40 alteratur
1095 874 118 40 dici-

706 914 112 48 mus.
776 914 98 48 aes
832 914 112 48 enim
902 914 154 48 humidum
1014 914 112 48 esse
1070 914 140 48 dicimus,

701 953 108 41 aut
762 953 186 41 calidum,
902 953 108 41 aut
964 953 155 41 durum.
1072 953 77 41 &
1103 953 108 41 non
1149 953 62 41 so

703 991 117 51 lum
770 991 134 51 sic,
854 991 117 51 sed
921 991 84 51 &
955 991 151 51 ipsum
1038 991 168 51 humidum,

708 1033 79 49 &
740 1033 173 49 calidum
865 1033 126 49 aes,
944 1033 204 49 aequiuoce
1085 1033 126 49 dicen-

708 1072 111 50 tes
772 1072 111 50 cum
835 1072 191 50 passione
978 1072 207 50 materiam.
1122 1072 95 50 Quam

702 1115 176 54 ligitur
830 1115 96 54 ex
878 1115 112 54 quo
942 1115 160 54 quidem
1053 1115 160 54 forma,
1165 1115 80 54 &

703 1157 175 45 nigura,
830 1157 79 45 &
862 1157 127 45 quod
941 1157 159 45 factum
1052 1157 111 45 est
1100 1157 111 45 aequi

714 1191 105 51 uoce
779 1191 92 51 non
832 1191 144 51 dicitur
936 1191 92 51 cum
989 1191 157 51 figuris,
1106 1191 105 51 quae
1159 1191 52 51 ex

705 1237 127 37 illo
785 1237 143 37 sunt:
880 1237 127 37 quod
960 1237 143 37 autem
1040 1237 175 37 alteratur

702 1273 120 41 cum
771 1273 258 41 passionibus
977 1273 223 41 aequiuoce
1131 1273 86 41 di-

706 1324 141 31 citur:
805 1324 198 31 manifestum
960 1324 99 31 est
1016 1324 113 31 quod
1087 1324 85 31 in
1115 1324 99 31 solis

704 1357 236 38 sensibilibus
896 1357 192 38 alteratio
1029 1357 88 38 est.

751 1405 169 46 Dicamus
873 1405 153 46 igitur
981 1405 92 46 de
1012 1405 199 46 alteratioe,

702 1437 112 63 quod
772 1437 154 63 proprie
884 1437 154 63 videtur
997 1437 112 63 esse
1067 1437 112 63 iter
1123 1437 98 63 alias

700 1485 212 62 qualitates
867 1485 91 62 in
912 1485 182 62 figuris,
1048 1485 76 62 &
1064 1485 136 62 formis,

699 1532 93 54 &
737 1532 204 54 vestiti
885 1532 130 54 eas
959 1532 93 54 &
996 1532 223 54 denudat.
1145 1532 74 54 Et

704 1579 87 56 non
753 1579 112 56 etiam
828 1579 99 56 sunt
890 1579 74 56 in
927 1579 124 56 istis,
1014 1579 87 56 sed
1063 1579 99 56 ista
1113 1579 87 56 siunt

704 1620 159 63 quando
815 1620 159 63 aliqua
926 1620 238 63 alterantur,
1101 1620 111 63 quan-

704 1668 93 55 do
750 1668 170 55 materia
874 1668 201 55 densatur,
1029 1668 77 55 &
1044 1668 155 55 raresit.

700 1715 73 56 &
730 1715 174 56 calefit,
860 1715 102 56 aut
918 1715 247 56 infrigidatur:
1107 1715 102 56 alte-

698 1763 134 55 ratio
788 1763 120 55 vero
862 1763 120 55 non.
937 1763 164 55 quoniam
1057 1763 105 55 id,
1116 1763 90 55 ex
1146 1763 75 55 quo
