1416 2066
201 180 91 46 Et
246 180 121 46 hoc,
322 180 121 46 quod
397 180 151 46 dixit,
503 180 212 46 manifestum
654 180 76 46 est

202 222 83 54 ex
244 222 110 54 hoc,
312 222 110 54 quod
381 222 138 54 posuit
477 222 110 54 quod
546 222 179 54 infinitum
670 222 55 54 de

223 263 90 43 bet
274 263 102 43 esse
338 263 166 43 infinitum
466 263 77 43 in
505 263 141 43 omnibus
607 263 128 43 tribus
684 263 38 43 d

227 302 211 46 mensionibus,
398 302 66 46 &
424 302 105 46 sunt
490 302 92 46 sex
543 302 145 46 pertes.
648 302 66 46 &
661 302 66 46 hoc

222 343 183 54 intendebat
366 343 92 54 per
418 343 118 54 omnes
497 343 144 54 partes.
602 343 79 54 &,
641 343 79 54 si
667 343 66 54 nos

222 383 188 54 posuissemus
373 383 100 54 quod
435 383 163 54 infinitum
561 383 88 54 est
598 383 138 54 infinitum

221 421 83 55 in
263 421 139 55 quadam
360 421 139 55 parte,
457 421 181 55 continget
582 421 153 55 infinitum

224 454 114 52 esse
295 454 128 52 maius
380 454 185 52 infinito.
522 454 185 52 possibile
650 454 85 52 enim

217 501 118 46 esset
296 501 132 46 ponere
388 501 79 46 in
427 501 132 46 parte,
519 501 79 46 in
559 501 92 46 qua
612 501 92 46 est
651 501 79 46 infi

224 543 149 44 nitum,
328 543 134 44 aliud
418 543 149 44 corpus
522 543 209 44 contiguum:
686 543 75 44 &

219 581 121 57 tunc
294 581 227 57 congregatum
476 581 91 57 ex
521 581 151 57 duobus
627 581 91 57 co
657 581 76 57 rpo

221 625 117 50 ribus
299 625 104 50 erit
363 625 117 50 maius
441 625 91 50 vno
493 625 129 50 corpe,
584 625 65 50 &
597 625 129 50 vtrumque

223 661 84 54 est
271 661 156 54 infinitum
391 661 144 54 scilicet
499 661 192 54 congregatum,
655 661 60 54 &
667 661 60 54 ip-

203 701 94 53 sum
256 701 187 53 infinitum.
403 701 107 53 quod
470 701 94 53 est
511 701 187 53 impossibile.

244 757 94 58 At
291 757 125 58 vero
369 757 141 58 neque
463 757 141 58 vnum,
557 757 94 58 ac
588 757 141 58 Simplex

223 799 122 52 esse
299 799 198 52 contingit
451 799 198 52 infinitum
588 799 137 52 corpus,

221 840 158 54 neque,
332 840 143 54 sicut
427 840 158 54 dicunt
538 840 174 54 quidam,
649 840 79 54 id,

228 892 118 47 quod
302 892 162 47 praeter
420 892 177 47 elementa
552 892 118 47 est,
626 892 88 47 ex
655 892 74 47 quo

221 929 120 42 haec
296 929 194 42 generant,
445 929 134 42 neque
520 929 209 42 simpliciter.

218 972 122 53 Sunt
294 972 122 53 enim
370 972 167 53 quidam,
492 972 106 53 qui
552 972 106 53 hoc
598 972 137 53 faciunt

221 1016 197 54 infinitum,
376 1016 98 54 sed
432 1016 98 54 non
488 1016 141 54 aerem,
586 1016 98 54 aut
629 1016 98 54 aquam

214 1054 96 51 ne
262 1054 175 51 caetera
389 1054 255 51 corrumpantur
597 1054 96 51 ab
628 1054 96 51 infi

216 1097 148 49 nito.
314 1097 165 49 habent
430 1097 132 49 enim
512 1097 99 49 ad
545 1097 181 49 seinuicem

216 1140 273 58 contrarietatem,
445 1140 86 58 vt
488 1140 100 58 aer
546 1140 143 58 quidem
632 1140 100 58 frigi

210 1182 111 44 dus
273 1182 127 44 est,
353 1182 127 44 aqua
432 1182 127 44 vero
511 1182 174 44 humida,
621 1182 111 44 ignis

214 1224 128 55 autem
299 1224 170 55 calidus,
427 1224 156 55 quorum,
540 1224 85 55 si
583 1224 114 55 vnum
640 1224 99 55 esset

213 1268 221 47 infinitum,
387 1268 190 47 corrupta
529 1268 111 47 iam
577 1268 158 47 fuissent

207 1313 134 42 alia.
297 1313 119 42 nunc
371 1313 134 42 autem
461 1313 149 42 dicunt
565 1313 134 42 aliud
640 1313 89 42 esse

208 1353 107 57 id,
269 1353 92 57 ex
315 1353 107 57 quo
376 1353 123 57 haec
438 1353 107 57 sunt.

260 1396 127 68 Quod
339 1396 111 68 aut
403 1396 237 68 impossibile
593 1396 111 68 est
640 1396 95 68 quod

210 1445 204 62 infinitum
367 1445 110 62 sit
430 1445 110 62 vnu
492 1445 157 62 corpus
586 1445 141 62 Simplex

208 1493 104 61 sic
267 1493 252 61 declarabitur.
475 1493 104 61 hoc
534 1493 119 61 enim
608 1493 104 61 non
653 1493 74 61 est

213 1540 186 62 possibile,
359 1540 133 62 neque,
451 1540 159 62 secundum
571 1540 159 62 dicentem
677 1540 53 62 ip

212 1602 105 48 sum
272 1602 120 48 esse
347 1602 164 48 aliquid
466 1602 134 48 extra
556 1602 179 48 elemeta,
675 1602 60 48 ex

213 1645 93 62 quo
266 1645 93 62 res
319 1645 185 62 generatur,
464 1645 132 62 neque,
544 1645 185 62 simpliciter.

201 1692 165 69 Quidam
317 1692 132 69 enim
400 1692 149 69 ponut
499 1692 232 69 infinitum,
665 1692 66 69 vt

206 1741 192 62 diximus,
350 1741 80 62 &
382 1741 96 62 no
430 1741 144 62 ponut
526 1741 144 62 ipsum
606 1741 128 62 aquam,

210 1789 100 62 aut
267 1789 143 62 aerem,
367 1789 86 62 ne
409 1789 143 62 illud,
509 1789 114 62 quod
580 1789 143 62 ponunt
680 1789 86 62 in

211 1841 170 57 finitu,
334 1841 201 57 corrumpat
488 1841 139 57 alia.
581 1841 123 57 sunt
642 1841 93 57 enim

209 1901 191 53 cotraria
352 1901 222 53 adinuicem.
527 1901 127 53 v.g.
590 1901 143 53 quoniam

744 180 111 67 aer
808 180 111 67 est
871 180 191 67 frigidus
1014 180 79 67 &
1046 180 127 67 aqua
1125 180 175 67 humida,
1236 180 48 67 E

741 233 72 65 &
769 233 129 65 ignis
856 233 172 65 calidus.
985 233 86 65 &,
1028 233 86 65 si
1071 233 158 65 aliquod
1172 233 86 65 isto

740 284 99 63 rum
796 284 127 63 esset
881 284 183 63 infinitu,
1022 284 113 63 tunc
1092 284 113 63 alia
1148 284 113 63 corru-

750 333 180 61 berentur.
889 333 111 61 nunc
958 333 138 61 igitur
1055 333 125 61 dicut
1138 333 97 61 hoc
1179 333 83 61 esse

739 380 176 67 aliquid,
871 380 88 67 ex
915 380 103 67 quo
974 380 176 67 generant
1106 380 88 67 ur
1135 380 103 67 ista.

790 432 91 42 Cum
842 432 169 42 destruxit
972 432 104 42 quod
1038 432 130 42 corpus
1116 432 143 42 infinitum

744 469 87 46 sit
793 469 187 46 compositum,
943 469 100 46 quia
1006 469 112 46 illa,
1080 469 75 46 ex
1118 469 125 46 quibus
1193 469 62 46 com

750 516 171 52 ponitur,
878 516 114 52 sunt
950 516 171 52 infinita
1078 516 86 52 in
1107 516 157 52 magnitudi

745 555 97 44 ne,
801 555 153 44 anteque
912 555 194 44 destrueret
1065 555 167 44 secundam
1176 555 83 44 par-

749 591 90 46 tem
801 591 77 46 de
839 591 167 46 composito
968 591 167 46 infinito,
1096 591 64 46 &
1122 591 90 46 est
1160 591 103 46 illud,

753 631 111 56 quod
822 631 97 56 est
878 631 194 56 infinitum,
1030 631 111 56 quia
1100 631 139 56 partes
1183 631 83 56 eius

744 672 105 51 sunt
809 672 170 51 infinitae
940 672 79 51 in
980 672 144 51 specie,
1085 672 157 51 incoepit
1189 672 66 51 de-

745 715 145 39 struere
850 715 132 39 corpus
943 715 145 39 simplex
1048 715 105 39 esse
1101 715 158 39 infinitum,

750 750 62 44 &
774 750 125 44 dixit:
862 750 100 44 Quod
924 750 112 44 autem
999 750 187 44 impossibile
1149 750 100 44 est,
1199 750 62 44 &c.

744 789 123 55 idest
826 789 82 55 ex
867 789 109 55 hoc,
935 789 109 55 quod
1004 789 136 55 dicam.
1099 789 82 55 &,
1140 789 109 55 quia
1195 789 68 55 hoc

746 829 201 56 intelligitur
910 829 126 56 duobus
997 829 126 56 modis,
1085 829 100 56 aut,
1148 829 100 56 quia
1198 829 63 56 il-

744 869 102 46 lud
803 869 145 46 corpus
904 869 102 46 est
962 869 131 46 extra
1049 869 160 46 quatuor
1151 869 116 46 elemen

749 911 89 52 ta,
800 911 64 52 &
826 911 77 52 ex
864 911 77 52 eo
902 911 179 52 generantur
1043 911 166 52 elementa,
1171 911 77 52 vt
1196 911 64 52 qui

751 948 95 46 dam
806 948 149 46 dicunt,
914 948 95 46 aut
968 948 108 46 quia
1036 948 122 46 illud
1117 948 135 46 corpus
1198 948 68 46 est

749 988 124 46 vnum
826 988 233 46 elementorum
1012 988 186 46 quatuor.
1136 988 124 46 deinde

749 1028 120 46 dixit:
833 1028 84 46 non
881 1028 96 46 enim
940 1028 84 46 est
988 1028 167 46 possibile,
1120 1028 84 46 &c.
1167 1028 72 46 i.
1203 1028 60 46 &
1215 1028 48 46 im

754 1069 162 44 possibile
878 1069 87 44 est
928 1069 75 44 vt
965 1069 124 44 corpus
1052 1069 162 44 infinitum
1164 1069 99 44 esset,

752 1105 91 54 siue
809 1105 137 54 secundum
911 1105 137 54 ponentes
1014 1105 103 54 ipsum
1082 1105 91 54 esse
1140 1105 103 54 extra
1197 1105 68 54 mun-

752 1150 94 43 dum,
811 1150 94 43 siue
870 1150 177 43 simpliciter
1011 1150 141 43 scilicet
1117 1150 71 43 si
1141 1150 129 43 quocunque

749 1196 111 37 modo
819 1196 153 37 ponatur
930 1196 111 37 siue
999 1196 139 37 extra,
1096 1196 111 37 siue
1152 1196 111 37 intra,

745 1228 117 39 siue
818 1228 117 39 vnum
892 1228 234 39 elementorum,
1082 1228 117 39 siue
1140 1228 117 39 aliud,

767 1268 201 50 D.natrauit
925 1268 158 50 causam,
1039 1268 129 50 prper
1125 1268 115 50 quam
1183 1268 86 50 qui-

743 1309 111 48 dam
807 1309 206 48 posuerunt
965 1309 143 48 ipsum
1061 1309 143 48 extra
1140 1309 127 48 elemen

739 1346 105 54 ta,
799 1346 75 54 &
829 1346 150 54 dixit:
934 1346 150 54 Quidam
1038 1346 120 54 enim
1113 1346 150 54 ponunt
1203 1346 60 54 in

746 1387 170 50 finitum,
873 1387 99 50 &c.
930 1387 85 50 i.
972 1387 85 50 in
1015 1387 127 50 modo,
1100 1387 85 50 in
1142 1387 99 50 quo
1185 1387 99 50 ponti

751 1429 92 48 plus
808 1429 160 48 conseruar,
934 1429 137 48 scilicet
1037 1429 69 48 vt
1071 1429 80 48 sit
1117 1429 103 48 extra
1174 1429 92 48 elemen

749 1466 100 40 ta.
806 1466 72 40 &
835 1466 129 40 sermo
921 1466 115 40 eius
992 1466 86 40 in
1036 1466 100 40 hoc
1093 1466 86 40 ma
1122 1466 143 40 nifestus

752 1503 98 56 est,
813 1503 135 56 quoniam
912 1503 172 56 manifestum
1047 1503 86 56 est
1096 1503 98 56 ista
1157 1503 98 56 esse
1207 1503 61 56 con

750 1547 142 39 traria,
853 1547 129 39 quare,
944 1547 78 39 si
983 1547 103 39 vnum
1047 1547 116 39 eorum
1125 1547 103 39 erit
1177 1547 90 39 infi-

746 1589 154 50 nitum,
853 1589 215 50 necessario
1022 1589 246 50 corrumpentur
1207 1589 61 50 re

753 1625 124 45 liqua.
839 1625 62 45 &
864 1625 99 45 ideo
926 1625 99 45 isti
988 1625 161 45 fugierunt
1112 1625 74 45 in
1149 1625 87 45 hoc
1199 1625 99 45 quod

744 1663 116 43 sit
811 1663 133 43 vnum
877 1663 233 43 elementorum.

783 1724 223 54 Impossibile
961 1724 134 54 autem
1050 1724 104 54 est
1110 1724 119 54 esse
1169 1724 104 54 tale,

744 1766 113 44 non
808 1766 129 44 quia
889 1766 226 44 infinitum,
1067 1766 113 44 Ide
1132 1766 113 44 hoc
1180 1766 97 44 enim

754 1812 132 46 omune
842 1812 161 46 aliquid
960 1812 176 46 dicendum
1091 1812 117 46 est,
1165 1812 88 46 de
1194 1812 88 46 omni

748 1854 176 48 similiter
884 1854 68 48 &
911 1854 122 48 aere,
992 1854 68 48 &
1019 1854 122 48 aqua,
1101 1854 68 48 &
1114 1854 163 48 quolibetus

754 1894 92 53 sed
806 1894 105 53 quia
872 1894 92 53 non
924 1894 92 53 est
977 1894 105 53 tale
1042 1894 170 53 sensibile
1160 1894 105 53 corpus
