1416 2066
160 173 103 72 bus
219 173 162 72 oportet
337 173 192 72 Naturalem
470 173 206 72 perscrutari,

167 228 77 55 &
197 228 108 55 cum
259 228 169 55 necesse
382 228 108 55 est
444 228 139 55 ipsum
521 228 154 55 perseru-

171 272 108 61 tari
238 272 81 61 de
278 272 175 61 composito
413 272 81 61 ex
453 272 108 61 eis.
520 272 108 61 Ied,
588 272 81 61 si
615 272 67 61 ne-

169 321 121 58 cesse
249 321 94 58 est
303 321 80 58 ei
343 321 121 58 ipsum
423 321 201 58 perscrutari
584 321 80 58 de
611 321 67 58 com

171 365 156 63 posito.
284 365 113 63 ergo
355 365 156 63 necesse
468 365 99 63 est
525 365 128 63 ipsum
596 365 85 63 per-

173 413 157 62 scrutari
291 413 78 62 de
330 413 157 62 vtroque,
448 413 105 62 vtru
513 413 131 62 igitur
591 413 92 62 sciem

172 461 96 56 tia
227 461 177 56 vtriusque
363 461 96 56 est
418 461 136 56 eadem,
514 461 96 56 aut
555 461 136 56 scientia

176 507 174 63 vtriusque
309 507 94 63 est
363 507 161 63 separata
484 507 80 63 ab
510 507 94 63 alia.

215 566 92 44 Et,
267 566 92 44 cum
320 566 131 44 natura
412 566 144 44 dicatur
517 566 79 44 de
556 566 131 44 forma,
648 566 66 44 &

181 601 117 42 maem:
259 601 65 42 &
285 601 117 42 forma
362 601 91 42 non
414 601 168 42 inuenitur
544 601 104 42 nisi
608 601 78 42 in
634 601 52 42 ma

182 640 136 50 teria:
278 640 149 50 oportet
386 640 177 50 Naturalem
508 640 177 50 consyderare

182 676 58 51 de
211 676 107 51 fornia,
289 676 87 51 sicut
347 676 58 51 de
376 676 78 51 simo
425 676 116 51 scilicet
512 676 116 51 secundum
600 676 78 51 quod
638 676 49 51 est

182 716 75 38 in
220 716 126 38 maeri,
308 716 63 38 &
333 716 88 38 hoc
383 716 88 38 est
434 716 101 38 ita.
497 716 101 38 quia
559 716 75 38 ex
584 716 101 38 funda-

184 763 128 41 mentis,
277 763 93 41 quae
335 763 104 41 ponit
405 763 151 41 Naturalis
521 763 93 41 est,
579 763 93 41 quod
625 763 58 41 plu

186 792 92 42 res
238 792 132 42 formae
331 792 171 42 naturales
462 792 105 42 sunt
528 792 79 42 in
554 792 132 42 materia:

184 830 69 50 &
212 830 97 50 hoc
267 830 194 50 manifestum
419 830 97 50 est
475 830 97 50 per
530 830 97 50 se.
585 830 83 50 de
613 830 69 50 for

180 872 80 35 ma
220 872 121 35 autem
300 872 174 35 Naturali,
434 872 80 35 in
475 872 94 35 qua
528 872 94 35 hoc
582 872 94 35 non
622 872 67 35 est

179 909 170 46 manifestum
312 909 85 46 per
361 909 85 46 se,
409 909 97 46 ista
470 909 97 46 scia
518 909 170 46 perscrutatur

180 943 106 44 vtrum
251 943 83 44 sit
298 943 71 44 in
334 943 130 44 maermi,
428 943 83 44 vel
475 943 94 44 non.
534 943 59 44 &
558 943 71 44 in
594 943 83 44 hoc
629 943 59 44 non

174 983 79 43 est
219 983 113 43 dubium
298 983 90 43 nisi
354 983 68 43 de
388 983 101 43 anima
456 983 124 43 tantum.
546 983 79 43 Et,
591 983 79 43 cum
625 983 56 43 de-

174 1020 157 50 clarauit
291 1020 104 50 quod
357 1020 144 50 oportet
461 1020 170 50 Naturalem
579 1020 104 50 consy-

174 1059 105 40 derare
248 1059 63 40 de
280 1059 105 40 forma,
353 1059 126 40 secundum
448 1059 84 40 quod
500 1059 74 40 est
542 1059 63 40 in
574 1059 105 40 maemi,
637 1059 42 40 in

172 1095 125 43 coepit
259 1095 162 43 declarare
383 1095 100 43 quod
445 1095 87 43 hoc
495 1095 137 43 necesse
595 1095 87 43 est
632 1095 50 43 in

181 1135 148 38 omnibus
288 1135 121 38 rebus
369 1135 215 38 naturalibus:
543 1135 107 38 sine
597 1135 94 38 forma

179 1172 121 38 fuerit
264 1172 182 38 substantia,
410 1172 97 38 siue
470 1172 158 38 accidens.
592 1172 61 38 &
604 1172 85 38 dixit

173 1213 78 38 &
204 1213 109 38 non
266 1213 171 38 ponamus
390 1213 295 38 consyderationem
622 1213 62 38 de

181 1248 124 42 rebus
264 1248 207 42 naturalibus
429 1248 110 42 sine
498 1248 165 42 materia.
608 1248 83 42 D.d.

188 1286 102 44 neque
256 1286 68 44 de
289 1286 136 44 materia.
391 1286 68 44 i.
425 1286 124 44 tamneu:
515 1286 102 44 sicut
572 1286 113 44 fecerunt

175 1325 213 48 Naturales,
342 1325 106 48 cum
403 1325 289 48 consyderauerunt
631 1325 61 48 de

182 1364 95 52 illa,
246 1364 127 52 secundum
342 1364 85 52 quod
395 1364 74 52 est
437 1364 85 52 vnum
490 1364 117 52 entium:
575 1364 74 52 sed
607 1364 74 52 debe-

182 1396 69 57 mus
222 1396 148 57 consyderare
340 1396 59 57 de
369 1396 89 57 illa,
429 1396 118 57 secundum
517 1396 79 57 quod
567 1396 69 57 est
596 1396 89 57 materia

175 1439 164 44 formae.
294 1439 238 44 consyderatio
488 1439 119 44 enim
562 1439 89 44 de
592 1439 89 44 mate

182 1479 96 42 ria
237 1479 83 42 in
279 1479 165 42 respectu
402 1479 138 42 formae
499 1479 96 42 est
540 1479 151 42 consydera

182 1517 90 43 tio
234 1517 180 43 naturalis,
375 1517 64 43 &
400 1517 205 43 consyderatio
567 1517 77 43 de
593 1517 90 43 illa,

181 1557 140 37 secundum
286 1557 93 37 quod
345 1557 82 37 est
391 1557 93 37 vnum
450 1557 128 37 entium,
543 1557 82 37 est
578 1557 105 37 consyde

178 1593 123 40 ratio
260 1593 123 40 primi
342 1593 205 40 Philosophi.
506 1593 96 40 Et,
561 1593 96 40 cum
602 1593 82 40 nar-

173 1632 120 42 rauit
252 1632 106 42 quod
319 1632 146 42 oportet
425 1632 173 42 Naturalem
545 1632 133 42 consyde-

180 1666 89 48 rare
236 1666 67 48 de
269 1666 112 48 forma,
347 1666 134 48 secundum
448 1666 89 48 quod
503 1666 78 48 est
548 1666 67 48 in
570 1666 112 48 materia,

184 1709 77 38 non
228 1709 131 38 secundum
326 1709 87 38 quod
381 1709 77 38 est
425 1709 120 38 tantum,
512 1709 98 38 sicut
567 1709 109 38 existima

177 1746 139 40 uerunt
274 1746 139 40 quidam
371 1746 166 40 Antiqui,
496 1746 69 40 &
510 1746 166 40 consydera-

182 1784 64 42 re
214 1784 64 42 de
246 1784 127 42 materia,
342 1784 127 42 secundum
437 1784 85 42 quod
490 1784 74 42 est
532 1784 138 42 subiectum
628 1784 53 42 for

181 1823 104 49 mae,
246 1823 91 49 non
298 1823 91 49 ens
350 1823 91 49 per
402 1823 91 49 se,
453 1823 156 49 incoepit
557 1823 130 49 inducere

696 187 209 41 quaestiones
863 187 195 41 accidentes
1016 187 84 41 in
1058 187 111 41 hoc,
1128 187 70 41 &
1141 187 70 41 di-

703 220 109 41 cit:
772 220 109 41 Homo
840 220 96 41 eni
895 220 164 41 dubitat,
1018 220 96 41 &c.
1072 220 82 41 i.
1113 220 68 41 &
1127 220 82 41 hoc,

701 255 118 51 quod
775 255 162 51 diximus
893 255 88 51 de
937 255 265 51 consyderatione
1143 255 59 51 na

698 293 141 45 turali
796 293 84 45 de
839 293 141 45 forma,
937 293 70 45 &
965 293 169 45 materia,
1092 293 112 45 quia
1148 293 56 45 na

700 333 112 50 tura
770 333 154 50 dicitur
882 333 84 50 de
924 333 168 50 vtroque,
1035 333 168 50 quaerendum

704 372 82 51 est
751 372 70 51 de
786 372 70 51 eo
821 372 70 51 ab
856 372 128 51 aliquo.
949 372 140 51 quoniam,
1054 372 70 51 si
1089 372 116 51 natura
1158 372 47 51 di

695 410 134 41 catur
785 410 149 41 duobus
889 410 149 41 modis,
994 410 90 41 de
1039 410 105 41 qua
1083 410 120 41 igitur

699 451 152 39 oportet
809 451 179 39 Naturalem
947 451 220 39 perscrutari:
1113 451 96 39 vtrum

701 484 82 50 de
742 484 137 50 forma,
839 484 96 50 aut
893 484 82 50 de
935 484 165 50 materia:
1058 484 82 50 si
1086 484 124 50 oportet

702 524 114 46 ipsum
778 524 190 46 perscrutari
930 524 76 46 de
968 524 127 46 altera
1057 524 114 46 earum
1120 524 89 46 tanus

706 560 95 54 aut
760 560 95 54 non
814 560 149 54 oportet
922 560 122 54 ipsum
1003 560 203 54 perscrutari
1151 560 54 54 de

699 599 141 39 altera
798 599 169 39 illarum,
925 599 99 39 sed
981 599 85 39 de
1024 599 183 39 composito
1151 599 56 39 ex

709 636 92 51 eis.
767 636 92 51 sed,
825 636 69 51 si
860 636 115 51 fuerit
940 636 150 51 concessum
1056 636 92 51 quod
1102 636 104 51 necesse

704 674 90 48 est
755 674 77 48 ei
794 674 192 48 perscrutari
948 674 77 48 de
986 674 179 48 composito,
1114 674 103 48 neces-

703 713 71 45 se
739 713 94 45 erit
798 713 71 45 ei
833 713 177 45 perscrutari
975 713 71 45 de
1010 713 142 45 vtroque.
1117 713 94 45 sed,
1164 713 47 45 si

704 759 129 43 positum
798 759 117 43 fuerit
880 759 94 43 quod
939 759 129 43 necesse
1032 759 82 43 est
1079 759 70 43 ei
1103 759 105 43 perseru

707 797 101 37 tari
770 797 75 37 de
808 797 151 37 vtroque,
921 797 88 37 non
971 797 75 37 de
1009 797 138 37 altero,
1097 797 113 37 accidet

715 826 127 49 quaestio
811 826 127 49 scilicet
906 826 95 49 vtrum
970 826 127 49 scientia
1065 826 138 49 vtriusque
1160 826 53 49 sit

706 865 78 42 ea
745 865 103 42 dem,
809 865 90 42 aut
861 865 155 42 diuersa.
977 865 78 42 Et
1016 865 116 42 dixit
1094 865 103 42 hoc,
1145 865 78 42 quia

703 903 200 47 existimatur
863 903 107 47 quod
929 903 80 47 de
970 903 120 47 rebus
1050 903 160 47 diuersis
1156 903 67 47 con

696 941 172 38 syderant
825 941 186 38 scientiae
968 941 186 38 diuersae.
1097 941 115 38 Deinde

701 979 153 49 incoepit
816 979 191 49 demonstrare
969 979 115 49 illa,
1045 979 102 49 quae
1096 979 115 49 faciunt

710 1018 140 46 dubitare
816 1018 70 46 in
851 1018 94 46 eis,
909 1018 58 46 &
932 1018 175 46 perscrutari
1073 1018 129 46 quomodo
1155 1018 58 46 est

707 1052 126 45 vnius
791 1052 182 45 scientiae
931 1052 210 45 consyderare
1100 1052 84 45 de
1128 1052 84 45 mate

700 1090 114 48 ria,
771 1090 71 48 &
799 1090 142 48 forma,
899 1090 71 48 &
927 1090 142 48 quanta
1026 1090 99 48 est
1069 1090 142 48 consyde-

703 1132 111 38 ratio
777 1132 123 38 istius
863 1132 160 38 scientiae
986 1132 74 38 de
1011 1132 123 38 vtroque.

750 1197 119 46 vtrum
829 1197 132 46 igitur
922 1197 159 46 eiusdem,
1041 1197 93 46 aut
1081 1197 132 46 alterius

703 1245 195 45 vtranque
849 1245 227 45 cognoscere
1027 1245 81 45 7
1060 1245 97 45 Ad
1092 1245 114 45 Anti-

702 1291 131 39 quos
784 1291 131 39 enim
866 1291 230 39 aspicienti
1030 1291 181 39 videbitur

709 1324 135 46 vtique
803 1324 108 46 esse
870 1324 175 46 materiae.
1005 1324 81 46 ad
1045 1324 148 46 exiguam
1140 1324 67 46 eni

703 1372 169 47 partem
821 1372 185 47 quandam
956 1372 253 47 Empedocles,
1158 1372 84 47 &

698 1408 226 52 Democritus
875 1408 177 52 formam,
1004 1408 81 52 &
1037 1408 129 52 quod
1117 1408 129 52 quid

706 1446 101 44 erat
770 1446 101 44 esse
833 1446 190 44 terigerunt.
985 1446 76 44 si
1023 1446 114 44 autem
1099 1446 89 44 ars
1137 1446 76 44 imi-

702 1500 115 30 tatur
779 1500 153 30 naturam:
894 1500 140 30 eiusdem
996 1500 115 30 autem
1073 1500 89 30 est
1111 1500 102 30 seniae

705 1532 238 51 cognoscere
892 1532 187 51 formam,
1027 1532 85 51 &
1044 1532 170 51 materiam

708 1581 143 46 vvsque
808 1581 86 46 ad
851 1581 158 46 aliquid
966 1581 86 46 vt
1008 1581 143 46 Medici
1094 1581 115 46 sanita

702 1610 131 57 tem,
783 1610 82 57 &
816 1610 213 57 choleram,
980 1610 82 57 &
1013 1610 196 57 phlegma,
1144 1610 65 57 in

697 1656 133 42 quibus
790 1656 93 42 est
843 1656 159 42 sanitas:
963 1656 173 42 similiter
1095 1656 120 42 autem
1175 1656 66 42 &

703 1696 274 49 Edificatoris
926 1696 171 49 formam
1046 1696 171 49 domus,
1166 1696 86 49 &

707 1739 133 55 materiam,
809 1739 112 55 lateres
890 1739 122 55 scilicet
982 1739 51 55 &
1003 1739 102 55 ligna:
1074 1739 133 55 similiter
1166 1739 51 55 au-

702 1779 104 53 tem
762 1779 74 53 &
791 1779 89 53 in
836 1779 148 53 aliis:
940 1779 74 53 &
969 1779 178 53 Physicae
1088 1779 119 53 vtique

700 1829 118 37 erit
774 1829 207 37 cognoscere
937 1829 177 37 vtrasque
1055 1829 148 37 naturas.
