1416 2066
173 179 94 48 hoc
226 179 187 48 componitur
373 179 107 48 sic.
440 179 187 48 Translatio
587 179 94 48 est
627 179 67 48 re:

190 221 218 47 perfectioris:
370 221 64 47 &
396 221 103 47 quod
460 221 90 47 est
511 221 90 47 rei
550 221 141 47 perfectio

193 259 90 41 ris
244 259 90 41 est
296 259 192 41 perfectius:
449 259 102 41 ergo
513 259 179 41 translatio
641 259 64 41 est

195 294 189 51 perfectior
343 294 122 51 aliis
424 294 162 51 motibus.
546 294 81 51 In
586 294 95 51 hoc
627 294 68 51 igi

190 334 105 49 tur
250 334 165 49 sermone
370 334 210 49 declarauit
534 334 105 49 per
579 334 120 49 demio-

196 373 78 48 nem
240 373 100 48 esse,
307 373 56 48 &
330 373 111 48 causae
407 373 89 48 quod
463 373 156 48 translanio
586 373 78 48 sit
619 373 78 48 prior

193 412 138 38 caeter
290 412 83 38 is
331 412 165 38 motibus.
455 412 138 38 deinde
538 412 165 38 declarauit

196 444 69 49 ex
230 444 80 49 hac
276 444 138 49 concsone
379 444 115 49 causam
460 444 103 49 eius,
529 444 92 49 quod
575 444 126 49 transsla-

191 482 81 54 tio
238 482 127 54 existit
330 482 69 54 in
365 482 162 54 animalibus
492 482 162 54 perfectis.
619 482 58 54 &
631 482 69 54 haec

192 520 86 49 est
241 520 124 49 demiro
328 520 124 49 causae
414 520 136 49 tandum.
513 520 124 49 deinde
587 520 111 49 accepit

187 559 221 52 posteritis,
364 559 74 52 &
394 559 206 52 declarauit
556 559 103 52 per
600 559 103 52 ipsum

193 597 149 52 prius.
297 597 74 52 &
327 597 119 52 fuit
401 597 134 52 demro
491 597 104 52 per
550 597 164 52 signum.
654 597 45 52 &

195 636 92 38 est,
253 636 92 38 quod
311 636 161 38 translatio
438 636 81 38 est
484 636 115 38 prior,
565 636 92 38 quia
622 636 81 38 est
657 636 46 38 in

187 677 161 48 priori.
305 677 88 48 In
348 677 103 48 hoc
407 677 146 48 igitur
510 677 161 48 sermone
612 677 88 48 sunt

193 708 86 48 tres
247 708 129 48 demrones
344 708 129 48 scilicet
441 708 108 48 causae
517 708 54 48 &
538 708 97 48 esse,
603 708 54 48 &
614 708 86 48 commae

189 748 144 51 tantum,
293 748 65 51 &
320 748 209 51 demonstratio
476 748 105 51 sigui,

232 788 98 47 Et
281 788 179 47 propter
411 788 147 47 haec,
509 788 81 47 &
541 788 130 47 quia
606 788 98 47 mini

182 828 123 46 me,
253 828 193 46 motuum,
393 828 123 46 id,
464 828 141 46 quod
534 828 158 46 mouetur

182 870 113 44 dum
246 870 177 44 fertur,
375 870 80 44 a
407 870 225 44 substantia
568 870 129 44 disce-

190 911 97 43 dit,
251 911 146 43 secundum
360 911 97 43 enim
421 911 109 43 solam
494 911 109 43 nihil
566 911 134 43 mutatur
651 911 49 43 ab

187 958 103 52 esse.
255 958 80 52 vt,
301 958 91 52 cum,
358 958 91 52 quid
415 958 160 52 alteratur,
541 958 114 52 quale,
621 958 80 52 cum
655 958 46 52 ve

186 996 96 38 ro
234 996 176 38 augetur
362 996 80 38 &
394 996 208 38 diminuit,
539 996 160 38 quantum.

233 1037 89 54 Et
278 1037 104 54 non
337 1037 164 54 propter
457 1037 119 54 ista
531 1037 149 54 tantum
621 1037 75 54 est

193 1081 130 65 prior,
284 1081 91 65 sed
336 1081 143 65 propter
440 1081 91 65 hoc
493 1081 130 65 etiam,
584 1081 104 65 quia
636 1081 65 65 est

198 1125 122 61 inter
279 1125 122 61 alios
360 1125 122 61 motus
441 1125 135 61 talis,
535 1125 108 61 quod
603 1125 95 61 non
643 1125 54 61 re

188 1173 171 52 mouetur
313 1173 155 52 illud,
421 1173 124 52 quod
499 1173 171 52 mouetur
608 1173 93 52 secu

190 1220 93 46 dum
243 1220 119 46 illud
322 1220 66 46 a
348 1220 185 46 substantia
494 1220 106 46 sua.
560 1220 106 46 iste
613 1220 79 46 enim

191 1268 138 57 solus
283 1268 107 57 non
344 1268 215 57 transmutat
513 1268 138 57 ipsum
590 1268 107 57 omni-

188 1317 85 59 no
230 1317 85 59 in
273 1317 99 59 sua
330 1317 185 59 essentia,
472 1317 128 59 sicut
543 1317 156 59 transmuta

185 1360 104 66 tur
245 1360 119 66 apud
319 1360 238 66 alterationem
512 1360 178 66 secundum
631 1360 74 66 qua

189 1408 176 66 litate,
317 1408 96 66 et
365 1408 128 66 apud
445 1408 208 66 augmetum,
605 1408 80 66 &
621 1408 80 66 di-

186 1457 212 57 minutione
349 1457 196 57 secundum
480 1457 212 57 quatitatem.

233 1514 95 40 Ista
292 1514 83 40 est
340 1514 118 40 Tertia
423 1514 178 40 declaratio,
565 1514 95 40 quod
612 1514 83 40 trans

194 1549 130 53 latio
280 1549 101 53 est
338 1549 144 53 primus
439 1549 159 53 motuum.
554 1549 86 53 Et
583 1549 115 53 fundat

188 1595 145 48 super
284 1595 129 48 duas
365 1595 209 48 propones,
525 1595 161 48 quarum
622 1595 80 48 Vna

191 1628 87 53 est,
246 1628 87 53 quod
300 1628 109 53 illud,
376 1628 87 53 quid
431 1628 120 53 mouetur
518 1628 131 53 secundum
605 1628 98 53 transla

193 1668 164 40 tionem,
312 1668 104 40 non
372 1668 149 40 distat
476 1668 74 40 a
506 1668 104 40 sua
550 1668 149 40 substan-

191 1704 92 43 tia
243 1704 105 43 apud
309 1704 105 43 suam
374 1704 249 43 transmutationem
570 1704 131 43 scilicet

197 1749 100 41 quod
259 1749 87 41 non
309 1749 137 41 accidit
408 1749 75 41 ei
446 1749 100 41 tunc
508 1749 75 41 in
545 1749 87 41 sua
583 1749 112 41 substam

195 1789 101 44 tia
252 1789 246 44 transmutatio,
455 1789 116 44 quae
527 1789 130 44 cogat
600 1789 101 44 ipsum

187 1821 116 53 exire
265 1821 65 53 a
290 1821 90 53 sua
342 1821 194 53 substantia,
497 1821 90 53 cum
549 1821 129 53 illud,
626 1821 78 53 quid

710 180 186 46 mouetur,
849 180 108 46 non
911 180 263 46 transmutatur,
1128 180 124 46 nisi
1190 180 46 46 l

718 218 155 41 tantum
826 218 93 41 in
873 218 124 41 vbi,
950 218 78 41 &
981 218 109 41 non
1043 218 186 41 sequitur
1167 218 62 41 ex

718 254 185 44 mutatione
860 254 114 44 vbi,
931 254 157 44 mutatio
1031 254 185 44 substantiae

718 301 120 40 moti.
797 301 106 40 quod
864 301 93 40 non
917 301 173 40 contingit
1050 301 80 40 in
1090 301 120 40 aliis
1156 301 53 40 mo

721 332 93 49 tibus
783 332 124 49 scilicet
875 332 83 49 quod
927 332 62 49 in
958 332 93 49 aliis
1020 332 114 49 motibus
1102 332 114 49 accidit
1175 332 41 49 mo

715 372 88 38 to
759 372 234 38 transmutatio
949 372 88 38 in
993 372 102 38 sua
1037 372 175 38 substantia

719 408 129 42 sicut
805 408 86 42 in
848 408 115 42 motu
920 408 244 42 alterationis,
1121 408 72 42 &
1135 408 86 42 aug-

718 445 111 37 menti,
795 445 133 37 scilicet
895 445 89 37 quod
950 445 144 37 alteratum
1061 445 122 37 mutatur
1150 445 66 37 in
1172 445 55 37 sua

717 482 218 51 substantia,
892 482 102 51 aut
950 482 262 51 appropinquatur
1154 482 73 51 mu-

716 525 157 37 tationi,
834 525 92 37 cum
886 525 170 37 alteratio
1017 525 92 37 sit
1070 525 92 37 via
1122 525 79 37 ad
1148 525 79 37 cor-

716 565 210 44 ruptionem.
881 565 75 44 &
911 565 195 44 similiter
1060 565 90 44 in
1090 565 135 44 augmen-

713 604 96 45 to,
768 604 96 45 cum
823 604 178 45 contingit
960 604 82 45 ab
1001 604 82 45 eo
1043 604 82 45 vt
1084 604 96 45 res
1125 604 96 45 diuen

716 637 125 37 setur
800 637 84 37 in
842 637 209 37 quantitate.
1009 637 84 37 &,
1051 637 98 37 cum
1106 637 98 37 hoc
1148 637 70 37 in-

712 678 185 44 tenditur,
854 678 114 44 erit
926 678 100 44 via
983 678 86 44 ad
1011 678 214 44 corruptionem.

721 711 88 43 Et,
772 711 88 43 cum
822 711 176 43 declaratum
961 711 88 43 sit
1011 711 101 43 quod
1074 711 126 43 illud,
1149 711 76 43 quid

711 749 180 37 mouetur
842 749 115 37 hoc
907 749 148 37 motu,
1006 749 115 37 non
1055 749 164 37 transnu-

717 789 114 38 tatur
793 789 76 38 in
831 789 89 38 sua
882 789 190 38 substantia,
1034 789 101 38 quod
1097 789 89 38 non
1135 789 89 38 acci-

721 823 98 43 dit
777 823 84 43 in
819 823 126 43 aliis
903 823 168 43 motibus,
1029 823 70 43 &
1043 823 182 43 coniunxeri-

713 866 116 36 mus
780 866 133 36 huic
863 866 199 36 secundam
1012 866 215 36 proponem,
1177 866 83 36 &

721 900 98 49 est,
782 900 98 49 quod
844 900 123 49 motus,
930 900 74 49 in
967 900 86 49 quo
1016 900 111 49 motum
1090 900 86 49 non
1127 900 98 49 trans-

711 938 165 41 mutatur
831 938 90 41 in
876 938 105 41 sua
936 938 210 41 substantia
1087 938 120 41 omnino

720 974 117 44 aut,
794 974 88 44 si
837 974 249 44 transmutatur,
1028 974 190 44 nihilominus

712 1012 257 47 transmutatur
920 1012 160 47 minus,
1033 1012 112 47 est
1081 1012 144 47 melior,

717 1060 119 38 quia
792 1060 104 38 est
851 1060 223 38 propinquior
1030 1060 179 38 naturae,
1149 1060 74 38 cum

716 1089 102 41 non
775 1089 131 41 facit
862 1089 102 41 rem
920 1089 218 41 transmutari
1094 1089 73 41 a
1123 1089 102 41 sua
1167 1089 58 41 na

716 1127 125 43 tura,
799 1127 166 43 sequitur
924 1127 83 43 ex
966 1127 139 43 duabus
1049 1127 166 43 propositio

719 1165 118 47 nibus,
802 1165 94 47 quod
860 1165 165 47 translatio
990 1165 82 47 est
1037 1165 165 47 perfectior
1154 1165 59 47 mo-

717 1205 98 37 tuum:
783 1205 55 37 &
804 1205 87 37 quod
859 1205 76 37 est
903 1205 153 37 perfectius
1023 1205 76 37 est
1066 1205 98 37 prius
1132 1205 65 37 in
1153 1205 55 37 na-

716 1240 115 53 tura:
793 1240 102 53 ergo
856 1240 178 53 translatio
996 1240 89 53 est
1047 1240 115 53 prior
1124 1240 76 53 in
1149 1240 64 53 nam

751 1285 192 45 Maxime
885 1285 173 45 autem
981 1285 230 45 manifescum

712 1333 115 37 est,
783 1333 115 37 quod
855 1333 144 37 mouens
956 1333 129 37 ipsum
1042 1333 158 37 seipsum
1142 1333 72 37 ma-

714 1373 118 54 xime
788 1373 177 54 secundum
921 1373 118 54 hunc
995 1373 133 54 mouet
1069 1373 148 54 proprie,

723 1410 93 51 qui
776 1410 159 51 secundum
895 1410 119 51 locum
974 1410 106 51 est.
1040 1410 66 51 &
1066 1410 119 51 etiam
1132 1410 93 51 dici-

714 1453 115 46 mus
779 1453 115 46 hoc
845 1453 131 46 esse
926 1453 164 46 eorum,
1041 1453 131 46 quae
1106 1453 115 46 mouen

717 1495 119 52 tur,
791 1495 74 52 &
821 1495 163 52 mouent,
939 1495 222 52 principium,
1117 1495 89 52 et
1147 1495 74 52 pri

716 1534 140 52 mumijs,
818 1534 102 52 quae
882 1534 166 52 mouentur,
1010 1534 77 52 id
1048 1534 153 52 scilicet
1150 1534 77 52 quod

714 1580 161 46 ipsum
822 1580 197 46 seipsum
947 1580 143 46 mouet.

759 1625 90 58 Et
804 1625 211 58 manifestum
970 1625 121 58 est,
1045 1625 121 58 quod
1121 1625 90 58 se
1151 1625 75 58 pro

716 1671 127 58 prie
795 1671 111 58 hoc
859 1671 127 58 motu
938 1671 143 58 mouet
1034 1671 143 58 prima
1113 1671 111 58 inten

711 1717 154 63 tione.
818 1717 92 63 et
865 1717 169 63 dicimus
988 1717 123 63 quod
1065 1717 139 63 primu
1142 1717 77 63 prm

716 1764 153 47 cipium
823 1764 92 47 in
868 1764 153 47 motis,
975 1764 76 47 &
1006 1764 198 47 motoribus
1143 1764 76 47 est

705 1819 137 56 illud,
801 1819 165 56 scilicet
925 1819 137 56 illud,
1021 1819 110 56 quod
1090 1819 124 56 mouet
1158 1819 69 56 se.
