1416 2066
156 181 101 37 ma
207 181 134 37 mota
290 181 151 37 esse,
391 181 117 37 aut
458 181 168 37 primum
559 181 117 37 motum

182 216 105 50 quod
248 216 92 50 est
300 216 118 50 causa
379 216 79 50 in
418 216 144 50 motibus
523 216 131 50 eorum,
602 216 79 50 quae

174 263 150 43 mouentur
287 263 163 43 quandoque
412 263 75 43 ex
450 263 113 43 istis
525 263 125 43 rebus,
600 263 75 43 quae

180 292 101 39 sunt
244 292 101 39 hic,
307 292 63 39 &
333 292 165 39 quiescunt
459 292 178 39 quandoque,
599 292 63 39 &
612 292 63 39 nun

185 329 102 52 quam
249 329 140 52 apparet
351 329 102 52 quod
414 329 102 52 ista
478 329 102 52 mota
529 329 140 52 quescunt,

187 365 98 53 neque
252 365 65 53 in
285 365 109 53 aliqua
361 365 98 53 hora,
427 365 131 53 scilicet
525 365 120 53 corpora
601 365 76 53 coele

181 404 117 38 stia,
259 404 222 38 consyderandum
442 404 91 38 est
494 404 117 38 vtrum
560 404 117 38 fuerint

181 441 107 48 istius
256 441 182 48 dispositionis
407 441 64 48 in
439 441 107 48 aliqua
514 441 97 48 hora,
568 441 107 48 scilicet

182 479 104 52 ipsa
247 479 104 52 esse
312 479 117 52 primo
390 479 117 52 mota,
469 479 91 52 aut
521 479 130 52 semper
599 479 78 52 fue-

181 517 86 48 rint
235 517 108 48 illius
311 517 183 48 dispositionis
461 517 129 48 scilicet
558 517 86 48 mota
602 517 75 48 aeter

177 557 93 50 na.
230 557 79 50 Et
269 557 119 50 dixit
349 557 106 50 hoc,
415 557 106 50 quia
481 557 185 50 declaratum
614 557 66 50 est

183 597 77 48 in
222 597 167 48 principio
350 597 154 48 Septimi,
465 597 192 48 impossibile
606 597 77 48 esse

179 632 142 44 corpus
278 632 142 44 mouere
378 632 142 44 corpus
477 632 85 44 in
506 632 170 44 infinitum,

179 667 77 46 &
209 667 123 46 ideo
286 667 169 46 necesse
409 667 107 46 est
470 667 153 46 mundum
562 667 123 46 habere

179 716 169 32 primum
297 716 169 32 motum,
416 716 118 32 aut
483 716 152 32 prima
568 716 101 32 mota

177 744 81 53 &,
217 744 81 53 si
257 744 94 53 non
311 744 202 53 inueniretur
473 744 175 53 magnitudo
608 744 94 53 in¬

173 789 148 37 fiuita
277 789 89 37 in
321 789 133 37 actu:
410 789 74 37 &
439 789 222 37 inueniretur
602 789 74 37 mo-

175 824 98 48 tum
231 824 181 48 infinitum
370 824 209 48 pertransire
538 824 84 48 in
565 824 112 48 tempo-

171 861 85 37 re
213 861 142 37 finito
313 861 157 37 spatium
427 861 199 37 infinitum,
584 861 85 37 vt
612 861 57 37 de

174 901 172 46 claratum
303 901 100 46 est
360 901 86 46 in
403 901 186 46 principio
532 901 129 46 Septimi

204 941 90 54 Si
249 941 149 54 igitur
353 941 149 54 factum
458 941 105 54 est
503 941 164 54 mobilium,

162 989 118 45 ac
221 989 255 45 motiuorum
398 989 275 45 vnumquodque,

174 1036 232 44 necessarium
359 1036 108 44 est
421 1036 155 44 prius,
529 1036 124 44 quam
591 1036 93 44 acce

177 1067 124 52 pta,
254 1067 139 52 aliam
347 1067 124 52 esse
424 1067 155 52 factam
517 1067 155 52 mutatio-

174 1109 112 45 nem,
244 1109 84 45 et
286 1109 140 45 motum,
384 1109 168 45 secundum
511 1109 112 45 quem
567 1109 112 45 factum

169 1158 112 44 est
233 1158 112 44 id,
297 1158 127 44 quod
376 1158 159 44 potest
488 1158 127 44 esse
552 1158 127 44 motum,

167 1190 123 44 aut
219 1190 175 44 mouisse.

216 1236 98 62 Si
265 1236 163 62 igitur
379 1236 245 62 unumquodque
559 1236 114 62 mobi-

156 1290 132 57 tium
239 1290 116 57 non
305 1290 198 57 mouetur,
454 1290 132 57 nisi
520 1290 165 57 postquam

172 1333 87 53 in
215 1333 102 53 sua
273 1333 174 53 potentia
404 1333 116 53 erit
476 1333 87 53 ut
505 1333 174 53 moueretur,

163 1380 165 64 necesse
283 1380 105 64 est
343 1380 90 64 ut
388 1380 120 64 ante
449 1380 225 64 transmutatio-

166 1428 109 63 nem
229 1428 171 63 dictam,
353 1428 171 63 fuisset
477 1428 124 63 alia
539 1428 140 63 transmu

168 1480 145 58 tatio,
269 1480 72 58 &
298 1480 145 58 motus,
399 1480 87 58 in
442 1480 101 58 quo
500 1480 116 58 suit
558 1480 116 58 possi-

171 1523 122 55 bile
247 1523 167 55 moueri,
369 1523 106 55 aut
414 1523 137 55 mouere.

202 1577 88 57 Si
246 1577 147 57 igitur
349 1577 118 57 hoc,
423 1577 118 57 quod
482 1577 191 57 narrauimus,

166 1629 133 36 quod
249 1629 133 36 omne
332 1629 166 36 motum,
448 1629 83 36 &
481 1629 133 36 omne
547 1629 133 36 mouens

172 1660 156 39 necesse
285 1660 113 39 est,
356 1660 85 39 vt
398 1660 170 39 antequam
511 1660 170 39 inueniatur

164 1694 160 37 mouere,
281 1694 73 37 &
310 1694 146 37 moueri
412 1694 87 37 in
456 1694 131 37 actu,
543 1694 87 37 vt
572 1694 102 37 inue-

168 1732 151 46 niatur
274 1732 166 46 mouere,
394 1732 75 46 &
424 1732 151 46 moueri
530 1732 91 46 in
560 1732 121 46 poten-

172 1768 99 43 tia,
234 1768 62 43 &
259 1768 174 43 posuerimus
395 1768 99 43 quod
457 1768 99 43 ista
519 1768 162 43 potentia,
644 1768 62 43 &

173 1806 118 53 posse
252 1806 92 53 est
304 1806 131 53 nouum,
396 1806 144 53 necesse
501 1806 92 53 est
553 1806 105 53 quod
605 1806 79 53 ante

696 172 182 52 primum
823 172 182 52 motum,
951 172 146 52 quem
1024 172 182 52 posuimus

695 221 166 37 primum,
816 221 106 37 sit
876 221 136 37 alius
967 221 151 37 motus,
1073 221 106 37 per
1118 221 91 37 quem

694 252 113 42 fuit
765 252 127 42 posse
849 252 198 42 praecedens
1005 252 141 42 primum
1090 252 113 42 motum,

696 288 87 51 qui
745 288 137 51 positus
845 288 99 51 fuit
907 288 137 51 primus.
1006 288 112 51 posse
1081 288 99 51 enim
1130 288 75 51 quid

696 326 187 50 praecedit
840 326 130 50 motum
926 326 130 50 fieri
1013 326 86 50 de
1056 326 130 50 nouo,
1128 326 72 50 ne-

693 364 163 53 cessario
816 364 176 53 praecedit
951 364 136 53 motum.
1046 364 95 53 sed
1100 364 95 53 iam
1141 364 68 53 po-

693 401 166 42 suimus
809 401 149 42 ipsum
909 401 182 42 primum.
1041 401 83 42 &
1074 401 116 42 hoc
1124 401 83 42 est

696 442 188 40 inconuetens.
849 442 70 40 Et
884 442 153 40 similiter
1002 442 129 40 accidit
1096 442 70 40 in
1119 442 94 40 trans-

697 477 181 52 mutatione,
839 477 91 52 per
891 477 104 52 quam
956 477 104 52 fuit
1021 477 129 52 posse,
1111 477 78 52 si
1137 477 65 52 po-

699 517 139 53 suerimus
804 517 104 53 ipsam
873 517 93 53 esse
931 517 116 53 primam
1012 517 139 53 scilicet
1105 517 104 53 quoniam

699 555 176 42 sequitur,
835 555 81 42 vt
876 555 163 42 potentia
998 555 81 42 ad
1038 555 122 42 ipsam
1106 555 95 42 prae-

700 595 102 49 cedat
768 595 102 49 ipsam
836 595 136 49 secundum
937 595 125 49 tempus,
1028 595 57 49 &
1051 595 91 49 quod
1107 595 91 49 ista
1152 595 57 49 po-

698 637 142 38 tentia
797 637 99 38 sit
854 637 128 38 facta
939 637 85 38 ex
968 637 241 38 transmutatione.

699 668 84 52 Et
741 668 112 52 quod
811 668 154 52 apparet
923 668 84 52 ex
965 668 98 52 hoc
1021 668 154 52 sermone
1119 668 84 52 est,

695 706 118 48 quod
769 706 162 48 necesse
887 706 89 48 vt
931 706 118 48 ante
1005 706 133 48 illum
1079 706 118 48 motum,

696 746 103 43 qui
755 746 162 43 ponitur
873 746 162 43 primus,
991 746 103 43 est
1050 746 133 43 alius
1123 746 74 43 mo-

691 782 110 43 tus.
760 782 96 43 sed
815 782 96 43 non
870 782 165 43 sequitur
994 782 83 43 ex
1036 782 110 43 hoc,
1105 782 83 43 vt
1132 782 69 43 se-

700 820 154 38 cundus
808 820 139 38 motus
900 820 185 38 succedat
1024 820 185 38 anteceden-

698 860 77 50 ti
737 860 140 50 statim:
839 860 89 50 sed
890 860 153 50 sequitur
1005 860 77 50 vt
1043 860 153 50 sequatur
1145 860 64 50 ip-

699 896 75 49 sum
742 896 183 49 interpollatim
893 896 129 49 scilicet
989 896 86 49 quod
1043 896 86 49 iter
1097 896 97 49 illos
1150 896 54 49 sit

699 932 141 50 tempus
798 932 170 50 quietis,
925 932 85 50 in
968 932 99 50 quo
1010 932 198 50 inueniebatur

703 973 131 46 posse.
795 973 92 46 Cum
847 973 118 46 autem
926 973 170 46 dixerimus
1057 973 105 46 quod
1109 973 92 46 possi

702 1008 106 50 bile
768 1008 93 50 non
821 1008 106 50 exit
887 1008 79 50 in
927 1008 132 50 actum,
1020 1008 106 50 nisi
1086 1008 93 50 per
1126 1008 79 50 ali-

696 1044 98 55 quid
757 1044 73 55 in
794 1044 98 55 actu
855 1044 147 55 scilicet
965 1044 86 55 per
1013 1044 147 55 motorem,
1111 1044 98 55 neces-

701 1087 57 43 se
729 1087 66 43 est
767 1087 85 43 illos
823 1087 85 43 motus
880 1087 66 43 ess
918 1087 113 43 scilicet
1003 1087 142 43 succedentes
1107 1087 94 43 scilicet

693 1132 117 36 quod
767 1132 146 36 nullum
869 1132 146 36 tempus
972 1132 103 36 sit
1030 1132 132 36 extra
1103 1132 103 36 motum

696 1164 69 38 &
724 1164 83 38 si
766 1164 125 38 esset
849 1164 83 38 in
891 1164 111 38 fine
960 1164 208 38 paruitatis.
1113 1164 97 38 motor

701 1199 112 54 enim
771 1199 126 54 mouet
855 1199 126 54 ipsum
939 1199 84 54 in
981 1199 168 54 tempore,
1107 1199 84 54 in
1135 1199 70 54 quo

694 1237 139 49 mouet,
792 1237 70 49 &
820 1237 84 49 no
861 1237 126 49 ante,
945 1237 112 49 nisi
1015 1237 112 49 quia
1085 1237 112 49 ante
1140 1237 70 49 non

695 1273 135 41 habebat
793 1273 220 41 dispositionem,
976 1273 86 41 qua
1025 1273 159 41 possibile
1136 1273 73 41 erat

691 1314 132 50 ipsum
780 1314 162 50 mouere:
897 1314 88 50 &,
941 1314 103 50 cum
1000 1314 176 50 perfecta
1118 1314 88 50 erat

700 1349 62 53 i
724 1349 75 53 eo
762 1349 100 53 ipsa
824 1349 187 53 dispositio,
974 1349 100 53 tunc
1037 1349 150 53 incoepit
1137 1349 62 53 mo-

693 1387 117 51 uere.
771 1387 78 51 Et
810 1387 104 51 ista
875 1387 130 51 dispo,
967 1387 91 51 aut
1019 1387 91 51 est
1071 1387 78 51 in
1110 1387 104 51 ipso
1162 1387 52 51 mo

702 1434 121 39 tore,
782 1434 94 39 aut
836 1434 80 39 in
876 1434 121 39 moto,
956 1434 94 39 aut
1010 1434 80 39 in
1050 1434 161 39 vtroque.
1171 1434 67 39 &

696 1463 99 51 est
752 1463 99 51 aut
809 1463 113 51 quia
879 1463 127 51 motor
964 1463 99 51 non
1021 1463 127 51 fuit,
1105 1463 71 51 &
1119 1463 85 51 post

695 1501 128 50 fuit,
780 1501 100 50 aut
837 1501 114 50 quia
908 1501 128 50 fuit,
994 1501 100 50 sed
1036 1501 171 50 diminueba-

702 1541 94 50 tur
755 1541 81 50 ab
796 1541 108 50 ipso
863 1541 202 50 dispositio,
1024 1541 94 50 per
1078 1541 108 50 quam
1132 1541 67 50 mo-

700 1580 117 38 uer.
773 1580 73 38 &
803 1580 102 38 hoc
861 1580 102 38 est
919 1580 102 38 aut
978 1580 160 38 propter
1080 1580 131 38 aliquam

696 1614 233 53 dispositionem
888 1614 82 53 in
930 1614 96 53 eo,
984 1614 96 53 aut
1039 1614 151 53 propter
1135 1614 69 53 di-

692 1655 221 35 spositionem
869 1655 88 35 in
913 1655 132 35 moto,
1001 1655 103 35 aut
1060 1655 132 35 sicut
1133 1655 74 35 di-

694 1693 183 37 stantia,
831 1693 76 37 &
862 1693 260 37 impedimentum.
1076 1693 92 37 Et
1106 1693 107 37 istae

696 1732 106 49 tres
762 1732 159 49 dispones
881 1732 119 49 forte
960 1732 172 49 deficiunt
1092 1732 92 49 aut
1132 1732 79 49 plu-

693 1773 103 37 res
752 1773 146 37 earum,
854 1773 103 37 aut
913 1773 103 37 vna
972 1773 88 37 in
1016 1773 132 37 moto.
1103 1773 73 37 &
1118 1773 88 37 naec

694 1808 107 50 erit
760 1808 134 50 causa,
854 1808 107 50 quod
921 1808 120 50 motor
1001 1808 94 50 non
1055 1808 147 50 moueat.
1148 1808 67 50 er
