1416 2066
168 170 86 48 in
211 170 100 48 quo
268 170 100 48 non
325 170 100 48 est
382 170 157 48 corpus,
497 170 100 48 non
540 170 143 48 signifi-

181 217 106 42 cat
241 217 166 42 naturam
362 217 227 42 terminatam,
544 217 136 42 sicut
620 217 61 42 fi

181 252 161 57 gnificat
301 252 107 57 apud
368 252 161 57 dicentes
489 252 121 57 ipsum
569 252 107 57 esse
623 252 67 57 di-

187 295 207 52 mensionem,
350 295 89 52 in
394 295 103 52 qua
453 295 103 52 non
512 295 103 52 est
556 295 133 52 corpus.

226 336 174 50 Attamen
353 336 174 50 videtur
479 336 127 50 dici
543 336 142 50 vacuum,

186 376 135 57 Vno
263 376 193 57 quidem
398 376 154 57 modo
494 376 174 57 TAnon
591 376 96 57 ple

189 421 96 45 num
244 421 178 45 sensibili
381 421 164 45 Tcorpore
503 421 164 45 secundum
613 421 68 45 ta-

190 463 135 43 ctum.
280 463 195 43 sensibile
430 463 135 43 autem
520 463 105 43 est
565 463 120 43 secun-

182 508 131 50 dum
257 508 188 50 tactum
389 508 150 50 quod
464 508 225 50 grauitatem

186 548 162 58 habet,
299 548 114 58 vel
364 548 227 58 leuitatem.
527 548 162 58 Quocirca

179 589 264 46 dubitauerit
390 589 211 46 aliquis,
531 589 158 46 quidnam

183 632 172 42 dicent,
309 632 94 42 si
356 632 157 42 habeat
466 632 172 42 spatium
575 632 110 42 colo-

180 676 139 46 rem,
266 676 121 46 aut
336 676 173 46 sonum,
457 676 156 46 vtrum
543 676 139 46 vacuum

179 716 87 46 an
223 716 116 46 nons
296 716 87 46 An
340 716 204 46 manifestum
500 716 116 46 est,
573 716 87 46 si
602 716 87 46 cor-

184 760 109 55 pus
247 760 156 55 quidem
356 760 203 55 suscipiat
496 760 187 55 tangibile.

179 799 149 51 vacuum
283 799 134 51 esse,
373 799 89 51 si
418 799 119 51 vero
492 799 119 51 non,
552 799 134 51 minime.

226 844 98 47 Et
275 844 148 47 etiam
373 844 180 47 videmus
505 844 131 47 quod
570 844 115 47 vacuu

172 889 167 65 dicitur
293 889 106 65 Vno
354 889 122 65 modo
430 889 152 65 illud,
537 889 122 65 quod
613 889 106 65 non

182 938 97 59 est
238 938 139 59 plenum
335 938 152 59 corpore
445 938 180 59 sensibili
570 938 111 59 secun-

181 981 107 54 dum
242 981 168 54 tactum.
364 981 76 54 &
395 981 199 54 sensibile
532 981 153 54 secundum

176 1035 149 63 tactum
280 1035 104 63 est
340 1035 149 63 illud,
444 1035 119 63 quod
519 1035 134 63 habet
594 1035 89 63 gra-

177 1084 176 66 uitatem,
310 1084 103 66 aut
368 1084 206 66 leuitatem.
530 1084 118 66 Quid
589 1084 88 66 igi-

184 1133 97 66 tur
240 1133 153 66 dicunt,
351 1133 83 66 si
393 1133 153 66 aliquis
490 1133 195 66 interrogaue-

182 1181 95 61 rit
237 1181 109 61 eos,
305 1181 68 61 &
332 1181 163 61 dixerit,
454 1181 82 61 si
495 1181 163 61 dimensio
604 1181 82 61 reci

179 1228 101 69 pit
236 1228 174 69 colorem,
367 1228 101 69 aut
425 1228 145 69 sonum,
526 1228 130 69 quado
598 1228 87 69 per-

179 1292 171 43 cutitur,
307 1292 128 43 vtrum
393 1292 100 43 sit
450 1292 143 43 vacuu,
550 1292 100 43 aut
607 1292 100 43 non

167 1325 104 61 Sed
227 1325 104 61 est
286 1325 194 61 manifestu
436 1325 134 61 quod,
525 1325 89 61 si
555 1325 134 61 recipit

174 1378 153 63 corpus
281 1378 215 63 tangibile,
450 1378 107 63 est
511 1378 169 63 vacuum,
634 1378 77 63 &

185 1429 73 55 si
221 1429 86 55 non
270 1429 147 55 recipit,
381 1429 98 55 non.

165 1476 114 56 Cum
230 1476 212 56 destruxit
393 1476 277 56 descriptionem
605 1476 82 56 di-

177 1524 135 38 centem
271 1524 135 38 vacuum
365 1524 108 38 esse
433 1524 135 38 locum,
527 1524 81 38 in
568 1524 94 38 quo
622 1524 94 38 non

178 1558 94 51 est
231 1558 148 51 corpus,
339 1558 162 51 reuersus
460 1558 94 51 est
514 1558 81 51 ad
554 1558 121 51 alias
622 1558 67 51 de-

186 1597 211 51 scriptiones,
357 1597 66 51 &
384 1597 119 51 dixit
463 1597 79 51 Et
502 1597 119 51 etiam
568 1597 119 51 videmus

187 1637 107 46 quod
254 1637 134 46 vacuum
348 1637 148 46 dicitur
455 1637 94 46 Vno
509 1637 121 46 modo,
589 1637 94 46 &c.
629 1637 54 46 i.

183 1677 73 51 &
213 1677 161 51 videmus
329 1677 117 51 quod
402 1677 146 51 vacuum
490 1677 190 51 desciibitur

180 1717 142 48 multis
279 1717 142 48 modis.
379 1717 142 48 quorum
479 1717 114 48 Vnus
550 1717 114 48 est,
607 1717 71 48 qui

180 1755 99 49 est
237 1755 170 49 dimensio
364 1755 99 49 non
421 1755 128 49 plena
506 1755 156 49 corpore
605 1755 85 49 sen-

191 1792 99 42 sibili
260 1792 119 42 secundum
349 1792 109 42 tactum.
428 1792 79 42 D.d.
478 1792 49 42 &
497 1792 128 42 sensibile
586 1792 99 42 secundum

187 1833 133 45 tactum,
284 1833 85 45 &c.
332 1833 73 45 i.
368 1833 61 45 &
393 1833 157 45 contingit
514 1833 109 45 istis
586 1833 73 45 ex
610 1833 73 45 hoc,

181 1873 107 50 quod
248 1873 134 50 vacuum
342 1873 94 50 sit
395 1873 175 50 dimensio,
530 1873 81 50 in
570 1873 94 50 qua
624 1873 94 50 non

707 173 87 58 est
756 173 161 58 grauitas,
880 173 87 58 aut
930 173 136 58 leuitas
1029 173 136 58 tamenu.
1128 173 62 58 &
1141 173 74 58 ideo

713 217 117 51 lixit
791 217 104 51 Quid
856 217 130 51 icitur
947 217 143 51 dicunt,
1050 217 91 51 &c.
1102 217 78 51 i.
1141 217 65 51 &
1154 217 52 51 di

706 252 129 46 cendum
796 252 90 46 est
848 252 181 46 dicentibus
990 252 103 46 hoc,
1054 252 129 46 quando
1132 252 77 46 ista

710 295 173 43 dimensio
839 295 158 43 recipit
954 295 173 43 colorem,
1084 295 72 43 &
1098 295 115 43 sonum,

707 337 120 41 vtrum
787 337 94 41 sit
840 337 147 41 vacuum,
947 337 94 41 aut
1001 337 107 41 non.
1068 337 80 41 si
1095 337 120 41 vacuum,

704 373 124 40 tunc
782 373 155 40 vacuum
891 373 124 40 erit
969 373 124 40 vnum
1046 373 155 40 entium
1139 373 78 40 sen

708 413 171 53 sibilium
836 413 100 53 non
893 413 285 53 intelligibilium,
1121 413 85 53 quod

705 460 106 38 non
766 460 167 38 dicunt:
887 460 91 38 si
933 460 137 38 autem
1024 460 106 38 non
1069 460 137 38 vacuum,

709 493 118 48 tunc
783 493 147 48 vacuum
886 493 103 48 non
945 493 103 48 est
1004 493 147 48 illud,
1107 493 88 48 in
1136 493 74 48 quo

708 532 85 50 non
757 532 85 50 est
805 532 122 50 corpus
891 532 159 50 tangibile
1013 532 134 50 tamtum,
1110 532 85 50 sed
1159 532 73 50 in

710 569 89 51 quo
761 569 89 51 non
812 569 89 51 est
863 569 153 51 qualitas
978 569 191 51 tangibilis,
1118 569 89 51 neque

702 607 138 43 color,
799 607 124 43 neque
881 607 138 43 sonus.
977 607 110 43 D.d.
1046 607 96 43 Sed
1101 607 96 43 est
1142 607 69 43 ma-

703 645 179 45 nifestum,
841 645 96 45 &c.
896 645 83 45 i.
937 645 96 45 sed
993 645 165 45 deberent
1103 645 110 45 addere

704 685 72 52 in
740 685 181 52 definitione
885 685 96 52 quod
945 685 84 52 est
993 685 120 52 illud,
1077 685 72 52 in
1114 685 84 52 quo
1150 685 60 52 non

703 732 91 44 est
755 732 130 44 corpus
846 732 182 44 tangibile,
990 732 65 44 &
1016 732 143 44 recipit
1107 732 104 44 illud,

701 765 101 50 non
758 765 116 50 enim
831 765 174 50 sequitur
961 765 87 50 vt
1004 765 145 50 illud,
1106 765 87 50 in
1135 765 72 50 quo

705 804 92 49 non
757 804 92 49 est
810 804 131 49 corpus
901 804 183 49 tangibile,
1045 804 92 49 sit
1084 804 118 49 vacuum,

707 839 99 51 cum
764 839 142 51 coelum
863 839 99 51 sit
919 839 198 51 huiusmodi,
1075 839 113 51 quia
1132 839 71 51 est

702 881 136 48 illud,
798 881 82 48 in
839 881 95 48 quo
893 881 95 48 non
948 881 95 48 est
1002 881 164 48 qualitas
1112 881 95 48 tangi

700 917 136 41 bilis.
796 917 123 41 Dixit
877 917 150 41 Alexan.
986 917 68 41 &
1013 917 82 41 in
1054 917 109 41 alio
1109 917 95 41 libro

700 957 109 52 loco
768 957 123 52 eius,
850 957 82 52 in
891 957 95 52 quo
945 957 123 52 dicit
1027 957 109 52 quod
1095 957 95 52 non
1136 957 68 52 est

709 997 143 50 plenum
809 997 157 50 corpore
923 997 200 50 tangibili,
1080 997 100 50 est
1123 997 86 50 quod

711 1033 85 52 est
760 1033 122 52 plenum
845 1033 134 52 corpore
943 1033 171 52 tangibili.
1077 1033 61 52 &
1089 1033 122 52 secundum

704 1073 95 41 hoc
759 1073 177 41 intendunt
895 1073 95 41 per
950 1073 136 41 illud,
1045 1073 136 41 aelem.
1127 1073 82 41 aer-

701 1111 111 56 enim
771 1111 111 56 apud
840 1111 97 56 eos
896 1111 97 56 est
951 1111 194 56 sensibilis
1104 1111 97 56 per
1146 1111 69 56 ta-

703 1152 105 42 ctum
769 1152 145 42 tandum,
874 1152 66 42 &
900 1152 105 42 apud
966 1152 92 42 eos
1019 1152 92 42 est
1071 1152 145 42 vacuum:
1177 1152 66 42 &

702 1186 114 47 ideo
773 1186 213 47 crediderunt
944 1186 128 47 ipsum
1029 1186 114 47 esse
1086 1186 128 47 sensibi

706 1231 65 43 le
739 1231 76 43 per
782 1231 108 43 tactum
858 1231 119 43 tamenm.
945 1231 54 43 &
966 1231 130 43 secundum
1064 1231 76 43 hoc
1097 1231 108 43 contradi

700 1269 85 52 xit
748 1269 85 52 eis
797 1269 109 52 post,
870 1269 85 52 cum
918 1269 109 52 dixit
991 1269 146 52 quoniam,
1101 1269 85 52 cum
1137 1269 73 52 reci

706 1308 95 54 pit
761 1308 122 54 alias
842 1308 189 54 qualitates
991 1308 68 54 a
1004 1308 203 54 tangibilibus,

698 1356 144 31 vtrum
794 1356 176 31 remanet
922 1356 176 31 vacuum,
1050 1356 112 31 aut
1114 1356 128 31 non.

704 1388 72 54 si
740 1388 120 54 igitur
824 1388 144 54 remanet,
932 1388 168 54 destruetur
1052 1388 144 54 descriptio

703 1429 83 53 si
745 1429 96 53 non
800 1429 165 53 remanet,
923 1429 110 53 tunc
992 1429 138 53 vacuum
1075 1429 138 53 recipiet

699 1468 209 55 qualitates
864 1468 90 55 in
909 1468 120 55 loco
968 1468 150 55 corporum

735 1533 141 44 Alio
823 1533 247 44 autemmodo,
1017 1533 106 44 in
1070 1533 123 44 quo
1123 1533 88 44 non

699 1573 105 45 est
759 1573 105 45 hoc
819 1573 181 45 aliquid,
955 1573 136 45 neque
1030 1573 181 45 substantia

702 1621 160 51 aliqua
814 1621 208 51 corporea.
974 1621 176 51 Idcirco
1086 1621 128 51 quidam

699 1661 186 46 dicunt
829 1661 186 46 vacuum
959 1661 148 46 esse
1033 1661 186 46 corporum

696 1703 231 44 materiam:
874 1703 125 44 qui
945 1703 178 44 quidem
1070 1703 89 44 &
1088 1703 125 44 locum

693 1747 111 40 hoc
756 1747 127 40 idem
836 1747 206 40 dicentes,
994 1747 111 40 non
1057 1747 158 40 recte.
1152 1747 63 40 ma

699 1789 152 45 teria
800 1789 135 45 enim
885 1789 253 45 separabilis
1087 1789 118 45 non
1138 1789 84 45 est

709 1829 297 52 acorporibus:
950 1829 185 52 vacuum
1062 1829 148 52 autem,

705 1877 203 53 quaerunt,
862 1877 94 53 vt
893 1877 203 53 separabile.
