1416 2066
171 189 132 37 motum
259 189 88 37 de
303 189 176 37 sanitate
436 189 103 37 est
494 189 132 37 motum
582 189 88 37 ad
612 189 73 37 ae-

187 221 165 46 gritudinem,
319 221 77 46 sed
363 221 99 46 illa,
429 221 88 46 quae
485 221 88 46 suut
540 221 88 46 idem
584 221 110 46 secundum

191 258 160 40 subiectum,
316 258 57 40 &
339 258 126 40 diuersa
430 258 137 40 secundum
522 258 171 40 definitionem,

187 293 91 45 non
239 293 104 45 sunt
304 293 182 45 contraria.
448 293 65 45 &
474 293 91 45 non
526 293 130 45 posuit
604 293 91 45 istum

194 333 118 49 modum
272 333 78 49 in
312 333 118 49 prima
390 333 183 49 diuisione,
534 333 144 49 quoniam
626 333 65 49 ma-

184 368 150 52 nifestum
296 368 87 52 est
346 368 100 52 quod
408 368 87 52 est
458 368 100 52 idem
508 368 100 52 motus.

234 405 118 55 Neque
312 405 92 55 qui
365 405 92 55 est
417 405 79 55 ex
456 405 170 55 contrario
587 405 92 55 ei,
627 405 65 55 qui

180 445 98 45 est
236 445 84 45 ex
278 445 196 45 contrario.
432 445 126 45 simul
517 445 112 45 enim
573 445 126 45 accidit

182 493 90 42 ex
227 493 195 42 contrario
377 493 75 42 &
407 493 90 42 in
453 493 225 42 contrarium,
618 493 75 42 aut

179 532 90 46 in
224 532 165 46 medium.
344 532 135 46 verum
434 532 90 46 de
479 532 105 46 hoc
539 532 150 46 quidem
629 532 60 46 po

177 568 184 51 sterius
311 568 201 51 dicemus:
462 568 117 51 Sed
529 568 151 51 magis
630 568 101 51 in

179 608 225 42 contrarium
356 608 161 42 mutari
468 608 209 42 videbitur
613 608 80 42 cam

179 649 119 43 esse
253 649 282 43 contrarietatis,
491 649 119 43 quam
565 649 89 43 ex
595 649 89 43 com-

193 694 141 36 trario.
296 694 90 36 hic
347 694 103 36 enim
411 694 167 36 discessio
540 694 64 36 a
553 694 141 36 contrarie

177 729 129 49 tate,
263 729 115 49 ille
335 729 115 49 vero
407 729 187 49 acceptio.
550 729 129 49 atque
622 729 72 49 di-

178 780 140 46 citur
272 780 234 46 vnusquisque
459 780 109 46 en,
521 780 94 46 in
568 780 125 46 quod
631 780 62 46 mu

176 821 159 29 tatur
283 821 177 29 magis,
407 821 142 29 quam
495 821 124 29 eo,
566 821 106 29 ex
601 821 89 29 quo

189 853 84 37 vt
231 853 169 37 sanatio,
358 853 98 37 qui
414 853 84 37 in
456 853 197 37 sanitatem,
597 853 98 37 aegro

186 893 133 52 tatio
275 893 148 52 autem,
379 893 104 52 qui
438 893 89 52 in
468 893 222 52 aegritudinem.

183 929 222 53 Relinquitur
361 929 148 53 igitur
464 929 104 53 qui
523 929 104 53 est
582 929 89 53 in
612 929 74 53 com

182 976 164 42 traria,
301 976 74 42 &
331 976 104 42 qui
390 976 89 42 ad
435 976 193 42 contraria
584 976 89 42 ex
614 976 74 42 com

188 1012 185 55 trarijs.
327 1012 185 55 Torsitan
465 1012 154 55 igitur
558 1012 139 55 accidit

180 1053 123 45 eos,
257 1053 108 45 qui
318 1053 92 45 in
364 1053 215 45 contraria,
533 1053 77 45 &
564 1053 92 45 ex
595 1053 92 45 con-

192 1093 158 45 trarijs
306 1093 129 45 esse,
393 1093 100 45 sed
450 1093 129 45 ipsum
536 1093 115 45 esse
594 1093 100 45 forte

184 1137 98 52 non
240 1137 126 52 idem.
324 1137 112 52 dico
394 1137 126 52 autem
479 1137 98 52 qui
535 1137 98 52 est
591 1137 84 52 in
619 1137 70 52 sa-

190 1175 141 57 nitatem
293 1175 90 57 ei,
344 1175 90 57 qui
395 1175 90 57 est
446 1175 77 57 ex
484 1175 205 57 aegritudine,
651 1175 64 57 &

216 1220 71 38 ex
252 1220 141 38 sanitate
357 1220 82 38 ei,
405 1220 82 38 qui
452 1220 82 38 est
499 1220 71 38 in
522 1220 165 38 egritudinem,

232 1277 147 54 Neque,
335 1277 117 54 enim
408 1277 132 54 motus
496 1277 88 54 ex
526 1277 161 54 contrario

191 1317 87 61 est
240 1317 100 61 idem
303 1317 87 61 ei,
353 1317 87 61 qui
402 1317 87 61 est
452 1317 75 61 ex
490 1317 174 61 contrario.
614 1317 75 61 quo-

183 1363 99 48 nia
240 1363 156 48 necesse
353 1363 99 48 est
410 1363 85 48 vt
452 1363 99 48 cum
509 1363 113 48 motu
580 1363 85 48 ex
608 1363 85 48 com-

182 1410 141 48 trario
280 1410 98 48 sit
337 1410 127 48 motus
421 1410 112 48 etia
491 1410 84 48 ad
519 1410 169 48 contrariu,

182 1453 110 65 aut
245 1453 94 65 ad
292 1453 173 65 medium.
418 1453 110 65 sed
481 1453 142 65 sermo
576 1453 94 65 de
607 1453 79 65 hoc

178 1501 126 61 post
257 1501 299 61 determinabitur.
509 1501 126 61 Immo
572 1501 110 61 tran-

179 1548 151 63 statio
285 1548 91 63 ad
330 1548 211 63 contrarium
496 1548 136 63 magis
571 1548 121 63 existi

183 1596 136 60 matur
273 1596 121 60 esse
349 1596 136 60 causa
424 1596 257 60 contrarietatis.

182 1641 117 67 quam
255 1641 204 67 transtatio
416 1641 88 67 de
460 1641 204 67 contrario.
605 1641 88 67 ista

188 1685 106 62 enim
254 1685 186 62 translatio
400 1685 93 62 est
453 1685 173 62 separatio
586 1685 66 62 a
599 1685 93 62 cotra

184 1733 163 61 rietate,
306 1733 68 61 &
334 1733 108 61 ista
401 1733 95 61 est
456 1733 190 61 acquisitio
591 1733 95 61 eius,

175 1777 78 66 &
207 1777 187 66 quilibet
347 1777 203 66 nominatur
503 1777 94 66 ab
550 1777 140 66 illo,
628 1777 62 66 ad

711 180 118 57 quod
785 180 237 57 tranifertur,
978 180 104 57 non
1037 180 89 57 ex
1081 180 104 57 quo
1125 180 104 57 trans

705 237 147 45 fertur.
811 237 107 45 v.g.
878 237 147 45 quoniam
985 237 147 45 dicimus
1092 237 107 45 Soc.
1145 237 67 45 sa-

704 276 133 59 nari,
793 276 133 59 quado
882 276 222 59 transfertur
1060 276 89 59 ad
1090 276 133 59 sanita.

705 323 114 63 tem,
776 323 71 63 &
805 323 200 63 aegrotari,
962 323 129 63 quado
1033 323 186 63 transfertur

710 368 93 63 ad
757 368 264 63 aegritudinem.
975 368 171 63 Remanet
1083 368 140 63 igitur,

707 413 132 54 motus
796 413 88 54 ad
840 413 206 54 contraria,
1001 413 74 54 &
1031 413 132 54 motus
1119 413 88 54 de
1148 413 74 54 com

711 461 129 56 trarus
802 461 78 56 ad
841 461 181 56 contraria.
983 461 78 56 Et
1022 461 129 56 rectum
1112 461 104 56 est,
1164 461 52 56 vt

710 508 148 58 illud,
814 508 118 58 quod
887 508 162 58 mouetur
1005 508 89 58 ad
1035 508 177 58 contraria,

705 556 159 46 necesse
820 556 101 46 est
878 556 87 46 vt
922 556 174 46 moueatur
1052 556 87 46 ex
1081 556 130 46 contra-

712 599 106 67 ris,
778 599 93 67 sed
831 599 120 67 forte
911 599 160 67 essentia
1031 599 93 67 non
1084 599 93 67 est
1124 599 93 67 eadem

709 648 153 49 scilicet
824 648 127 49 quonia
913 648 114 49 motus
989 648 76 49 ad
1027 648 165 49 sanitatem
1154 648 89 49 non

709 692 99 63 est
766 692 114 63 idem
837 692 99 63 cum
893 692 114 63 motu
965 692 85 63 ad
993 692 213 63 aegritudinem,

748 740 98 46 Hic
804 740 112 46 vult
874 740 125 46 loqui
957 740 70 46 d
985 740 167 46 reliquis
1097 740 112 46 modis,

713 781 59 37 &
737 781 119 37 dicit:
820 781 107 37 Neque
891 781 107 37 motus
963 781 107 37 etiam
1034 781 83 37 est
1069 781 143 37 contrarius

710 817 96 41 motui
774 817 118 41 tantdum
860 817 128 41 secundum
956 817 193 41 contrarietatem
1117 817 96 41 eius,
1170 817 43 41 ex

709 853 90 52 quo
761 853 90 52 est
812 853 116 52 alter
889 853 128 52 motus,
979 853 90 52 ei,
1030 853 77 52 ex
1069 853 90 52 quo
1120 853 90 52 est
1159 853 51 52 re

714 901 134 30 liquus,
811 901 134 30 quoniam
909 901 146 30 quilibet
1018 901 85 30 duo
1067 901 110 30 motus
1128 901 85 30 tales

712 926 157 44 inueniuntur
837 926 136 44 contrarij
941 926 125 44 secundum
1035 926 115 44 illuem,
1119 926 63 44 ad
1140 926 73 44 quod,

708 968 93 39 sicut
770 968 144 39 iueniuntur
883 968 113 39 arratii
966 968 124 39 secundum
1058 968 103 39 illem,
1131 968 62 39 ex
1151 968 62 39 quo,

710 1005 63 38 Et
741 1005 84 38 quia
793 1005 84 38 ista
846 1005 167 38 ratiocinatio
982 1005 73 38 non
1024 1005 126 38 sufficit
1107 1005 105 38 scilicet

711 1040 67 46 vt
744 1040 100 46 motus
811 1040 78 46 non
855 1040 89 46 sint
911 1040 156 46 contrarijl
1033 1040 133 46 secundum
1122 1040 89 46 illud,

709 1083 84 47 ex
751 1083 112 47 quo,
821 1083 126 47 tales
905 1083 126 47 motus
990 1083 210 47 inuenisitur
1144 1083 70 47 con

711 1116 114 50 trarij
791 1116 137 50 secundum
894 1116 114 50 illud,
974 1116 69 50 ad
1008 1116 103 50 quod,
1077 1116 80 50 cum
1111 1116 103 50 aliquis

711 1152 97 48 pont
771 1152 121 48 dicere
856 1152 97 48 quod
916 1152 85 48 hoc
964 1152 133 48 accidit
1061 1152 133 48 motibus
1146 1152 72 48 com-

711 1190 104 46 trarijs
786 1190 113 46 scilicet
871 1190 75 46 hoc,
918 1190 75 46 quod
965 1190 75 46 sunt
1012 1190 56 46 ad
1040 1190 132 46 contraria,
1144 1190 47 46 &
1163 1190 75 46 quod

715 1228 199 47 contrarietas
877 1228 87 47 non
926 1228 162 47 inuenitur
1051 1228 75 47 in
1088 1228 100 47 eis,
1138 1228 75 47 nisi

712 1268 118 46 secundum
801 1268 79 46 quod
850 1268 79 46 sunt
899 1268 59 46 ex
928 1268 88 46 rebus
987 1268 147 46 contrarijs,
1105 1268 98 46 dixit:
1164 1268 49 46 sed

708 1303 108 44 sermo
780 1303 72 44 de
816 1303 96 44 hoc,
876 1303 84 44 &c.
924 1303 72 44 i.
960 1303 60 44 &
985 1303 72 44 in
1021 1303 96 44 fine
1081 1303 120 44 istius
1153 1303 60 44 ser

704 1340 139 50 monis.
801 1340 194 50 D.incoepit
954 1340 180 50 declarare
1092 1340 111 50 quod
1148 1340 69 50 non

706 1381 98 44 pont
767 1381 135 44 aliquis
866 1381 123 44 dicere
952 1381 98 44 quod
1013 1381 197 44 contrarietas
1161 1381 49 44 mo

710 1422 91 36 tuum
767 1422 137 36 secundum
869 1422 114 36 illud.
949 1422 68 36 ad
983 1422 103 36 quod,
1052 1422 80 36 est
1098 1422 126 36 accins,
1189 1422 57 36 &

713 1452 127 54 secundum
809 1452 95 54 illud
872 1452 64 54 ex
904 1452 85 54 qno,
957 1452 74 54 est
999 1452 74 54 per
1042 1452 74 54 se,
1084 1452 53 54 &
1105 1452 106 54 dixit:
1169 1452 42 54 Im

710 1490 83 49 mo
752 1490 207 49 translatio,
917 1490 96 49 &c.
972 1490 83 49 i.
1013 1490 110 49 immo
1082 1490 124 49 magis
1151 1490 69 49 est

710 1526 217 45 existimandum
887 1526 108 45 quod
954 1526 136 45 transl
1049 1526 108 45 atio
1104 1526 108 45 motuum

703 1566 80 36 ad
743 1566 173 36 contraria
876 1566 93 36 est
929 1566 120 36 causa
1009 1566 80 36 in
1035 1566 173 36 contrarieta

711 1605 72 46 te
747 1605 132 46 motuum,
843 1605 96 46 quam
903 1605 168 46 translatio
1035 1605 72 46 de
1059 1605 156 46 contrarijs.

723 1637 161 44 D.dedit
840 1637 176 44 rationem
972 1637 132 44 super
1060 1637 117 44 hoc,
1133 1637 73 44 &
1148 1637 73 44 di-

702 1676 92 38 xit:
760 1676 92 38 ista
818 1676 173 38 translatio,
956 1676 81 38 &c.
1002 1676 69 38 i.
1037 1676 58 38 &
1060 1676 104 38 causa
1129 1676 69 38 in
1152 1676 58 38 hoc

711 1712 103 42 est,
775 1712 103 42 quia
840 1712 180 42 translatio
981 1712 90 42 rei
1033 1712 116 42 motae
1110 1712 77 42 de
1136 1712 77 42 con-

708 1749 150 50 trario,
818 1749 68 50 a
845 1749 96 50 quo
900 1749 164 50 mouetur,
1023 1749 96 50 est
1064 1749 150 50 separatio

710 1787 80 40 ab
750 1787 120 40 illo,
830 1787 67 40 &
857 1787 187 40 translatio
1003 1787 107 40 eius
1070 1787 80 40 ad
1097 1787 120 40 contra
