1416 2066
139 173 179 62 secundum
274 173 164 62 partem,
393 173 90 62 et
438 173 134 62 illud
528 173 120 62 quod
587 173 75 62 est

147 226 145 60 primo,
249 226 102 60 non
307 226 102 60 per
365 226 145 60 aliud,
467 226 87 60 v.
511 226 87 60 g.
540 226 116 60 quonio

153 268 216 62 trasmutatio
326 268 202 62 albificati
484 268 86 62 ad
513 268 144 62 intelle-

156 316 116 63 ctum,
233 316 90 63 est
285 316 193 63 trasmutatio
439 316 90 63 per
490 316 167 63 accidens:
606 316 51 63 i-

160 363 136 63 telligi
259 363 74 63 en
296 363 87 63 est
345 363 136 63 accides
444 363 136 63 colori:
544 363 74 63 et
568 363 87 63 tras-

156 412 162 55 mutatio
274 412 118 55 eius
348 412 88 55 ad
392 412 177 55 colorem,
524 412 118 55 quia
583 412 74 55 al-

156 457 104 58 bum
216 457 104 58 est
275 457 119 58 pars
350 457 179 58 coloris:
484 457 75 58 &
499 457 164 58 similiter

150 505 240 58 transfertur
342 505 96 58 ad
390 505 192 58 Europam,
533 505 160 58 quando

157 549 261 63 transfertur
366 549 105 63 ad
418 549 209 63 Athenas,
557 549 105 63 quia

152 597 168 61 Athenae
274 597 122 61 sunt
350 597 122 61 pars
426 597 183 61 Europae:
548 597 107 61 tras-

155 642 167 56 mutatio
276 642 121 56 vero
352 642 121 56 eius
428 642 91 56 ad
473 642 167 56 colorem
579 642 76 56 al-

153 686 115 52 bum
218 686 115 52 est
284 686 115 52 per
349 686 115 52 se.
415 686 230 52 Declaratum
579 686 82 52 est

139 737 168 60 igitur,
261 737 168 60 quomodo
384 737 107 60 est
445 737 138 60 motus
537 737 107 60 per
582 737 77 60 se,

156 781 79 62 &
188 781 173 62 quomodo
313 781 110 62 per
376 781 204 62 accidens,
533 781 94 62 et
565 781 94 62 quo-

154 829 130 62 modo
235 829 114 62 per
300 829 163 62 aliud,
415 829 82 62 &
447 829 179 62 quomodo
561 829 98 62 erit

160 876 122 54 esse
236 876 137 54 primo
327 876 91 54 in
372 876 167 54 motore,
494 876 76 54 &
524 876 91 54 in
555 876 106 54 moto:

160 914 91 69 et
205 914 106 69 est
266 914 211 69 declaratum
432 914 121 69 quod
507 914 136 69 motus
583 914 75 69 non

163 965 107 62 est
224 965 92 62 in
270 965 153 62 forma,
376 965 107 62 sed
437 965 92 62 in
483 965 137 62 moto,
575 965 76 62 &
590 965 76 62 est

157 1017 158 49 motum
262 1017 105 49 in
297 1017 123 49 actu.

190 1069 101 45 Et,
247 1069 116 45 quia
320 1069 101 45 iam
378 1069 203 45 narrauimus
537 1069 130 45 prius
609 1069 58 45 mo

159 1109 105 45 tum
219 1109 120 45 quid
294 1109 120 45 sit,
369 1109 75 45 &
399 1109 225 45 definiuimus
563 1109 90 45 eum,

163 1148 87 45 quia
217 1148 76 45 est
261 1148 141 45 perfectio
369 1148 98 45 moti,
434 1148 130 45 secundum
532 1148 87 45 quod
586 1148 76 45 est
619 1148 43 45 mo

161 1186 94 41 tum,
220 1186 164 41 manifestum
349 1186 82 41 est
396 1186 94 41 quod
455 1186 117 41 forma,
537 1186 59 41 &
560 1186 82 41 est
595 1186 59 41 il-

157 1223 103 42 lud,
221 1223 77 42 ad
260 1223 103 42 quod
324 1223 90 42 est
375 1223 115 42 motus
452 1223 77 42 in
478 1223 179 42 generatione,

158 1260 92 46 est
211 1260 185 46 immobilis,
356 1260 66 46 &
382 1260 171 46 similiter
501 1260 158 46 passiones,

141 1296 129 42 qusunt
231 1296 90 42 id,
283 1296 77 42 ad
321 1296 103 42 quid
386 1296 90 42 est
437 1296 116 42 motus
514 1296 77 42 in
540 1296 116 42 altera-

164 1337 106 47 tione,
239 1337 53 47 &
260 1337 138 47 similiter
366 1337 106 47 locus,
441 1337 53 47 &
462 1337 74 47 est
505 1337 106 47 illud,
579 1337 64 47 ad
600 1337 64 47 quod

167 1375 86 35 est
216 1375 111 35 motus
290 1375 98 35 sinm
351 1375 209 35 translatione.
524 1375 111 35 motus
585 1375 74 35 enim

164 1412 89 38 non
215 1412 89 38 est
266 1412 165 38 perfectio
393 1412 152 38 alicuius
507 1412 152 38 istorum.
608 1412 51 38 D.

158 1450 123 40 dedit
240 1450 163 40 exemplum
363 1450 82 40 de
403 1450 191 40 qualitate,
553 1450 68 40 &
567 1450 95 40 dixit

167 1485 62 52 v.
198 1485 62 52 g.
229 1485 93 52 seia,
291 1485 52 52 &
311 1485 103 52 calor,
384 1485 62 52 i.
415 1485 114 52 quoniam
498 1485 93 52 istae
549 1485 114 52 passiones

154 1534 96 29 non
209 1534 164 29 mouentur
332 1534 96 29 per
387 1534 123 29 motum
456 1534 205 29 alterationis,

160 1563 93 39 cum
213 1563 106 39 sint
279 1563 120 39 fines
359 1563 120 39 eius.
439 1563 106 39 D.d.
505 1563 93 39 Sed
559 1563 93 39 hic
599 1563 66 39 est

160 1596 157 47 quaestio,
280 1596 84 47 &c.
329 1596 72 47 i.
365 1596 72 47 &,
401 1596 96 47 quia
461 1596 157 47 passiones
570 1596 84 47 diui-

159 1643 125 44 duntur
247 1643 150 44 secundum
360 1643 125 44 magis,
447 1643 63 44 &
472 1643 138 44 minuns,
572 1643 63 44 &
585 1643 75 44 pro-

157 1666 108 56 pter
224 1666 257 56 transmutationem
440 1666 176 56 sequentem
562 1666 95 56 illas

158 1708 199 47 existimatur
317 1708 106 47 quod
384 1708 133 47 albedo
477 1708 93 47 est
530 1708 133 47 motus,
623 1708 66 47 &

160 1748 95 35 sic
215 1748 123 35 motus
297 1748 82 35 ad
338 1748 123 35 illam
420 1748 109 35 erit
488 1748 123 35 motus
570 1748 82 35 ad
597 1748 68 35 mo-

165 1785 103 41 tum.
230 1785 77 41 &,
268 1785 103 41 quia
333 1785 193 41 inanifestum
487 1785 90 41 est
539 1785 103 41 quod
591 1785 77 41 albe

680 180 90 38 do
725 180 105 38 est
785 180 134 38 forma
874 180 194 38 quiescens
1024 180 209 38 immobilis:

677 212 74 51 &
707 212 103 51 qui
766 212 148 51 fingit
869 212 133 51 ipsam
958 212 162 51 moueri,
1076 212 103 51 non
1120 212 74 51 est

679 252 182 39 loquendum
819 252 98 39 cum
875 252 84 39 eo
917 252 84 39 in
960 252 98 39 hac
1016 252 140 39 senia.
1100 252 84 39 D.d.

682 287 93 43 sed
735 287 146 43 dignius
841 287 93 43 est
894 287 80 43 vt
934 287 199 43 albificatio
1094 287 93 43 sit
1134 287 53 43 mo

679 325 103 49 tus,
743 325 90 49 non
795 325 141 49 albedo,
897 325 77 49 i.
936 325 90 49 sed
987 325 141 49 apparet
1090 325 90 49 per
1129 325 51 49 se

686 361 98 50 quod
747 361 185 50 albificatio
895 361 86 50 est
944 361 123 50 motus,
1030 361 86 50 non
1067 361 111 50 albedo,

678 401 81 45 ad
718 401 107 45 quam
785 401 94 45 est
839 401 121 45 motus
919 401 255 45 albificationis.
1121 401 67 45 Et,

682 437 102 53 quia
746 437 141 53 accidit
848 437 90 53 ei,
900 437 77 53 ad
938 437 102 53 quod
1002 437 90 53 est
1053 437 128 53 motus,
1130 437 51 53 vt

678 483 71 39 in
714 483 71 39 eo
749 483 166 39 inueniatur
879 483 118 39 illud,
962 483 95 39 quid
1021 483 83 39 est
1069 483 83 39 per
1116 483 83 39 se,
1152 483 36 39 &

674 516 117 50 illud,
756 516 94 50 quid
815 516 82 50 est
861 516 82 50 per
908 516 152 50 accidens,
1025 516 58 50 &
1049 516 117 50 illud,
1119 516 70 50 quid

681 554 69 50 em
716 554 138 50 secundum
820 554 127 50 partem,
912 554 138 50 narrauit
1016 554 81 50 hoc
1062 554 69 50 ne
1085 554 104 50 aliquis

682 589 200 48 deciperetur,
845 589 63 48 &
870 589 75 48 d.
908 589 75 48 Et
945 589 75 48 in
983 589 125 48 illis,
1070 589 88 48 &c.
1120 589 75 48 i.
1145 589 38 48 &

678 629 76 37 in
716 629 114 37 illo,
792 629 76 37 ad
830 629 101 37 quod
894 629 89 37 est
944 629 127 37 motus,
1020 629 165 37 inueniuitur

681 665 117 41 etiam
759 665 104 41 illi
824 665 104 41 tres
889 665 117 41 modi,
966 665 104 41 quos
1018 665 169 41 numerauimus

686 700 61 52 i
710 700 135 52 motore,
808 700 61 52 &
833 700 110 52 moto.
907 700 74 52 v.
944 700 74 52 g.
980 700 74 52 in
1017 700 110 52 illo,
1091 700 74 52 ad
1115 700 74 52 quod

680 740 102 48 est
739 740 232 48 transmutatio
927 740 102 48 per
985 740 189 48 accidens,
1116 740 87 48 est,

678 776 237 50 transmutatio
871 776 119 50 albi
945 776 89 50 ad
989 776 119 50 hoc,
1064 776 119 50 quod
1123 776 74 50 sit

684 810 160 48 intellectum
812 810 128 48 scilicet
908 810 64 48 ad
940 810 85 48 hoc,
993 810 85 48 quod
1035 810 160 48 intelligatur,

674 853 76 37 ab
712 853 140 37 homine.
814 853 140 37 quoniam
916 853 89 37 hoc
967 853 89 37 est
1018 853 102 37 albi
1081 853 89 37 per
1119 853 64 37 ac-

686 887 136 46 cidens,
784 887 86 46 cum
834 887 123 46 illud,
920 887 99 46 quid
981 887 197 46 albificatur,
1129 887 62 46 non

676 924 140 39 habet
770 924 171 39 naturam
894 924 93 39 vt
941 924 249 39 transmutetur
1128 924 62 39 ad

678 965 103 47 hoc,
742 965 77 47 vt
781 965 90 47 sit
832 965 205 47 intellectum,
999 965 103 47 nisi
1063 965 90 47 per
1101 965 90 47 acci-

678 1001 135 40 dens.
768 1001 75 40 &
798 1001 105 40 hoc
858 1001 210 40 intendebat
1022 1001 105 40 cum
1067 1001 120 40 dixit:

686 1036 134 53 intelligi
789 1036 83 53 enim
840 1036 72 53 &c.
882 1036 62 53 i.
913 1036 114 53 quoniam
995 1036 134 53 intelligi
1098 1036 72 53 est
1129 1036 52 53 ac-

681 1074 131 41 cidens,
776 1074 95 41 quod
836 1074 131 41 accidit
931 1074 83 41 ei,
979 1074 95 41 quid
1026 1074 167 41 transmutatur

675 1110 90 43 ad
720 1110 181 43 colorem,
856 1110 75 43 &
886 1110 105 43 est
946 1110 151 43 album.
1051 1110 90 43 Et
1082 1110 105 43 exem-

679 1150 98 49 plum
740 1150 111 49 eius,
814 1150 98 49 quod
876 1150 135 49 dicitur
974 1150 185 49 transmutari
1109 1150 74 49 gra-

679 1186 87 40 tia
728 1186 137 40 partis,
828 1186 100 40 est,
891 1186 75 40 vt
928 1186 87 40 cum
978 1186 137 40 dicimus
1078 1186 87 40 hoc
1116 1186 62 40 al-

674 1221 114 45 bum
739 1221 260 45 demonstratum
950 1221 243 45 transmutari
1128 1221 65 45 ad

684 1261 145 45 colorari:
795 1261 123 45 quoniam
884 1261 78 45 non
929 1261 123 45 dicitur
1018 1261 145 45 colorari,
1118 1261 67 45 nisi

682 1296 89 48 quia
738 1296 179 48 transmutatur
883 1296 67 48 ad
917 1296 112 48 partem
995 1296 123 48 coloris
1073 1296 112 48 scilicet

676 1333 87 45 ad
719 1333 160 45 aliquam
835 1333 160 45 speciem
951 1333 131 45 eius.
1038 1333 73 45 &
1067 1333 102 45 hoc
1111 1333 73 45 in-

687 1380 166 30 tendebat,
815 1380 89 30 cum
866 1380 127 30 dixit:
955 1380 204 30 transmutatio
1108 1380 76 30 eius

676 1409 91 42 ad
721 1409 183 42 colorem,
858 1409 106 42 &c.
919 1409 91 42 i.
965 1409 91 42 &,
1010 1409 106 42 cum
1056 1409 137 42 dicimus

681 1445 135 50 album
771 1445 195 50 colorari,
921 1445 165 50 dicimus
1041 1445 120 50 hoc,
1101 1445 90 50 quia

683 1490 215 44 transmutatur
858 1490 81 44 ad
898 1490 135 44 partem
992 1490 162 44 coloris,
1113 1490 67 44 &
1127 1490 67 44 est

679 1524 169 47 albedo.
801 1524 169 47 D.dedit
924 1524 184 47 exemplum
1062 1524 92 47 de
1108 1524 107 47 mo

680 1558 76 44 tu
718 1558 227 44 translationis,
907 1558 63 44 &
932 1558 126 44 dixit:
1021 1558 63 44 &
1033 1558 164 44 transsertur

682 1596 79 49 ad
721 1596 158 49 Europam,
839 1596 105 49 quia
905 1596 197 49 transfertur
1063 1596 79 49 ad
1089 1596 92 49 Athe-

684 1631 109 48 nas.
753 1631 82 48 i.
794 1631 68 48 &
821 1631 150 48 dicimus
930 1631 150 48 aliquid
1026 1631 164 48 transferri

680 1672 80 43 ad
720 1672 147 43 aliquem
827 1672 134 43 locum,
920 1672 107 43 quia
987 1672 201 43 transfertur
1134 1672 54 43 ad

686 1710 119 44 partem
769 1710 119 44 illius
852 1710 95 44 rei,
911 1710 83 44 cui
959 1710 178 44 attribuitur
1089 1710 95 44 trans-

682 1753 126 45 latio.
771 1753 101 45 vig.
834 1753 88 45 vt,
885 1753 88 45 cum
935 1753 139 45 dicimus
1036 1753 101 45 quod
1087 1753 101 45 Socra.

689 1785 122 41 trans
771 1785 136 41 fertur
866 1785 82 41 ad
907 1785 190 41 Hispaniam,
1056 1785 122 41 licet
1124 1785 68 41 non
