1416 2066
200 181 71 52 &
228 181 100 52 hoc
285 181 213 52 intendebat,
456 181 100 52 cum
513 181 142 52 dixit,
612 181 100 52 per
655 181 71 52 se,

209 226 67 52 &
235 226 108 52 alio
303 226 121 52 modo.
384 226 67 52 &
410 226 108 52 ista
478 226 94 52 est
532 226 188 52 dispositio
666 226 54 52 lo

210 275 80 40 ci.
255 275 125 40 quoniam
346 275 102 40 alius
415 275 80 40 est
460 275 148 40 communis,
574 275 57 40 &
597 275 114 40 alius,
665 275 57 40 pro

218 307 139 48 prius.
315 307 97 48 non
371 307 111 48 enim
440 307 139 48 corpus
524 307 194 48 attribuitur,

210 345 111 50 loco
279 345 166 50 communi,
404 345 111 50 nisi
473 345 152 50 propter
584 345 111 50 hoc,
640 345 83 50 quid

214 388 169 49 attribuitur
349 388 135 49 proprio.
450 388 68 49 v.
484 388 68 49 g.
518 388 124 49 quoniam
608 388 113 49 dicere
676 388 45 49 So

213 422 143 48 tratem
313 422 114 48 esse
384 422 86 48 in
427 422 143 48 mundo,
527 422 114 48 est,
598 422 114 48 quia
656 422 71 48 est

212 461 82 50 in
253 461 123 50 aere,
335 461 95 50 qui
390 461 95 50 est
444 461 109 50 pars
512 461 136 50 mundi.
608 461 68 50 &
622 461 95 50 dicit

206 500 113 47 ipsum
282 500 100 47 esse
345 500 75 47 in
382 500 113 47 aere,
457 500 100 47 quia
520 500 88 47 est
570 500 75 47 in
608 500 88 47 suo
646 500 75 47 com-

212 538 121 47 cauo
288 538 212 47 continente
454 538 152 47 ipsum,
560 538 152 47 absque
651 538 61 47 eo

213 585 104 44 quod
278 585 91 44 sit
330 585 130 44 maius,
421 585 91 44 aut
474 585 117 44 minus
552 585 117 44 ipso.
630 585 78 44 &,
656 585 65 44 cum

215 618 110 40 hoc
278 618 235 40 fundamentum
466 618 157 40 fuerit
560 618 157 40 positum,

218 653 93 53 icet
276 653 93 53 quod
335 653 105 53 locus
404 653 81 53 est
451 653 128 53 vltimum
544 653 81 53 rei
590 653 93 53 sibi
637 653 81 53 aequa

203 693 79 53 le,
248 693 170 53 existimatur
384 693 91 53 quod
441 693 102 53 locus
509 693 79 53 est
555 693 114 53 forma,
623 693 102 53 quoniam

199 734 139 44 forma
291 734 108 44 est
353 734 170 44 vltimum
476 734 123 44 rei,
553 734 123 44 quam
615 734 108 44 conti

200 773 112 45 net,
270 773 70 45 &
298 773 168 45 terminat
424 773 168 45 materiam
550 773 112 45 eius
606 773 112 45 etiam.

211 815 87 35 Et
254 815 173 35 deceptio
384 815 87 35 in
427 815 101 35 hoc
485 815 159 35 sermone
600 815 101 35 est
644 815 72 35 du-

217 847 102 52 plex.
285 847 124 52 quoniam
375 847 102 52 finis
443 847 124 52 dicitur
533 847 68 52 de
567 847 102 52 loco,
635 847 57 52 &
646 847 68 52 for-

212 886 92 56 ma
258 886 214 56 aequiuoce.
425 886 76 56 &
456 886 137 56 etiam
532 886 183 56 argumenta-

219 928 94 43 tio
272 928 94 43 est
326 928 80 43 ex
366 928 134 43 duabus
459 928 214 43 affirmatiuis
633 928 80 43 in
660 928 53 43 se

217 967 140 52 cunda
295 967 140 52 figura.

255 1004 113 56 Sic
319 1004 129 56 ergo
400 1004 323 56 consyderantibus,
658 1004 65 56 lo

214 1050 108 41 cus
275 1050 263 41 vniuscuiusque
492 1050 139 41 forma
585 1050 124 41 est.
647 1050 77 41 qua

214 1093 134 45 tenus
304 1093 134 45 autem
393 1093 164 45 videtur
512 1093 134 45 locus
602 1093 119 45 esse
661 1093 60 45 di

210 1133 197 45 stantia,
357 1133 263 45 magnitudinis
555 1133 164 45 materia.

215 1177 121 42 haec
291 1177 152 42 nanque
397 1177 167 42 diuersa
518 1177 106 42 est
579 1177 76 42 a
594 1177 121 42 magni-

206 1220 177 51 tudine,
334 1220 129 51 haec
415 1220 145 51 autem
511 1220 112 51 est
575 1220 112 51 id,
624 1220 96 51 quod

208 1260 216 47 continetur
377 1260 108 47 sub
439 1260 154 47 forma,
547 1260 93 47 ac
578 1260 139 47 defini-

199 1300 119 54 tur,
274 1300 89 54 vt
318 1300 104 54 sub
378 1300 149 54 plano,
482 1300 89 54 ac
527 1300 179 54 termino.
646 1300 75 54 est

213 1350 142 37 autem
308 1350 126 37 tale
386 1350 189 37 materia,
528 1350 79 37 &
544 1350 173 37 indefini-

215 1388 131 46 tum.
297 1388 115 46 cum
362 1388 131 46 enim
444 1388 246 46 remoueantur
625 1388 98 46 ter-

205 1435 156 47 minus,
314 1435 78 47 &
346 1435 202 47 passiones
501 1435 78 47 a
532 1435 187 47 sphaera,
657 1435 62 47 re

210 1475 196 39 linquitur
361 1475 136 39 nihil
451 1475 166 39 praeter
557 1475 166 39 materiam.

209 1517 237 49 Quamobrem
391 1517 91 49 &
427 1517 164 49 Plato
519 1517 200 49 materiam,

203 1556 283 45 &receptaculum
437 1556 133 45 idem
520 1556 133 45 esse
603 1556 117 45 ait
653 1556 67 45 in

213 1599 185 44 Timaeo.
348 1599 252 44 susceptiuum
549 1599 134 44 enim
633 1599 84 44 &
650 1599 67 44 re

213 1650 234 33 ceptaculum
397 1650 150 33 vnum,
497 1650 83 33 &
530 1650 150 33 idem.
614 1650 100 33 alio

210 1692 134 38 vero
294 1692 134 38 modo
378 1692 84 38 &
411 1692 117 38 ibi
478 1692 168 38 dicens
579 1692 134 38 susce-

206 1731 176 47 ptiuum,
334 1731 80 47 &
366 1731 96 47 in
414 1731 128 47 ijs,
494 1731 128 47 quae
558 1731 160 47 vocantur

213 1769 114 41 non
278 1769 179 41 scripta
408 1769 195 41 dogmata,
554 1769 146 41 locum
636 1769 81 41 ta-

211 1813 143 46 men,
301 1813 90 46 &
337 1813 287 46 receptaculum
570 1813 143 46 idem
641 1813 72 46 es

202 1852 96 46 se
234 1852 209 46 declarauit.

779 181 122 62 Cum
848 181 174 62 igitur
970 181 278 62 inspexerimus
1178 181 87 62 hoc

737 228 138 62 modo,
829 228 123 62 erit
905 228 138 62 locus
997 228 138 62 forma
1074 228 184 62 cuiuslibet

733 276 127 63 rei.
812 276 190 63 secundum
955 276 127 63 vero
1034 276 127 63 quod
1097 276 158 63 existima

732 325 99 64 tur
788 325 113 64 quod
859 325 127 64 locus
944 325 99 64 est
1000 325 169 64 dimesio,
1127 325 113 64 quae
1183 325 71 64 est

735 377 180 49 mensurae,
873 377 97 49 est
929 377 166 49 materia.
1053 377 166 49 dimensio
1164 377 83 49 enim

733 424 109 63 est
796 424 141 63 aliud
890 424 78 63 a
921 424 250 63 magnitudine.
1124 424 78 63 &
1140 424 109 63 dimen

735 474 97 60 sio
790 474 97 60 est
846 474 138 60 illud,
942 474 110 60 quod
1011 474 166 60 continet
1122 474 124 60 formam,

732 522 77 67 &
762 522 216 67 determinat
932 522 154 67 illud,
1039 522 92 67 v.
1086 522 108 67 gr.
1132 522 123 67 illud,

730 568 127 67 quod
809 568 190 67 continet
952 568 174 67 planum,
1078 568 79 67 &
1094 568 158 67 vltimum.

742 629 73 53 &
772 629 117 53 ista
845 629 103 53 est
904 629 205 53 dispositio
1065 629 191 53 materiae,
1197 629 44 53 &

728 669 136 46 eius,
818 669 121 46 quod
894 669 106 46 non
954 669 106 46 est
1015 669 226 46 terminatum.
1181 669 75 46 cum

730 717 131 52 enim
812 717 180 52 auferes
943 717 82 52 a
976 717 180 52 materia
1090 717 148 52 vltimu,

738 764 77 62 &
768 764 279 62 dispositiones,
1001 764 139 62 nihil
1078 764 186 62 remanebit,

736 813 122 61 nisi
812 813 183 61 materia.
949 813 91 61 Et
994 813 122 61 ideo
1070 813 137 61 dixit
1147 813 106 61 Plate

731 860 98 62 in
780 860 163 62 Timaeo
893 860 130 62 quod
975 860 195 62 materia,
1121 860 81 62 &
1137 860 114 62 locus

732 908 120 62 sunt
807 908 134 62 idem.
896 908 134 62 illud
986 908 120 62 enim
1061 908 120 62 quod
1121 908 134 62 recipit

730 957 252 45 mutationem,
931 957 84 45 &
965 957 151 45 locus
1066 957 134 45 sunt
1133 957 117 45 idem.

739 1005 94 64 sed
792 1005 121 64 illic
873 1005 175 64 disposuit
1008 1005 135 64 illud,
1103 1005 108 64 quod
1157 1005 94 64 reci-

730 1053 113 61 pit
795 1053 227 61 mutationem
973 1053 130 61 alio
1054 1053 130 61 modo
1135 1053 97 61 ab
1167 1053 65 61 eo

737 1100 99 62 quo
794 1100 184 62 disposuit
935 1100 128 62 ipsum
1020 1100 85 62 in
1063 1100 113 62 suis
1119 1100 128 62 opinio-

737 1148 132 62 nibus,
829 1148 105 62 quae
895 1148 158 62 dicuntur
1014 1148 105 62 sine
1080 1148 145 62 titulo,
1185 1148 92 62 sed

734 1196 202 63 iudicauit
890 1196 125 63 quod
968 1196 156 63 locus,
1077 1196 78 63 &
1092 1196 156 63 subiectu

741 1244 129 46 unt
796 1244 129 46 idem.

777 1309 111 53 Vult
847 1309 181 53 declarare
986 1309 111 53 quod
1055 1309 125 53 locus
1139 1309 97 53 est
1180 1309 70 53 val

737 1348 80 50 de
777 1348 146 50 similis
883 1348 173 50 materiae,
1016 1348 66 50 &
1043 1348 106 50 quod
1109 1348 93 50 hoc
1149 1348 93 50 indu-

731 1389 108 37 xit
792 1389 186 37 Platonem
932 1389 93 37 ad
978 1389 248 37 existimandum
1164 1389 77 37 lo-

738 1425 100 42 cum
795 1425 114 42 esse
866 1425 186 42 materiam,
1009 1425 71 42 &
1038 1425 143 42 dixit:
1124 1425 114 42 secun-

739 1468 105 39 dum
799 1468 120 39 vero
874 1468 120 39 quod
950 1468 241 39 existimatur,
1131 1468 120 39 &caet.

735 1508 81 38 id
776 1508 95 38 est
830 1508 95 38 qui
885 1508 122 38 autem
966 1508 176 38 existimat
1102 1508 109 38 quod
1156 1508 95 38 locus

741 1542 93 52 est
794 1542 107 52 tres
861 1542 134 52 primae
954 1542 214 52 dimensiones,
1128 1542 107 52 quae
1181 1542 67 52 pri

737 1582 85 41 mo
779 1582 170 41 existunt
907 1582 85 41 in
949 1582 170 41 materia,
1076 1582 127 41 nihil
1147 1582 99 41 habet

743 1620 95 50 pro
798 1620 122 50 loco,
879 1620 109 50 nisi
947 1620 177 50 materiam,
1083 1620 109 50 quae
1137 1620 109 50 defert

730 1668 257 30 dimensiones.
939 1668 161 30 Deinde
1051 1668 96 30 d.
1083 1668 161 30 dimensio

740 1700 119 46 enim,
819 1700 93 46 &c.
872 1700 79 46 i.
912 1700 66 46 &
938 1700 119 46 causa
1018 1700 79 46 in
1058 1700 93 46 hoc
1111 1700 106 46 est.
1164 1700 79 46 quo-

737 1732 120 54 niam
812 1732 105 54 qui
872 1732 196 54 existimat
1023 1732 226 54 dimensiones
1189 1732 60 54 es

736 1777 83 41 se
778 1777 138 41 locum,
874 1777 124 41 debet
957 1777 193 41 existimare
1109 1777 110 41 quod
1164 1777 83 41 mate

730 1814 101 44 ria
787 1814 101 44 est
845 1814 145 44 locus.
946 1814 72 44 &
975 1814 130 44 causa
1062 1814 116 44 est,
1120 1814 130 44 quoniam

732 1853 231 55 dimensiones
916 1853 92 55 in
963 1853 92 55 se
1009 1853 108 55 non
1070 1853 123 55 sunt
1132 1853 123 55 corpus
