1416 2066
185 181 169 49 Separatio
315 181 104 49 enim
380 181 65 49 &
406 181 208 49 congregatio,
576 181 91 49 &c.
628 181 78 49 i.
654 181 52 49 Em

196 217 182 46 pedocles
332 217 121 46 enim
408 217 136 46 ponit
499 217 136 46 motum
575 217 136 46 localem

198 251 137 53 priorem
297 251 149 53 caeteris
409 251 149 53 motibus,
521 251 75 53 eo
558 251 99 53 quod
608 251 99 53 separa

204 300 101 30 tio,
268 300 101 30 quam
331 300 114 30 dixit
407 300 139 30 fecisse
508 300 127 30 litem,
597 300 63 30 &
610 300 101 30 congre

197 333 129 45 gatio,
288 333 104 45 quam
352 333 117 45 dixit
430 333 142 45 fecisse
534 333 181 45 amicitiam,
663 333 52 45 in

195 368 176 47 onatione
327 368 146 47 mundi,
430 368 73 47 &
459 368 117 47 eius
518 368 190 47 corruptione

199 395 87 61 sunt
253 395 130 61 scilicet
351 395 97 61 motus
416 395 130 61 locales.
513 395 141 61 Similiter
611 395 97 61 Anaxago

202 449 84 35 ras
250 449 108 35 dixit
322 449 108 35 motum
394 449 132 35 localem
491 449 132 35 priorem
587 449 96 35 esse
635 449 72 35 omni

202 480 90 42 bus
253 480 154 42 motibus.
369 480 115 42 dixit
446 480 103 42 enim
510 480 192 42 intellectum
664 480 77 42 in

203 517 147 50 coepisse
313 517 172 50 discernere
448 517 123 50 partes
534 517 159 50 consiles,
644 517 61 50 qui

197 557 123 38 sunt
274 557 138 38 iuxta
366 557 123 38 suam
443 557 200 38 opinionem
581 557 123 38 elemen

201 594 95 40 ta,
256 594 68 40 &
283 594 176 40 extrahere
418 594 108 40 illa
486 594 68 40 a
513 594 136 40 mixto:
595 594 108 40 discre

209 631 85 43 tio
258 631 110 43 autem
331 631 85 43 est
380 631 171 43 separatio,
514 631 159 43 separatio
624 631 85 43 autem

204 672 106 35 motus
275 672 141 35 localis.
381 672 141 35 D.dixit:
487 672 153 35 Similiter
605 672 106 35 autem
664 672 47 35 se

203 709 113 48 hiiunt,
285 709 72 48 qui
326 709 72 48 non
367 709 143 48 concedunt,
479 709 72 48 &c.
520 709 61 48 i.
551 709 133 48 similiter
654 709 61 48 se
674 709 41 48 ha

210 749 110 49 bent
279 749 166 49 negantes
403 749 138 49 causam
500 749 152 49 agentem
597 749 110 49 incipi

206 781 129 54 entem
292 781 158 54 gnerare
406 781 158 54 mundum,
521 781 72 54 &
549 781 143 54 innuit
635 781 72 54 De-

203 821 190 46 mocritum:
350 821 73 46 &
379 821 146 46 alios.
481 821 205 46 Democritus
627 821 88 46 enim

203 868 183 39 opinabatur
347 868 170 39 elementa,
478 868 105 39 quae
543 868 144 39 dicebat
635 868 78 39 cor-

205 898 104 47 pora
270 898 117 47 atoma
348 898 117 47 esse,
426 898 65 47 &
452 898 169 47 infinita,
581 898 91 47 per
633 898 78 47 se
659 898 52 47 mo

206 936 108 50 ueri
273 936 95 50 per
327 936 149 50 vacuum,
435 936 81 50 in
476 936 95 50 quo
530 936 122 50 sunt,
597 936 108 50 quibus

198 973 156 45 inuolutis
318 973 180 45 generabatur
462 973 96 45 ens.
521 973 84 45 sic
569 973 96 45 eroo
617 973 96 45 dicitu

204 1005 109 57 motum
277 1005 134 57 localem
374 1005 134 57 priorem
471 1005 97 57 esse
532 1005 121 57 aliis.
617 1005 97 57 D.d.
665 1005 49 57 il

207 1053 75 36 li.
250 1053 86 36 enim
304 1053 107 36 dicunt
379 1053 118 36 naturam
465 1053 107 36 moueri
540 1053 150 36 localeictu
658 1053 64 36 i.
680 1053 32 36 &

204 1092 62 49 si
235 1092 82 49 isti
286 1092 72 49 non
327 1092 103 49 dicunt
399 1092 103 49 causam
471 1092 124 49 agentem,
564 1092 82 49 quae
605 1092 103 49 aliquand

203 1129 191 49 incoepit
346 1129 159 49 mouere
458 1129 191 49 elementa
585 1129 127 49 mundi,

208 1172 88 47 aut
259 1172 125 47 partes
346 1172 100 47 eius
409 1172 75 47 ad
446 1172 213 47 generationem,
609 1172 100 47 ponunt

209 1204 103 52 tamen
277 1204 80 52 has
323 1204 114 52 partes
403 1204 103 52 prius
472 1204 126 52 moueri,
563 1204 69 52 eo
598 1204 92 52 quod
643 1204 69 52 sunt

205 1244 77 49 in
244 1244 128 49 vacuo.
333 1244 102 49 quod
397 1244 115 49 autem
474 1244 166 49 mouetueo,
602 1244 102 49 quod
653 1244 64 49 est

200 1285 80 37 in
240 1285 133 37 vacuo,
333 1285 147 37 mouetur
440 1285 147 37 locali.
546 1285 160 37 D.dixit:
653 1285 53 37 im

203 1321 141 47 possibile
311 1321 87 47 enim
366 1321 76 47 est
409 1321 87 47 quod
463 1321 119 47 aliquis
550 1321 119 47 aliorum
625 1321 87 47 motuum

203 1362 93 40 sit
256 1362 79 40 in
295 1362 132 40 primo.
388 1362 79 40 i.
427 1362 93 40 hoc
480 1362 119 40 autem
560 1362 132 40 dicunt
639 1362 66 40 eo,

202 1404 108 40 quod
269 1404 135 40 nullus
363 1404 121 40 motus
444 1404 148 40 praeter
551 1404 148 40 localem
646 1404 67 40 pot

203 1439 156 41 numerari
320 1439 78 41 in
359 1439 143 41 motibus
463 1439 143 41 primis,
567 1439 91 41 sed
606 1439 104 41 inhis,

196 1478 68 36 d
224 1478 68 36 a
251 1478 136 36 primis
346 1478 190 36 gnerantur.
495 1478 95 36 DL.
536 1478 176 36 notificanit

204 1513 106 49 quomo
275 1513 106 49 isti,
345 1513 141 49 scilicet
451 1513 106 49 secta
522 1513 165 49 Democriti,
639 1513 71 49 redu

198 1550 98 52 cunt
259 1550 110 52 omnes
333 1550 110 52 motus
406 1550 74 52 ad
443 1550 147 52 localem,
554 1550 86 52 qui
603 1550 86 52 est
640 1550 61 52 pri

203 1588 112 54 mus,
273 1588 70 54 &
301 1588 139 54 dixit:
398 1588 139 54 dicunt
496 1588 112 54 enim
552 1588 153 54 augmentum

201 1628 93 50 &c.
254 1628 80 50 i.
294 1628 134 50 dicunt
388 1628 107 50 enim
454 1628 187 50 augmentum,
601 1628 67 50 &
615 1628 93 50 dimi-

198 1667 195 39 nutionem,
348 1667 75 39 &
378 1667 240 39 alterationem
557 1667 150 39 accidere

200 1706 125 49 rebus
284 1706 84 49 ex
326 1706 223 49 compositione
507 1706 181 49 atomorum,
632 1706 70 49 quc

202 1741 96 54 fit
257 1741 96 54 per
312 1741 260 54 congregationem,
530 1741 68 54 &
544 1741 164 54 separatio-

205 1778 79 39 nem.
254 1778 59 39 i.
284 1778 59 39 vt
313 1778 89 39 m:thi
372 1778 128 39 viversali
471 1778 79 39 quod
520 1778 79 39 illi
569 1778 128 39 opinantur
658 1778 49 39 hoc

202 1814 141 44 fieri,
301 1814 184 44 sequentes
442 1814 226 44 amplitudinem
612 1814 99 44 fora

729 173 145 53 minum,
830 173 72 53 &
859 173 217 53 stricturam.
1032 173 188 53 amplitudo
1163 173 72 53 au-

725 221 108 37 tem,
792 221 67 37 &
819 221 175 37 strictura
954 221 94 37 est
1008 221 189 37 separatio,
1156 221 67 37 &
1170 221 67 37 con

726 252 154 50 gregatio.
844 252 142 50 D.dixit:
951 252 71 50 Et
986 252 154 50 similiter
1104 252 83 50 qui
1140 252 94 50 dicunt

725 288 227 49 ganeoationem,
911 288 67 49 &
938 288 213 49 corruptionem
1111 288 120 49 fieri
1178 288 53 49 ex

733 318 188 56 spissitudine,
888 318 55 56 &
910 318 144 56 raritate.
1021 318 66 56 i.
1054 318 55 56 &
1076 318 144 56 similiter
1176 318 55 56 qui

726 365 145 45 dicunt
827 365 189 45 elementum
972 365 116 45 esse
1045 365 116 45 vnum
1103 365 131 45 aliquid

725 405 184 46 corporum
863 405 230 46 simplicium,
1047 405 107 46 aut
1093 405 138 46 aliquod

726 440 141 38 medium
825 440 127 38 inter
909 440 127 38 illa,
994 440 70 38 &
1022 440 155 38 faciunt
1134 440 99 38 hoc
1177 440 56 38 ex

736 478 75 44 hoc
779 478 96 44 omnia
843 478 85 44 alia
896 478 117 44 gnenari
982 478 128 44 secundum
1067 478 160 44 spissitudinem

729 516 64 38 &
755 516 181 38 raritatem,
897 516 129 38 dicunt
987 516 116 38 etiam
1064 516 116 38 motum
1129 516 116 38 localem

733 557 120 46 priorem
821 557 87 46 esse
875 557 131 46 caeteris
974 557 131 46 motibus.
1072 557 120 46 densari
1160 557 87 46 enim
1214 557 55 46 &

737 592 181 42 arificari
876 592 111 42 sunt
945 592 125 42 motus
1029 592 167 42 locales.
1154 592 69 42 &
1168 592 69 42 hoc

735 631 92 43 est,
792 631 92 43 quod
849 631 114 43 voluit
929 631 126 43 dicens:
1021 631 92 43 haec
1078 631 92 43 enim
1124 631 114 43 ordinant

731 669 81 53 in
771 669 242 53 congrenatione,
972 669 67 53 &
999 669 215 53 separatione.
1160 669 81 53 comi

733 697 115 58 locant
813 697 92 58 enim
870 697 172 58 densitatem,
1008 697 57 58 &
1031 697 149 58 raritatem
1145 697 69 58 in
1168 697 69 58 gnee

727 746 255 46 congregationis,
941 746 67 46 &
968 746 242 46 segregationis,
1170 746 67 46 &
1183 746 54 46 se

731 781 165 51 parationis.
863 781 132 51 D.dixit:
962 781 66 51 Et
994 781 143 51 similiter
1104 781 88 51 alii
1148 781 88 51 facien

732 824 76 54 tes
776 824 120 54 animam,
863 824 76 54 &c.
906 824 65 54 i.
939 824 54 54 &
960 824 141 54 similiter
1069 824 76 54 qui
1113 824 109 54 dicunt
1178 824 65 54 pri-

728 860 139 39 cipium
825 860 139 39 motuum
923 860 111 39 esse
992 860 153 39 animam,
1103 860 69 39 &
1117 860 125 39 opinati

732 897 117 41 sunt
805 897 146 41 animam
907 897 160 41 seipsam
1024 897 160 41 mouere,
1126 897 117 41 dicunt

724 939 143 47 primum
824 939 143 47 motuum
924 939 115 47 esse
996 939 172 47 localem.
1125 939 72 47 &
1140 939 100 47 inuit

738 973 71 49 vt
774 973 167 49 vnidetseli
905 973 155 49 Platonem.
1024 973 71 49 I.
1059 973 83 49 qui
1095 973 143 49 opinabatur

734 1013 189 51 principium
882 1013 135 51 motuum
977 1013 108 51 esse
1044 1013 149 51 animam,
1152 1013 68 51 &
1166 1013 68 51 ip-

727 1053 90 51 sam
778 1053 141 51 seipsam
881 1053 141 51 mouere.
983 1053 64 51 &
1009 1053 102 51 ideo
1073 1053 128 51 dixit:
1149 1053 90 51 anima

732 1091 91 48 lia
784 1091 117 48 aute,
862 1091 65 48 &
889 1091 157 48 quicquid
1006 1091 117 48 habet
1084 1091 144 48 animam,
1176 1091 65 48 mo-

729 1127 100 49 uent
791 1127 75 49 se
828 1127 100 49 motu
890 1127 137 49 locali.
990 1127 87 49 Et,
1040 1127 87 49 cum
1090 1127 112 49 dixit
1164 1127 100 49 quod

731 1165 112 50 omnes
805 1165 137 50 Antiqui
905 1165 174 50 conueniunt
1041 1165 75 50 in
1078 1165 99 50 hoc,
1141 1165 99 50 quod
1190 1165 50 50 mo

724 1207 100 44 tus
781 1207 157 44 localis
895 1207 100 44 est
952 1207 143 44 primus
1052 1207 157 44 motuum,
1166 1207 71 44 &
1180 1207 57 44 si

730 1246 155 36 differunt
849 1246 72 36 in
885 1246 107 36 modo,
957 1246 119 36 deinde
1040 1246 119 36 innuit
1112 1246 131 36 rationem,

729 1284 177 46 dialecticam,
873 1284 89 46 quae
929 1284 100 46 iuuat
995 1284 67 46 in
1028 1284 89 46 hoc,
1084 1284 89 46 quod
1139 1284 89 46 ipse
1184 1284 55 46 est

737 1321 109 45 primus
813 1321 109 45 motuum
890 1321 131 45 scilicet
988 1321 87 45 quod
1042 1321 98 45 motus
1107 1321 120 45 localis
1184 1321 54 45 est

731 1360 127 50 hotior
820 1360 139 50 omnibus
921 1360 152 50 motibus,
1035 1360 127 50 dixit:
1111 1360 114 50 Amplius

725 1397 81 52 si
766 1397 149 52 dixeris
874 1397 149 52 aliquid
982 1397 149 52 moueri,
1090 1397 95 52 &c.
1144 1397 81 52 i.
1171 1397 68 52 am-

738 1436 106 39 plius
809 1436 71 39 ex
845 1436 83 39 hoc
892 1436 95 39 noie
951 1436 201 39 simpeiricitur
1117 1436 106 39 motus
1176 1436 59 39 non

728 1476 228 49 intelligitur,
915 1476 107 49 nisi
982 1476 121 49 motus
1063 1476 161 49 localis,
1170 1476 67 49 cum

725 1510 112 46 hoc
789 1510 143 46 nomen
884 1510 143 46 motus
980 1510 175 46 dicatur
1108 1510 96 46 de
1155 1510 112 46 mo

730 1549 68 50 tu
764 1549 124 50 locali,
854 1549 79 50 &de
899 1549 101 50 aliis
966 1549 135 50 secundum
1067 1549 113 50 prius,
1146 1549 56 50 &
1157 1549 79 50 poste

728 1589 97 46 rius,
793 1589 54 46 &
814 1589 183 46 simpeircitur,
965 1589 54 46 &
987 1589 129 46 secundum
1073 1589 162 46 determinatio-

722 1622 122 44 nem.
798 1622 137 44 Horum
889 1622 152 44 autem:
996 1622 91 44 de
1041 1622 152 44 quibus
1133 1622 106 44 nomen

732 1662 106 51 dicitur
809 1662 116 51 secundum
896 1662 96 51 prius,
963 1662 48 51 &
983 1662 135 51 posterius,
1089 1662 48 51 &
1098 1662 135 51 simperciter,

727 1701 59 49 &
751 1701 142 49 secundum
858 1701 237 49 determinationem,
1059 1701 119 49 illem,
1142 1701 83 49 dae
1178 1701 59 49 quo

731 1741 107 50 dicitur
809 1741 97 50 prius,
877 1741 68 50 est
916 1741 68 50 cam
955 1741 87 50 eius,
1013 1741 58 50 de
1042 1741 68 50 quo
1081 1741 107 50 dicitur
1149 1741 78 50 poste-

729 1777 111 41 tius.
803 1777 98 41 Iodo
864 1777 123 41 dixit,
950 1777 160 41 quiescens
1073 1777 111 41 autem
1147 1777 74 41 ab
1172 1777 62 41 hoc

715 1818 136 41 motu,
806 1818 106 41 &c.
866 1818 91 41 i.
911 1818 76 41 &
942 1818 136 41 nomen
1032 1818 136 41 motus
1123 1818 91 41 ab
1153 1818 76 41 eo,
