1416 2066
190 172 179 66 ratione,
325 172 75 66 &
354 172 239 66 translatione
549 172 105 66 sit
593 172 120 66 aequa-

201 224 107 65 lit.
267 224 147 65 quoniam
374 224 147 65 necesse
480 224 107 65 est,
547 224 80 65 si
587 224 120 65 esset
654 224 53 65 a-

200 268 157 70 qualis,
314 268 86 70 vt
357 268 257 70 superponeretur
557 268 100 70 sibi.

243 332 75 54 Et
281 332 151 54 dicamus.
394 332 88 54 &c.
444 332 75 54 i.
482 332 138 54 apparet
582 332 100 54 quod
645 332 88 54 mo¬

200 367 79 44 tus
245 367 135 44 diuersus
346 367 135 44 secundum
447 367 180 44 velocitatem,
594 367 56 44 &
605 367 90 44 rardi-

203 407 132 43 tatem
291 407 103 43 est
350 407 118 43 vnus
424 407 162 43 numero,
541 407 103 43 cum
585 407 118 43 fuerit

203 444 178 52 continuus:
343 444 89 52 sed
394 444 76 52 in
432 444 140 52 vnitate
534 444 89 52 est
585 444 76 52 in
610 444 89 52 dispo

202 481 83 41 ne
244 481 152 41 minori,
354 481 69 41 &
382 481 166 41 aequalis
506 481 83 41 in
547 481 97 41 hoc
602 481 83 41 in
630 481 69 41 di-

200 525 126 37 spone
284 525 224 37 perfectiori.
466 525 112 37 D.d.
536 525 70 37 &
564 525 98 37 hoc
606 525 98 37 acci-

203 556 77 46 dit
247 556 166 46 traslationi
380 556 133 46 secundum
479 556 199 46 tortuositatem.
645 556 66 46 i.
667 556 33 46 &

202 596 108 51 hoc,
270 596 108 51 quod
338 596 108 51 vnus
405 596 122 51 motus
487 596 149 51 numero,
595 596 95 51 qui
635 596 68 51 ne-

213 636 145 50 tessario
322 636 85 50 est
370 636 182 50 inaequalis,
515 636 133 50 accidit
600 636 109 50 transla

209 668 114 46 tioni,
288 668 91 46 quae
345 668 80 46 est
391 668 80 46 per
436 668 114 46 lineam
516 668 114 46 rectam
584 668 114 46 necessa,

206 710 96 47 rio.
266 710 72 47 i.
302 710 96 47 quod
362 710 84 47 non
410 710 84 47 est
458 710 96 47 vnus
517 710 72 47 in
553 710 132 47 numero.
637 710 72 47 Dein

189 742 94 54 de
236 742 141 54 dedit
330 742 172 54 causam,
456 742 125 54 pper
534 742 125 54 quam
596 742 110 54 motus

206 783 173 51 inaequalis
342 783 87 51 non
391 783 87 51 est
440 783 111 51 vnus,
515 783 87 51 sed
552 783 148 51 compositus

202 821 70 49 &
230 821 139 49 dixit:
328 821 70 49 &
355 821 125 49 minus
439 821 98 49 est
495 821 98 49 per
537 821 167 49 fnixtionem

204 860 231 38 contrariorum.
395 860 82 38 i.
436 860 68 38 &
463 860 95 38 cum
517 860 123 38 motus
586 860 123 38 inaequa

200 895 102 44 lis
259 895 146 44 fuerit
361 895 131 44 motus
448 895 131 44 magis
536 895 204 44 diminutus:

206 936 86 37 in
249 936 172 37 capitulo
378 936 158 37 eiusdem
492 936 129 37 motus
578 936 86 37 in
607 936 100 37 nume-

210 976 89 34 ro:
261 976 63 34 &
286 976 165 34 diminntum
413 976 76 34 in
451 976 101 34 omni
514 976 127 34 genere
603 976 89 34 est
641 976 63 34 di-

209 1007 166 51 minutum
330 1007 106 51 per
390 1007 196 51 mixtionem
526 1007 181 51 contrarij:

205 1043 157 51 sequitur
322 1043 78 51 vt
362 1043 117 51 motus
440 1043 183 51 inaequalis
583 1043 91 51 sit
623 1043 91 51 compo

209 1082 105 40 situs
280 1082 70 40 ex
315 1082 176 40 contrarijs.
455 1082 59 40 &
479 1082 82 40 sic
526 1082 82 40 non
572 1082 82 40 est
619 1082 94 40 vnus
666 1082 47 40 in

208 1122 83 50 rei
255 1122 154 50 veritate.
374 1122 83 50 Et,
421 1122 83 50 cum
468 1122 142 50 narrauit
575 1122 95 50 quod
622 1122 83 50 motus

208 1157 172 45 inaequalis
343 1157 86 45 est
392 1157 172 45 inaequalis
528 1157 86 45 per
564 1157 148 45 mixtionem,

210 1197 161 53 contrarij,
337 1197 58 53 &
360 1197 115 53 mixtio
441 1197 81 53 est
487 1197 161 53 possibilis
614 1197 69 53 in
637 1197 69 53 omni

209 1238 88 44 motu,
268 1238 156 44 secundumquod
395 1238 68 44 est
434 1238 98 44 motus,
503 1238 98 44 dixit:
571 1238 108 44 quoniam
640 1238 68 44 omnis

210 1269 108 50 motus
282 1269 96 50 vnus
342 1269 84 50 &c.
390 1269 72 50 i.
426 1269 72 50 &,
462 1269 84 50 cum
511 1269 84 50 ita
559 1269 96 50 sit,
607 1269 108 50 possibi

207 1309 69 49 le
242 1309 81 49 est
288 1309 69 49 vt
323 1309 104 49 omnis
392 1309 104 49 motus
461 1309 81 49 sit
507 1309 138 49 aqualis,
611 1309 58 49 &
622 1309 81 49 inae.

208 1346 128 48 qualis.
302 1346 82 48 Sed
348 1346 163 48 quaeritur,
476 1346 128 48 quomodo
569 1346 93 48 ista
616 1346 93 48 praepo

214 1384 91 40 est
266 1384 208 40 vniuersalis:
435 1384 65 40 &
461 1384 182 40 declaratum
603 1384 91 40 est
655 1384 78 40 in

207 1420 133 54 Coelo
296 1420 74 54 &
326 1420 133 54 Mudo,
414 1420 118 54 quod
488 1420 133 54 motus
562 1420 148 54 corporis

215 1457 150 42 coelestis
331 1457 115 42 nullam
411 1457 104 42 habet
481 1457 69 42 in
515 1457 69 42 se
538 1457 173 42 diuersitatem.

226 1496 68 42 Et
260 1496 68 42 ad
294 1496 79 42 hoc
339 1496 136 42 dicendum
441 1496 91 42 est,
498 1496 91 42 quod
554 1496 91 42 hoc,
600 1496 113 42 proprium

210 1535 73 44 est
251 1535 125 44 corporis
345 1535 146 44 coelestis,
459 1535 125 44 secundum
553 1535 83 44 quod
595 1535 114 44 coeleste,

190 1574 107 51 non
251 1574 199 51 inquantum
404 1574 153 51 motum.
510 1574 76 51 a
541 1574 76 51 &
572 1574 137 51 sermo
648 1574 61 51 in

210 1611 79 48 hoc
255 1611 90 48 loco
311 1611 79 48 est
356 1611 67 48 de
389 1611 101 48 motu,
457 1611 79 48 non
502 1611 135 48 secundum
603 1611 90 48 quod
648 1611 56 48 est

210 1649 118 49 motus
289 1649 157 49 alicuius
407 1649 170 49 corporis.
538 1649 92 49 Et,
590 1649 92 49 cum
629 1649 79 49 nar-

209 1689 110 50 rauit
282 1689 98 50 quod
344 1689 98 50 vnus
405 1689 110 50 motus
478 1689 123 50 siuero
564 1689 135 50 recipit
650 1689 61 50 ae-

211 1725 191 45 qualitatem,
364 1725 64 45 &
389 1725 242 45 inaequalitatem,
580 1725 127 45 incoepit

206 1764 167 38 declarare
335 1764 77 38 ex
373 1764 103 38 hoc,
437 1764 103 38 quod
502 1764 116 38 motus
579 1764 116 38 sesei
643 1764 64 38 non

206 1801 151 50 possunt
316 1801 206 50 continuari.
481 1801 69 50 &
508 1801 137 50 dixit:
591 1801 124 50 impossi

721 163 119 55 bilem
800 163 106 55 est,
866 163 93 55 &c.
919 163 79 55 i.
959 163 198 55 impossibile
1118 163 93 55 est
1171 163 79 55 vt
1197 163 53 55 ex

730 216 147 42 motibus
836 216 133 42 seseis
930 216 93 42 non
983 216 240 42 conuenientibus
1183 216 80 42 in

725 254 123 53 specie
811 254 98 53 fiat
872 254 98 53 vnus
934 254 111 53 motus
1007 254 172 53 continuus,
1130 254 111 53 quoniam

721 291 118 51 motus
799 291 170 51 continuus
930 291 144 51 recipit
1035 291 209 51 aequalitate:
1205 291 65 51 &

728 328 105 54 quod
793 328 144 54 recipit
898 328 210 54 aequalitatem
1069 328 144 54 recipit
1160 328 79 54 su

720 372 96 46 per
775 372 205 46 positionem:
939 372 68 46 &
966 372 123 46 motus
1049 372 191 46 compositus
1185 372 55 46 ex

727 406 211 38 translatione,
900 406 62 38 &
925 406 198 38 alteratione,
1086 406 87 38 non
1123 406 112 38 recipit

721 441 233 42 aequalitatem.
913 441 82 42 Et
955 441 110 42 iste
1023 441 124 42 sermo
1106 441 96 42 est
1161 441 82 42 in
1188 441 55 42 se

726 481 121 41 cunda
806 481 148 41 figura.
914 481 81 41 &,
954 481 108 41 quia
1022 481 108 41 iste
1075 481 162 41 componitur

728 525 88 42 ex
772 525 161 42 duabus,
889 525 292 42 propositionibus,
1123 525 117 42 quarum

727 556 209 38 affirmatiua
894 556 181 38 declarata
1034 556 112 38 est,
1104 556 98 38 iam
1145 556 98 38 incoe

726 591 87 42 pit
775 591 162 42 declarare
900 591 162 42 seeundam,
1024 591 62 42 &
1049 591 112 42 dixit
1111 591 124 42 quoniam,

723 629 75 48 si
760 629 112 48 esset
835 629 162 48 aequalis,
959 629 137 48 necesse
1059 629 112 48 esset
1133 629 75 48 vt
1158 629 75 48 sup-

720 665 179 50 poneretur.
861 665 77 50 i.
900 665 64 50 &
925 665 128 50 signum
1015 665 115 50 eius,
1092 665 103 50 quod
1143 665 90 50 motus

728 695 193 50 compositus
880 695 83 50 ex
921 695 179 50 speciebus
1059 695 165 50 diuersis
1169 695 69 50 non

730 739 109 47 pont
798 739 163 47 recipere
920 739 231 47 aequalitatem,
1110 739 109 47 est,
1165 739 81 47 quia

724 773 142 55 motus,
823 773 100 55 qui
880 773 157 55 possunt
994 773 171 55 recipere
1108 773 128 55 aequali

725 821 130 43 tatem
811 821 116 43 sunt
884 821 130 43 illi,
970 821 145 43 duorum
1072 821 145 43 partes
1158 821 87 43 pos-

731 847 113 54 sunt
801 847 183 54 superponi
942 847 113 54 sibi
1013 847 197 54 adinuicem:
1168 847 70 54 &
1182 847 56 54 mo

731 889 88 51 tus
781 889 138 51 diuersi
881 889 150 51 secundum
993 889 138 51 speciem
1093 889 88 51 non
1131 889 113 51 superpo

726 924 138 54 nuntur
823 924 124 54 sibi:
905 924 110 54 quia
974 924 207 54 impossibile
1140 924 96 54 est
1181 924 55 54 vt

724 965 193 45 translatio
876 965 221 45 superponatur
1042 965 193 45 alterationi,

720 1002 104 49 aut
780 1002 194 49 augmentum
929 1002 254 49 translationi.
1138 1002 75 49 &
1153 1002 89 49 iste

727 1040 129 42 sermo
812 1040 100 42 est
870 1040 86 42 in
912 1040 157 42 secunda
1012 1040 129 42 figura.

787 1084 228 31 SVMMA
914 1084 228 31 TERTIA.

741 1116 80 39 De
781 1116 228 39 contrarietate
968 1116 147 39 motuum,
1076 1116 67 39 &
1089 1116 134 39 quietum.

736 1148 102 46 Quis
800 1148 127 46 Motus,
889 1148 89 46 cui
939 1148 114 46 motui
1016 1148 178 46 opponatur.
1155 1148 89 46 Ca.
1193 1148 51 46 1.

891 1185 183 56 Iplius
1019 1185 165 56 autem
1111 1185 128 56 deter

893 1225 229 49 minandum
1064 1225 133 49 est
1122 1225 114 49 qua-

902 1268 96 38 is
950 1268 144 38 motus
1046 1268 112 38 est
1095 1268 144 38 contra-

840 1309 87 49 l
874 1309 139 49 rius
961 1309 173 49 motui,
1082 1309 87 49 &
1117 1309 87 49 d
1134 1309 104 49 quie

731 1346 98 50 te
780 1346 163 50 quoque
893 1346 146 50 eodem
991 1346 146 50 modo.
1072 1346 163 50 Diuidem-

719 1389 104 45 dum
779 1389 104 45 est
838 1389 134 45 autem
927 1389 149 45 primo,
1032 1389 134 45 vtrum
1106 1389 134 45 contra-

718 1429 127 50 rius
797 1429 143 50 motus
892 1429 111 50 sit
956 1429 111 50 qui
1019 1429 111 50 est
1082 1429 95 50 ex
1114 1429 111 50 eodem

726 1471 94 44 ei.
779 1471 94 44 qui
833 1471 94 44 est
886 1471 80 44 in
926 1471 120 44 idem,
1007 1471 80 44 vt
1047 1471 94 44 qui
1100 1471 94 44 est
1154 1471 80 44 ex
1180 1471 54 44 sa

729 1517 143 46 nitate
829 1517 100 46 ei,
886 1517 100 46 qui
944 1517 100 46 est
1001 1517 86 46 in
1044 1517 201 46 sanitatem,
1188 1517 57 46 vt

719 1557 87 52 &
753 1557 243 52 generatio,
945 1557 87 52 &
979 1557 226 52 corruptio
1136 1557 104 52 vide

728 1599 102 54 tur:
792 1599 89 54 Aut
843 1599 89 54 qui
894 1599 89 54 est
944 1599 76 54 ex
983 1599 191 54 contrarijs,
1135 1599 76 54 vt
1161 1599 76 54 quod

730 1641 92 51 est
782 1641 79 51 ex
822 1641 157 51 sanitate
940 1641 92 51 ei,
992 1641 92 51 qui
1044 1641 92 51 est
1097 1641 79 51 ex
1123 1641 118 51 aegritu

727 1684 117 46 dine:
805 1684 91 46 Aut
857 1684 91 46 qui
909 1684 91 46 est
961 1684 78 46 in
1001 1684 182 46 contraria,
1144 1684 78 46 vt
1170 1684 65 46 qui

729 1719 90 58 est
781 1719 77 58 in
819 1719 167 58 sanitatem
948 1719 90 58 ei,
999 1719 142 58 quilest
1102 1719 77 58 in
1128 1719 103 58 aegri-

727 1755 146 55 tudinem:
836 1755 85 55 Aut
885 1755 85 55 qui
934 1755 85 55 est
982 1755 73 55 ex
1019 1755 158 55 contrario
1141 1755 85 55 ei,
1177 1755 61 55 qui

728 1804 85 54 est
776 1804 73 54 in
813 1804 182 54 contrarium,
959 1804 73 54 vt
995 1804 85 54 qui
1044 1804 85 54 est
1092 1804 73 54 ex
1117 1804 121 54 sanitate
