1416 2066
198 181 129 45 Idest
284 181 86 45 in
327 181 201 45 corporibus
485 181 129 45 autem
557 181 158 45 simplici-

197 216 106 50 bus
257 216 106 50 non
318 216 166 50 apparet
439 216 121 50 ipsa
514 216 151 50 moueri
620 216 76 50 a
635 216 76 50 mo-

214 255 109 43 tore
283 255 109 43 alio
351 255 123 43 moto,
433 255 123 43 sicut
515 255 150 43 apparet
624 255 96 43 hoc
665 255 55 43 in

219 297 93 49 eis,
277 297 93 49 quae
336 297 139 49 mouentur
440 297 70 49 ab
475 297 174 49 extrinseco.
614 297 93 49 D.d.
661 297 58 49 di-

219 333 93 37 cere
278 333 93 37 enim
336 333 82 37 &c.
383 333 70 37 i.
418 333 58 37 &
441 333 82 37 non
487 333 140 37 possumus
592 333 105 37 etiam
651 333 58 37 di-

215 368 102 42 cere
279 368 77 42 in
318 368 102 42 eis,
381 368 102 42 quae
445 368 153 42 mouentur
561 368 64 42 a
573 368 141 42 principio

212 405 67 42 in
245 405 79 42 eis
290 405 112 42 addito
369 405 79 42 ei,
414 405 90 42 quid
470 405 124 42 mouetur
560 405 67 42 ex
594 405 79 42 eis
627 405 90 42 absque

218 445 69 37 eo
252 445 92 37 quod
309 445 149 37 indigeant
424 445 80 37 cam
470 445 172 37 extrinseca,
608 445 103 37 sicut
665 445 46 37 di

217 486 104 45 cimus
286 486 69 45 in
320 486 92 45 eis,
378 486 92 45 quae
435 486 138 45 mouentur
539 486 69 45 ex
573 486 81 45 se,
619 486 92 45 quod
665 486 46 45 mo

209 517 130 51 uentur
300 517 65 51 a
326 517 169 51 principio
456 517 78 51 in
496 517 91 51 eis
548 517 104 51 sine
600 517 117 51 indigen

207 557 89 43 tia
258 557 127 43 causae
347 557 203 43 extrinsecae:
512 557 114 43 sicut
588 557 89 43 est
626 557 89 43 dispo

207 592 75 51 in
245 592 176 51 habentibus
383 592 138 51 animas.
484 592 88 51 hoc
534 592 101 51 enim
584 592 126 51 impossi-

212 628 94 49 bile
271 628 94 49 est.
329 628 164 49 D.incoepit
458 628 152 49 declarare
575 628 129 49 quomodo
657 628 58 49 est

215 667 183 39 impossibile,
364 667 57 39 &
387 667 69 39 d.
421 667 126 39 quoniam
513 667 80 39 hoc
558 667 80 39 non
604 667 92 39 est,
650 667 69 39 nisi

215 705 68 53 in
249 705 158 53 animalibus
373 705 135 53 scilicet
474 705 90 53 quae
531 705 135 53 mouentur
632 705 56 53 a
643 705 68 53 prin

199 742 119 55 cipio
278 742 79 55 in
318 742 92 55 eis
371 742 106 55 sine
437 742 185 55 indigentia
582 742 132 55 causae
661 742 53 55 ex

210 784 169 45 trinsecae.
343 784 133 45 D.dedit
439 784 145 45 rationem
548 784 109 45 super
620 784 97 45 hoc,
681 784 60 45 &

211 824 62 46 d.
242 824 73 46 Et,
283 824 62 46 si
314 824 73 46 ita
356 824 104 46 esset,
429 824 73 46 &c.
470 824 62 46 i.
501 824 62 46 v.
532 824 62 46 g.
563 824 62 46 si
595 824 93 46 ignis
646 824 73 46 esset

215 856 83 42 eam
263 856 71 42 in
298 856 83 42 se,
346 856 83 42 per
393 856 95 42 quam
452 856 119 42 posset
535 856 119 42 moueri
618 856 95 42 sine
666 856 47 42 in

220 894 135 52 digentia
321 894 112 52 eaamae
399 894 179 52 extrinsecae,
545 894 90 52 tunc
601 894 78 52 per
635 894 78 52 istam

217 933 141 49 causam
316 933 141 49 posset
415 933 184 49 quiescere
556 933 113 49 sine
612 933 99 49 indi-

212 979 118 42 gentia
295 979 118 42 eaamae
377 979 188 42 extrinsecae.
530 979 82 42 Res
577 979 94 42 enim
636 979 71 42 in
659 979 59 42 qua

215 1008 92 52 est
267 1008 105 52 cam,
333 1008 92 52 qua
386 1008 105 52 poet
452 1008 132 52 moueri
544 1008 105 52 sine
597 1008 118 52 indigen

215 1045 77 53 tia
259 1045 110 53 causae
336 1045 176 53 extrinsecae,
478 1045 99 53 sicut
544 1045 121 53 animal,
632 1045 66 53 in
654 1045 55 53 quo

213 1084 73 53 est
254 1084 105 53 anima,
328 1084 73 53 per
370 1084 94 53 illam
432 1084 84 53 pont
485 1084 147 53 quiescere.
600 1084 84 53 D.d.
652 1084 52 53 &
663 1084 52 53 di-

211 1118 96 53 cere
271 1118 84 53 et,
319 1118 84 53 &c.
366 1118 72 53 i.
402 1118 60 53 &
426 1118 120 53 dicere
510 1118 72 53 in
546 1118 84 53 eo,
593 1118 96 53 quod
653 1118 84 53 mo¬

221 1170 109 41 uetur
294 1170 85 41 per
342 1170 169 41 principium
475 1170 73 41 in
511 1170 73 41 eo
548 1170 97 41 sine
596 1170 121 41 indigen-

213 1198 92 44 tia
265 1198 157 44 alicuius
383 1198 196 44 extrinfeci,
540 1198 105 44 quod
592 1198 118 44 mouetur

224 1239 80 35 vno
269 1239 102 35 motu,
337 1239 80 35 non
383 1239 80 35 est
428 1239 137 35 secundum
531 1239 148 35 rationem.
633 1239 80 35 prin-

211 1277 132 45 cipia
299 1277 132 45 enim,
388 1277 118 45 quae
461 1277 118 45 sunt
535 1277 206 45 huiusmodi,

198 1312 129 50 inata
284 1312 115 50 sunt
355 1312 143 50 mouere
456 1312 158 50 motibus
556 1312 158 50 diuersis.

250 1355 160 39 Amplius
367 1355 160 39 quomodo
483 1355 189 39 contingit
613 1355 102 39 conti

208 1392 112 46 nuum
278 1392 155 46 aliquid
391 1392 70 46 &
419 1392 211 46 compositum,
587 1392 127 46 ipsum
658 1392 56 46 se

204 1437 165 51 ipsum
314 1437 202 51 mouere:
460 1437 220 51 Quatenus
607 1437 110 51 enim

215 1477 131 46 vnum,
303 1477 73 46 &
332 1477 204 46 continuum,
493 1477 102 46 non
551 1477 146 46 tactu,
639 1477 73 46 ea-

212 1524 136 46 tenus
303 1524 227 46 impassibile
485 1524 121 46 est.
560 1524 106 46 sed
606 1524 106 46 quate

212 1560 96 50 nus
267 1560 178 50 separatum
404 1560 109 50 est,
472 1560 150 50 eatenus
581 1560 96 50 hoc
622 1560 82 50 quid

206 1600 102 42 dem
265 1600 132 42 aptum
353 1600 146 42 natura
455 1600 102 42 est
513 1600 161 42 facere,
616 1600 102 42 illud

220 1644 116 51 vero
292 1644 130 51 pati.
379 1644 130 51 Neque
466 1644 116 51 ergo
538 1644 130 51 horum
611 1644 101 51 vllum

207 1683 158 45 ipsum
312 1683 193 45 seipsum
452 1683 158 45 mouet
539 1683 175 45 sconsita

215 1724 117 46 enim
288 1724 189 46 suntneque
434 1724 131 46 aliud
522 1724 189 46 continuum
653 1724 58 46 vl

208 1765 116 45 lum:
280 1765 101 45 sed
338 1765 159 45 necesse
454 1765 101 45 est
511 1765 145 45 diuidi
598 1765 116 45 mouens

206 1807 89 43 in
251 1807 193 43 vnoquoque
399 1807 89 43 ab
444 1807 104 43 eo,
503 1807 119 43 quid
563 1807 148 43 mouetur:

733 172 103 46 vt
784 172 103 46 in
836 172 240 46 inanimatis
1024 172 206 46 videmus,
1161 172 86 46 cum

726 221 182 45 aliquod
859 221 232 45 animatorum
1041 221 149 45 mouet
1124 221 116 45 illa.

775 258 82 57 Et
816 258 110 57 etia
885 258 96 57 quo
940 258 96 57 est
994 258 178 57 possibile
1131 258 82 57 vt
1159 258 82 57 ali-

727 304 128 59 quid
807 304 208 59 continuum
967 304 240 59 naturaliter
1143 304 96 59 con-

728 357 231 53 uenientium
909 357 165 53 moueat
1025 357 182 53 seipsum
1157 357 83 53 Se-

732 397 148 67 cundum
836 397 118 67 enim
910 397 118 67 quod
984 397 104 67 est
1043 397 133 67 vnum,
1117 397 118 67 conti-

731 445 123 65 nuum,
813 445 95 65 non
868 445 164 65 cotiguu,
991 445 95 65 est
1031 445 205 65 irreceptibile

725 493 204 55 passionu.
882 493 78 55 &
914 493 188 55 secundum
1055 493 126 55 quod
1133 493 110 55 est
1180 493 63 55 se

726 540 188 59 gregatu,
867 540 125 59 erit
945 540 141 59 tale,
1039 540 125 59 quod
1101 540 141 59 quiddam

731 588 114 58 eius
802 588 100 58 est
859 588 157 58 innatum
973 588 185 58 recipere,
1115 588 85 58 et
1143 588 100 58 quid-

726 627 109 66 dam
789 627 156 66 agere.
898 627 156 66 Nullum
1007 627 156 66 igitur
1101 627 140 66 istorum

730 677 128 62 mouet
815 677 171 62 seipsum,
944 677 100 62 cum
1001 677 100 62 sit
1044 677 185 62 conuentens,

726 725 142 61 neque,
825 725 156 61 aliquid
938 725 142 61 omnino
1038 725 184 61 cotinuum:
1179 725 99 61 sed

727 773 157 61 necesse
841 773 100 61 est
898 773 85 61 vt
940 773 128 61 motor
1026 773 85 61 in
1068 773 171 61 quolibet
1182 773 57 61 eo

732 819 98 55 rum
788 819 98 55 sit
844 819 197 55 distinctus
999 819 70 55 a
1027 819 127 55 moto:
1111 819 127 55 sicut
1182 819 56 55 vt

727 866 146 56 demus
824 866 97 56 in
873 866 227 56 carentibus
1051 866 162 56 anima,
1148 866 97 56 quan

727 911 92 51 do
773 911 168 51 mouerit
895 911 122 51 illa
972 911 168 51 aliquod
1079 911 168 51 habentium

707 973 167 29 animas.

768 1005 90 54 Cum
820 1005 180 54 declarauit
961 1005 103 54 quod
1025 1005 116 54 illa,
1102 1005 103 54 quae
1153 1005 90 54 mouen

735 1046 88 49 tur
786 1046 202 49 naturaliter,
950 1046 88 49 non
1001 1046 152 49 mouentur
1115 1046 88 49 per
1153 1046 88 49 prin-

732 1085 126 45 cipium
821 1085 76 45 in
859 1085 101 45 eis,
922 1085 101 45 quia
985 1085 88 45 non
1035 1085 151 45 mouentur
1149 1085 76 45 ex
1174 1085 63 45 se,

735 1124 132 45 induxit
831 1124 108 45 etiam
903 1124 144 45 secundam
1011 1124 216 45 declarationem,
1179 1124 60 45 per

734 1161 88 51 quam
789 1161 133 51 declarat
889 1161 88 51 quod
944 1161 88 51 illa
999 1161 99 51 etiam
1065 1161 77 51 non
1099 1161 110 51 mouentur

737 1198 184 53 principium
882 1198 79 53 in
921 1198 105 53 eis.
987 1198 79 53 Et
1026 1198 197 53 abbreuiatio
1171 1198 66 53 ei.

742 1237 90 52 quod
798 1237 113 52 dicit,
877 1237 90 52 est.
934 1237 79 52 Et,
979 1237 90 52 quia
1036 1237 102 52 illa,
1103 1237 90 52 quae
1149 1237 90 52 mouen-

736 1273 86 53 tur
785 1273 86 53 per
834 1273 161 53 principia
958 1273 74 53 in
995 1273 99 53 eis,
1057 1273 136 53 necesse
1156 1273 86 53 est
1193 1273 49 53 vt

735 1318 167 36 diuidantur
867 1318 143 36 secundum
974 1318 191 36 definitionem
1129 1318 72 36 in
1153 1318 84 36 moto-

731 1350 90 44 rem,
787 1350 56 44 &
810 1350 113 44 motum,
889 1350 56 44 &
911 1350 68 44 vt
945 1350 79 44 non
990 1350 90 44 sint
1046 1350 90 44 idem
1103 1350 135 44 secundum
1193 1350 45 44 de

739 1388 186 38 finitionem,
888 1388 62 38 &
912 1388 174 38 essentiam:
1049 1388 112 38 motor
1123 1388 99 38 enim
1173 1388 62 38 de-

738 1425 79 39 bet
783 1425 90 39 esse
839 1425 158 39 distinctus
963 1425 56 39 a
986 1425 101 39 moto,
1053 1425 79 39 aut
1098 1425 135 39 secundum
1189 1425 56 39 de-

731 1464 172 48 finitionem,
868 1464 57 48 &
891 1464 92 48 esse
948 1464 137 48 insimul,
1051 1464 103 48 sicut
1120 1464 103 48 illa,
1177 1464 57 48 qua

733 1501 143 37 mouentur
841 1501 72 37 ab
876 1501 179 37 extrinseco:
1020 1501 84 37 aut
1068 1501 143 37 secundum
1163 1501 84 37 defi-

734 1541 145 37 nitionem
843 1541 133 37 tantum,
939 1541 109 37 sicut
1012 1541 85 37 est
1060 1541 109 37 dispo
1132 1541 72 37 in
1156 1541 85 37 haben

735 1576 113 42 tibus
811 1576 138 42 animas.
911 1576 113 42 Anima
987 1576 101 42 enim
1050 1576 101 42 quae
1112 1576 88 42 est
1150 1576 88 42 motor

733 1614 68 53 in
767 1614 91 53 eis,
824 1614 182 53 distinguitur
971 1614 57 53 a
994 1614 136 53 corpore,
1097 1614 91 53 quid
1153 1614 80 53 est
1188 1614 45 53 mo

735 1652 79 47 tum
780 1652 136 47 secundum
882 1652 192 47 definitionem:
1040 1652 102 47 licet
1108 1652 79 47 non
1142 1652 90 47 distin

742 1693 78 49 puatur
797 1693 93 49 secundum
867 1693 62 49 esse
906 1693 93 49 scilicet
976 1693 62 49 quod
1015 1693 117 49 impossibile
1108 1693 55 49 est
1140 1693 78 49 animam
1186 1693 47 49 esse

736 1722 103 48 sine
801 1722 155 48 corpore,
917 1722 103 48 nisi
981 1722 181 48 aequiuoce.
1123 1722 90 48 Et,
1162 1722 77 48 quia

734 1766 140 53 corpora
836 1766 166 53 simplicia
964 1766 102 53 sunt
1028 1766 89 53 vna
1079 1766 153 53 secundum
1181 1766 64 53 de-

727 1809 185 49 finitionem,
875 1809 62 49 &
900 1809 124 49 nullum
986 1809 111 49 eorum
1060 1809 86 49 pot
1110 1809 124 49 diuidi
1184 1809 49 49 in
