1416 2066
173 179 104 55 re,
232 179 104 55 aut
292 179 104 55 est
351 179 148 55 dicere
454 179 118 55 quod
514 179 192 55 transfertur

202 225 259 59 vniuersaliter
415 225 92 59 ad
461 225 153 59 locum,
568 225 122 59 quem
629 225 76 59 ha-

193 269 125 61 bet,
271 269 109 61 aut
334 269 94 61 vt
381 269 187 61 sequatur
506 269 156 61 insimul.

194 324 82 56 Et
235 324 95 56 est
290 324 109 56 quod
358 324 123 56 vtrum
440 324 123 56 quies
522 324 164 56 violenta
631 324 68 56 ha-

190 363 92 56 beat
248 363 196 56 generationem,
410 363 138 56 quoniam,
513 363 69 56 si
548 363 104 56 quies
606 363 92 56 violem

193 404 67 50 ta
226 404 79 50 non
271 404 79 50 est
316 404 124 50 semper:
406 404 67 50 et
440 404 101 50 omnis
507 404 112 50 quies,
586 404 90 50 quae
642 404 79 50 non

191 443 94 39 est
244 443 148 39 semper,
352 443 94 39 est
406 443 175 39 generata:
540 443 148 39 necesse
635 443 67 39 est

200 478 73 53 vt
236 478 109 53 quies
309 478 146 53 violenta
419 478 85 53 sit
467 478 158 53 generata.
589 478 61 53 &
601 478 97 53 intel-

193 517 99 52 ligo
255 517 87 52 per
304 517 199 52 generationem
466 517 137 52 quietem
565 517 124 52 factam
640 517 62 52 cum

194 552 113 54 motu,
270 552 63 54 &
295 552 88 54 hoc
345 552 189 54 intendebat,
497 552 88 54 cum
547 552 76 54 d.
572 552 126 54 quoniam,

197 588 58 55 si
226 588 87 55 omnis
284 588 97 55 quies,
352 588 68 55 &c.
391 588 58 55 i.
420 588 116 55 quoniam,
507 588 58 55 si
536 588 87 55 omnis
594 588 87 55 quies
643 588 48 55 non

193 630 74 50 est
236 630 116 50 semper,
320 630 116 50 quoniam
405 630 85 50 modo
458 630 74 50 non
500 630 85 50 est,
553 630 106 50 deinde
617 630 74 50 erit,

192 669 151 51 necesse
302 669 96 51 est
357 669 82 51 vt
398 669 123 51 quies
480 669 164 51 violenta
589 669 110 51 habeat

187 707 185 48 gnationem.
332 707 66 48 &
358 707 158 48 itelligo
477 707 92 48 per
517 707 171 48 cessationem

193 742 82 52 ire
240 742 70 52 ad
275 742 164 52 cessandum.
404 742 82 52 Et,
451 742 82 52 cum
497 742 164 52 declarauit
626 742 94 52 quod

185 786 78 45 ex
224 786 91 45 hoc
276 786 143 45 sermone
380 786 156 45 sequitur
498 786 104 45 quod
563 786 117 45 quies
628 786 65 45 vio

190 820 107 52 lenta
261 820 83 52 est
309 820 154 52 generata,
427 820 142 52 scilicet
533 820 107 52 facta
604 820 71 52 ex
628 820 71 52 motu

195 860 147 47 violento,
307 860 124 47 induxit
398 860 180 47 impossibile,
544 860 90 47 quid
589 860 113 47 sequitur

195 895 66 51 ex
228 895 89 51 hoc,
283 895 55 51 &
306 895 66 51 d.
339 895 122 51 quoniam
427 895 111 51 illud,
505 895 89 51 quid
549 895 144 51 transfertui

190 932 139 38 superius
295 932 151 38 violente,
411 932 151 38 cessabit.
527 932 70 38 i.
561 932 93 38 sed,
619 932 70 38 si
643 932 46 38 po

187 967 154 43 suerimus
303 967 103 43 quod
367 967 116 43 quies
445 967 154 43 violenta
560 967 116 43 habet
625 967 64 43 ge-

187 1005 207 39 nerationem,
353 1005 124 39 sicut
435 1005 124 39 habet
518 1005 124 39 quies
587 1005 110 39 natura

192 1042 91 55 lis,
249 1042 137 55 sequitur
351 1042 68 55 ex
385 1042 91 55 hoc,
442 1042 68 55 vt
476 1042 114 55 illud,
556 1042 91 55 quid
602 1042 91 55 trans-

187 1081 124 44 fertur
273 1081 161 44 violente,
397 1081 198 44 transferatur
559 1081 74 44 vt
583 1081 112 44 cesset,

193 1120 108 39 sicut
265 1120 121 39 illum,
350 1120 96 39 quid
410 1120 133 39 mouetur
506 1120 193 39 naturaliter.
651 1120 36 39 D

195 1157 67 53 d.
228 1157 78 53 sed
273 1157 112 53 illud,
352 1157 90 53 quid
408 1157 123 53 cessat,
497 1157 78 53 &c.
542 1157 67 53 i.
576 1157 78 53 sed
609 1157 90 53 illud,

194 1204 84 43 quod
247 1204 116 43 cessat,
331 1204 126 43 secundum
426 1204 84 43 quod
478 1204 126 43 cessatio
573 1204 84 43 eius
615 1204 84 43 genera

194 1236 107 48 tur,
261 1236 80 48 i.
301 1236 94 48 fit
354 1236 80 48 ex
394 1236 107 48 motu
461 1236 174 48 naturali,
582 1236 120 48 apparet

194 1271 87 51 quod
248 1271 152 51 translatio
368 1271 87 51 eius
422 1271 87 51 erit
477 1271 141 51 velocior,
585 1271 109 51 quando
651 1271 43 51 ap

173 1311 205 45 propinquat
335 1311 132 45 loco,
423 1311 88 45 in
466 1311 103 45 quo
525 1311 161 45 innatum
628 1311 73 45 est

193 1347 155 50 cessare,
310 1347 117 50 sicut
387 1347 91 50 est
439 1347 117 50 dispo
517 1347 78 50 in
556 1347 104 50 moto
607 1347 91 50 natu-

198 1384 148 42 raliter.
309 1384 62 42 &
334 1384 111 42 motum
408 1384 161 42 violentum
531 1384 87 42 est
568 1384 124 42 econtra-

196 1420 56 53 no
224 1420 112 53 scilicet
308 1420 103 53 quoniam
383 1420 84 53 omnis
439 1420 84 53 motus
495 1420 66 53 est
533 1420 131 53 remissior,
626 1420 75 53 quando

194 1460 213 38 appropinquat
367 1460 120 38 loco,
447 1460 93 38 cum
500 1460 93 38 quo
553 1460 147 38 cessat.
660 1460 67 38 &

193 1499 94 43 ideo
252 1499 106 43 motus
323 1499 94 43 eius
382 1499 83 43 non
429 1499 83 43 est
476 1499 106 43 prper
547 1499 141 43 quietem.
653 1499 71 43 &,

190 1534 91 50 cum
242 1534 91 50 ita
294 1534 104 50 sit,
360 1534 157 50 cessatio
477 1534 104 50 eius
542 1534 91 50 non
595 1534 104 50 erit
647 1534 52 50 ge

196 1579 122 39 nerata,
284 1579 55 39 &
307 1579 77 39 sic
351 1579 144 39 quiescet,
462 1579 89 39 ita,
517 1579 89 39 quod
572 1579 111 39 nunque
639 1579 55 39 ve-

188 1610 101 40 nit
245 1610 87 40 ad
289 1610 173 40 quietem.
419 1610 87 40 Et
462 1610 101 40 hoc
505 1610 188 40 intendebat,

189 1646 94 45 cum
242 1646 81 45 d.
283 1646 108 45 ergo
350 1646 108 45 erit
418 1646 189 45 quiescens,
566 1646 94 45 &c.
620 1646 81 45 i.
661 1646 67 45 &

191 1688 92 42 cum
244 1688 132 42 illud,
336 1688 106 42 quid
402 1688 145 42 mouetur
507 1688 171 42 violente,
626 1688 66 42 non

195 1722 163 51 mouetur,
318 1722 82 51 vt
359 1722 150 51 cesset,
468 1722 109 51 tunc
536 1722 136 51 illud,
617 1722 82 51 quod

199 1765 146 41 mouetur,
308 1765 97 41 erit
369 1765 158 41 quiescens
490 1765 122 41 absque
576 1765 85 41 eo,
624 1765 97 41 quod

187 1803 116 48 quies
265 1803 103 48 eius
329 1803 168 48 generetur
458 1803 103 48 quod
523 1803 90 48 est
562 1803 142 48 impossibi

723 179 90 39 le.
774 179 103 39 D.d.
839 179 77 39 Et
877 179 205 39 existimatur,
1044 179 90 39 &c.
1095 179 77 39 i.
1133 179 64 39 &
1146 179 90 39 appet

721 222 107 43 quod,
792 222 83 43 cum
840 222 130 43 dicimus
935 222 130 43 aliquid
1029 222 142 43 cessare,
1124 222 107 43 intendi

717 261 92 37 mus
770 261 145 37 alterum
875 261 145 37 duorum,
981 261 92 37 aut
1033 261 92 37 ire
1086 261 79 37 ad
1112 261 106 37 cessan

716 296 99 46 dum,
778 296 62 46 &
802 296 174 46 transferri
939 296 74 46 ad
976 296 124 46 ipsum,
1063 296 87 46 aut
1112 296 99 46 quod
1162 296 62 46 mo-

720 333 106 39 tus,
786 333 66 39 &
812 333 119 39 quies
892 333 106 39 sunt
958 333 172 39 insimuli.
1091 333 93 39 aut
1144 333 106 39 quod

724 373 127 44 quies
808 373 99 44 est
865 373 239 44 inseparabilis
1062 373 70 44 a
1090 373 127 44 motu,
1161 373 70 44 aut

717 407 145 46 ganeata
822 407 92 46 cum
875 407 119 46 motu:
954 407 66 46 &
981 407 106 46 haec
1047 407 92 46 duo
1099 407 92 46 non
1152 407 92 46 in

717 441 152 41 ueniuntur
834 441 70 41 in
870 441 105 41 illo,
940 441 94 41 quid
998 441 141 41 quiescit
1092 441 129 41 violente:

719 481 105 52 ergo
784 481 144 52 necesse
889 481 92 52 est
942 481 79 52 vt
981 481 131 52 illud,
1073 481 105 52 quod
1125 481 92 52 quie-

712 518 118 47 scit
786 518 191 47 violente,
933 518 103 47 non
992 518 147 47 veniat
1095 518 88 47 ad
1124 518 103 47 quie-

716 557 179 36 scendum:
850 557 75 36 &
880 557 104 36 sic
940 557 134 36 quies
1029 557 119 36 eius
1104 557 104 36 non
1148 557 75 36 ha-

714 595 144 47 bebit
794 595 224 47 generationem

755 651 129 47 Habet
841 651 129 47 autem
926 651 243 47 dubitationem,
1127 651 86 47 si
1155 651 72 47 com

712 692 129 52 traria
803 692 90 52 est
854 692 129 52 quies,
945 692 103 52 quae
1009 692 90 52 est
1061 692 103 52 hic,
1126 692 90 52 ei,
1164 692 65 52 qui

710 732 110 45 hinc
779 732 110 45 est,
848 732 138 45 motui.
945 732 97 45 cum
1000 732 110 45 enim
1069 732 152 45 mouetur
1166 732 55 45 ex

715 772 90 56 hoc,
771 772 79 56 aut
816 772 102 56 etiam
884 772 136 56 abficit,
986 772 102 56 adhuc
1054 772 147 56 vnidetulr
1155 772 57 56 ha-

714 812 99 59 bere
775 812 86 59 id,
825 812 99 59 quid
886 812 185 59 abficitumr,
1034 812 123 59 quare,
1120 812 74 59 si
1145 812 74 59 haec

709 854 124 45 quies
792 854 179 45 contraria
930 854 96 45 est
985 854 96 45 ei,
1040 854 96 45 qui
1095 854 110 45 hinc
1150 854 69 45 est

706 896 94 42 in
753 896 235 42 contrarium,
941 896 157 42 motui,
1035 896 188 42 simulerunt

713 939 220 39 contraria.
886 939 94 39 An
934 939 157 39 aliquo
1044 939 126 39 modo
1107 939 110 39 quie-

709 981 131 38 scit,
797 981 88 38 si
841 981 131 38 adhuc
928 981 146 38 manet.
1030 981 146 38 omnino
1118 981 102 38 autem

710 1019 139 47 eius,
802 1019 124 47 quid
879 1019 185 47 mouetur,
1018 1019 139 47 aliud
1096 1019 124 47 quidem

703 1059 117 42 ibi,
776 1059 131 42 aliud
864 1059 131 42 autem
951 1059 117 42 est,
1024 1059 88 42 in
1068 1059 117 42 quod
1126 1059 88 42 muta

710 1100 134 52 tur.
794 1100 234 52 quapropter
977 1100 83 52 &
1011 1100 150 52 magis
1094 1100 117 52 motus

707 1149 154 45 motui
810 1149 257 45 contrarius,
1015 1149 137 45 quam
1083 1149 137 45 quies.

761 1180 85 63 Et
803 1180 99 63 est
860 1180 114 63 quod
931 1180 128 63 vtrum
1016 1180 128 63 quies
1101 1180 99 63 hic
1144 1180 71 63 est

710 1235 187 55 contraria
853 1235 129 55 motui
940 1235 86 55 ex
983 1235 115 55 hoc,
1055 1235 158 55 quonia,
1155 1235 72 55 qua

717 1276 90 55 do
762 1276 166 55 mouetur
883 1276 166 55 aliquid
1003 1276 90 55 ab
1048 1276 166 55 aliquo,
1169 1276 75 55 &

717 1321 195 59 separatur
867 1321 90 59 ab
912 1321 105 59 eo,
972 1321 225 59 existimatur
1137 1321 90 59 quod

717 1366 90 64 Ieo
769 1366 90 64 est
820 1366 129 64 illud,
911 1366 65 64 a
937 1366 90 64 quo
988 1366 181 64 separatur.
1131 1366 78 64 si
1156 1366 65 64 igi

714 1416 98 58 tur
770 1416 112 58 ista
840 1416 125 58 quies
923 1416 98 58 est
979 1416 181 58 contraria
1104 1416 112 58 motui,

715 1460 89 62 ex
760 1460 104 62 hoc
819 1460 118 62 erut
893 1460 104 62 duo
952 1460 177 62 cotraria
1070 1460 148 62 insimul.

709 1509 102 53 Ad
760 1509 119 53 hoc
828 1509 153 53 autem
930 1509 204 53 dicamus,
1066 1509 153 53 quonia,

714 1553 79 50 et
753 1553 79 50 si
793 1553 119 50 adhuc
873 1553 93 50 est
926 1553 185 50 quiescens,
1071 1553 119 50 quies
1138 1553 79 50 eius

721 1600 130 59 quod
802 1600 146 59 ammo.
899 1600 97 59 et
948 1600 275 59 vniuersaliter
1158 1600 65 59 mo

716 1644 84 63 ti
758 1644 155 63 quoddam
871 1644 98 63 est
927 1644 141 63 illic,
1025 1644 70 63 &
1053 1644 155 63 quoddam
1166 1644 84 63 in

712 1692 103 62 eo,
771 1692 88 62 ad
815 1692 118 62 quod
889 1692 250 62 transmutatur.
1080 1692 147 62 quoniam,

707 1741 141 61 motus
801 1741 172 61 dignior
926 1741 109 61 est
989 1741 94 61 vt
1036 1741 109 61 sit
1082 1741 141 61 contra-

707 1796 130 54 rius
788 1796 162 54 motui,
901 1796 130 54 quam
966 1796 130 54 quies.
