1416 2066
165 180 72 46 &
193 180 187 46 fuctuari.
337 180 86 46 &,
380 180 86 46 si
424 180 101 46 hoc
481 180 101 46 non
524 180 173 46 acciderit,

189 226 171 48 continget,
323 226 122 48 quando
408 226 73 48 ex
445 226 98 48 aere
506 226 159 48 generatur
616 226 73 48 aqua

189 262 80 49 in
229 262 133 49 aliquo
322 262 120 49 loco,
401 262 80 49 vt
441 262 80 49 in
481 262 106 49 illa
547 262 106 49 hora
600 262 80 49 gene

187 307 102 42 retur
254 307 79 42 aer
300 307 68 42 ex
333 307 90 42 aqua
390 307 124 42 aequali
480 307 90 42 illi
536 307 90 42 aeri
593 307 68 42 in
615 307 68 42 alio

182 338 112 53 loco,
256 338 100 53 ita,
319 338 100 53 quod
381 338 137 53 quantum
481 338 125 53 corpus
556 338 137 53 continens

180 380 127 38 aquam
265 380 198 38 expellitur
420 380 113 38 apud
476 380 212 38 generationem,

182 418 117 40 aeris
260 418 78 40 ex
299 418 117 40 aqua,
377 418 78 40 vt
416 418 143 40 euacuet
521 418 130 40 locum,
599 418 78 40 tan-

186 448 100 59 tum
243 448 242 59 constringetur
442 448 142 59 corpus
527 448 157 59 continens

178 493 129 56 aerem
264 493 86 56 ab
307 493 129 56 aqua,
392 493 86 56 ex
435 493 100 56 qua
493 493 200 56 generatur:
650 493 72 56 &

180 541 92 46 sic
232 541 144 46 quantum
337 541 131 46 corpus
429 541 170 46 continens
560 541 118 46 illic
625 541 66 46 eua

181 581 104 44 cuat
246 581 78 44 ex
285 581 117 44 illo,
364 581 117 44 tundu
442 581 144 44 occupat
546 581 91 44 hoc
599 581 78 44 ex
625 581 65 44 hoc

185 610 127 54 loco:
269 610 70 54 &
297 610 98 54 sic
354 610 98 54 non
410 610 183 54 continget
536 610 155 54 inundatio

189 656 173 34 vniuersi,
321 656 93 34 sed
375 656 119 34 motus
454 656 173 34 perueniet
587 656 80 34 ad
613 656 80 34 hunc

181 689 119 41 locum
260 689 132 41 vacuum
353 689 159 41 scilicet
472 689 106 41 quem
538 689 93 41 aer
578 689 106 41 euacua

182 729 104 52 uit,
247 729 130 52 quando
338 729 78 52 ex
377 729 78 52 eo
416 729 195 52 generabatur
572 729 117 52 aqua.
637 729 52 52 D.

165 769 123 41 dixit
247 769 109 41 ita,
315 769 109 41 quod
384 769 123 41 totum
466 769 136 41 corpus
548 769 136 41 vniuersi

184 805 84 56 sit
232 805 144 56 aequale,
340 805 72 56 i.
376 805 132 56 quoniam
472 805 84 56 non
520 805 132 56 accidit
604 805 84 56 inun-

185 845 128 56 datio,
275 845 116 56 neque
352 845 141 56 additio
455 845 77 56 in
493 845 141 56 corpore
583 845 103 56 vniuer

181 884 92 53 si.
233 884 145 53 quoniam
339 884 145 53 quantum
444 884 145 53 additur
549 884 79 53 in
576 884 105 53 aliquo

183 925 103 37 loco,
251 925 114 37 tandum
331 925 160 37 diminuitur
457 925 69 37 in
491 925 103 37 alio:
559 925 57 37 &
582 925 80 37 sic
616 925 69 37 vni-

182 964 140 48 uersum
280 964 182 48 remanebit
420 964 84 48 in
463 964 126 48 eadem
547 964 84 48 di
575 964 112 48 spaone

194 1004 171 46 D.dixit:
322 1004 100 46 aut
379 1004 86 46 vt
422 1004 128 46 nihil
508 1004 186 46 moueatur,
636 1004 43 46 i

178 1040 72 51 &
206 1040 101 51 cum
264 1040 144 51 fuerit
365 1040 216 51 impossibile
523 1040 159 51 vniuersum

184 1077 183 45 inundari,
325 1077 70 45 &
353 1077 99 45 non
409 1077 239 45 concesserimus
592 1077 99 45 etiam

178 1121 101 48 quod
241 1121 126 48 gnatio
329 1121 88 48 est
379 1121 138 48 insimul
480 1121 151 48 aequalis
593 1121 75 48 in
618 1121 63 48 ea-

184 1159 95 44 dem
239 1159 123 44 hora,
321 1159 163 44 sequitur
443 1159 82 44 ex
484 1159 95 44 hoc
538 1159 82 44 vt
579 1159 95 44 non
620 1159 68 44 sit

184 1200 209 50 translatio,
351 1200 125 50 neque
435 1200 181 50 generatio
561 1200 125 50 omnino.

180 1236 132 46 Deinde
272 1236 158 46 incoepit
391 1236 171 46 declarare
523 1236 145 46 quomodo
615 1236 66 46 fe-

188 1277 134 48 quitur
282 1277 94 48 hoc
335 1277 81 48 in
376 1277 175 48 tanslato,
510 1277 67 48 &
537 1277 134 48 dixit:
618 1277 67 48 hoc

183 1316 94 51 enim
242 1316 152 51 sequitur,
359 1316 82 51 &c.
406 1316 70 51 i.
441 1316 129 51 quoniam
535 1316 105 51 motum
593 1316 94 51 trans-

165 1356 168 38 lationis
291 1356 154 38 auferri
403 1356 84 38 ex
445 1356 182 38 ablatione
571 1356 112 38 densi-

182 1396 108 46 tatis
254 1396 155 46 sequitur,
373 1396 72 46 si
409 1396 167 46 posuerimus
541 1396 96 46 quod
588 1396 96 46 trans-

178 1437 125 45 latum
261 1437 167 45 expellit
386 1437 111 45 quod
456 1437 181 45 vicinatur
595 1437 97 45 ei,
650 1437 69 45 &

182 1472 122 50 illud
264 1472 163 50 expulsum
386 1472 122 50 etiam
468 1472 163 50 expellit
576 1472 109 50 aliud,

182 1513 61 52 &
206 1513 85 52 sic
255 1513 134 52 semper.
352 1513 134 52 quoniam
449 1513 73 52 ex
486 1513 85 52 hoc
534 1513 146 52 sequitur
631 1513 49 52 vt

180 1557 127 48 torum
264 1557 197 48 inundetur,
419 1557 113 48 nisi
490 1557 155 48 aliquis
588 1557 99 48 ponat

181 1590 95 52 quod
241 1590 107 52 omnis
312 1590 166 52 transsatio
443 1590 83 52 est
490 1590 178 52 circularis.
633 1590 83 52 sed

184 1629 97 56 est
240 1629 194 56 manifestum
392 1629 97 56 per
447 1629 97 56 se,
503 1629 111 56 quod
572 1629 97 56 non
614 1629 69 56 om-

180 1669 91 46 nis
232 1669 183 46 translatio
376 1669 91 46 est
428 1669 196 46 circularis,
585 1669 91 46 cum
624 1669 65 46 sit

181 1710 89 46 hic
232 1710 179 46 translatio
360 1710 102 46 recta.

208 1749 129 45 Nos
281 1749 165 45 autem
391 1749 202 45 dicimus
538 1749 110 45 ex
575 1749 110 45 sup-

178 1792 165 58 positis,
302 1792 110 58 quod
371 1792 96 58 est
426 1792 152 58 materia
536 1792 96 58 vna
578 1792 110 58 contra

175 1837 160 45 riorum,
291 1837 160 45 calidi,
407 1837 73 45 &
436 1837 174 45 frigidi,
566 1837 73 45 &
581 1837 102 45 alia.

177 1884 106 46 rum
237 1884 212 46 naturalium
404 1884 287 46 contrarietatum,
631 1884 60 46 et

703 180 82 54 ex
744 180 96 54 eo,
799 180 110 54 quod
868 180 165 54 potentia
991 180 96 54 est
1046 180 96 54 id,
1088 180 124 54 quidest

706 228 129 50 actu,
791 228 114 50 sit.
863 228 71 50 &
891 228 100 50 non
949 228 214 50 separabilis
1106 228 114 50 quidem

708 268 96 47 est
763 268 164 47 materia,
886 268 109 47 ipso
954 268 123 47 autem
1036 268 109 47 esse
1091 268 123 47 diuersa

706 311 114 43 est.
777 311 71 43 &
806 311 100 43 vna
863 311 100 43 est
920 311 157 43 numero,
1034 311 86 43 si
1077 311 129 43 forte
1149 311 71 43 fue

702 355 100 56 rit
759 355 171 56 coloris,
887 355 71 56 &
916 355 228 56 caliditatis,
1101 355 71 56 &
1115 355 100 56 frigi

708 397 183 44 ditatis.
845 397 107 44 Est
906 397 137 44 autem
998 397 76 44 &
1028 397 183 44 corporis
1150 397 61 44 ma

699 445 166 45 teria,
815 445 83 45 &
849 445 166 45 magni,
964 445 83 45 &
998 445 149 45 parui
1080 445 133 45 eadem.

707 485 185 44 manifestum
852 485 119 44 autem
931 485 105 44 est.
997 485 92 44 cum
1050 485 105 44 enim
1116 485 79 44 ex
1142 485 79 44 aqua

700 523 147 47 factus
803 523 103 47 est
862 523 118 47 aer,
936 523 132 47 eadem
1024 523 162 47 materia
1141 523 103 47 non

700 572 157 51 insuper
814 572 185 51 accipiens
956 572 157 51 aliquid
1070 572 128 51 aliud
1141 572 71 51 fa-

706 612 96 54 cta
761 612 109 54 est,
829 612 96 54 sed
884 612 109 54 quod
952 612 109 54 erat
1021 612 164 54 potentia
1130 612 82 54 actu

704 652 126 46 facta
788 652 112 46 est:
858 652 126 46 atque
942 652 140 46 rursus
1039 652 112 46 aqua
1109 652 84 46 ex
1137 652 70 46 ae-

706 695 71 43 re
742 695 165 43 similiter,
872 695 154 43 aliquadeo
990 695 118 43 quidem
1072 695 71 43 in
1096 695 118 43 magnitu-

707 739 119 47 dinem
786 739 79 47 ex
826 739 185 47 paruitate,
972 739 172 47 aliquando
1104 739 106 47 vero
1157 739 53 47 in

711 781 194 45 paruitatem
864 781 83 45 ex
906 781 222 45 magnitudine.
1072 781 139 45 similite

701 819 147 47 ligitur
808 819 80 47 si
848 819 67 47 &
875 819 107 47 aer,
942 819 134 47 multus
1035 819 174 47 existens,
1169 819 80 47 in

697 863 172 43 minori
817 863 138 43 fiat
903 863 155 43 mole,
1007 863 86 43 &
1041 863 103 43 ex
1075 863 138 43 minori

704 915 152 40 maior,
810 915 182 40 potentia
946 915 182 40 existens
1083 915 106 40 fit
1128 915 91 40 mate

697 945 91 57 ria
749 945 156 57 vtraque.
866 945 78 57 vt
905 945 104 57 enim
970 945 78 57 ex
1009 945 143 57 frigido
1113 945 91 57 sit
1152 945 65 57 ca-

701 990 142 47 lidum,
800 990 71 47 &
828 990 85 47 ex
871 990 142 47 calido
970 990 184 47 frigidum,
1098 990 113 47 eadem,

704 1037 116 40 quia
777 1037 116 40 erat
850 1037 189 40 potentia,
996 1037 102 40 sic
1054 1037 73 40 &
1083 1037 87 40 ex
1112 1037 102 40 cali-

698 1073 92 57 do
744 1073 138 57 magis
835 1073 184 57 calidum,
973 1073 138 57 nullo
1065 1073 138 57 facto
1157 1073 92 57 in

698 1123 173 39 materia
824 1123 173 39 calido,
949 1123 126 39 quod
1028 1123 110 39 non
1091 1123 126 39 erat
1153 1123 63 39 ca

706 1162 148 51 lidum,
810 1162 148 51 quando
914 1162 134 51 minus
1003 1162 119 51 erat
1063 1162 148 51 calidum.

697 1204 134 47 Sicut
787 1204 134 47 neque
876 1204 164 47 maioris
995 1204 164 47 circuli
1100 1204 119 47 circum

700 1245 190 45 ferentia.
847 1245 73 45 &
876 1245 190 45 curuitas,
1023 1245 88 45 si
1067 1245 117 45 fiat
1125 1245 88 45 mino

705 1288 88 50 ris
756 1288 151 50 circuli,
869 1288 113 50 eadem
944 1288 88 50 cum
994 1288 100 50 sit,
1057 1288 88 50 aut
1107 1288 113 50 alia,
1170 1288 50 50 in

702 1332 128 46 nullo
787 1332 128 46 facta
873 1332 100 46 est
929 1332 185 46 curuitas,
1072 1332 114 46 quod
1129 1332 85 46 erat

701 1380 88 46 non
752 1380 138 46 curuum,
852 1380 88 46 sed
903 1380 138 46 rectum.
1004 1380 88 46 non
1054 1380 101 46 enim
1117 1380 76 46 ex
1142 1380 63 46 eo,

700 1421 115 45 quia
771 1421 258 45 intermittitur,
986 1421 129 45 ipsum
1072 1421 129 45 minus
1143 1421 72 45 aut

699 1460 123 54 magis
781 1460 109 54 est.
849 1460 123 54 neque
931 1460 95 54 est
985 1460 163 54 accipere
1094 1460 123 54 flammae

698 1501 261 53 magnitudinem
910 1501 196 53 aliquam,
1057 1501 98 53 in
1106 1501 114 53 qua
1171 1501 82 53 &

703 1548 146 46 albedo,
809 1548 80 46 et
849 1548 173 46 caliditas
982 1548 93 46 non
1035 1548 120 46 isit.
1115 1548 93 46 sic
1155 1548 66 46 igi

701 1589 103 50 tur
760 1589 73 50 &
789 1589 132 50 prior
877 1589 132 50 calor
965 1589 220 50 posteriori,
1126 1589 88 50 qure

704 1626 83 57 &
738 1626 231 57 magnitudo,
919 1626 83 57 &
952 1626 198 57 paruitas
1085 1626 132 57 Sensi-

705 1670 114 44 bilis
781 1670 127 44 molis,
870 1670 89 44 non
921 1670 127 44 isuper
1009 1670 177 44 accipiente
1136 1670 76 44 ali-

706 1713 100 51 quid
768 1713 149 51 materia,
880 1713 187 51 extenditur,
1029 1713 87 51 sed
1079 1713 100 51 quia
1129 1713 87 51 poten

708 1761 88 41 tia
759 1761 88 41 est
809 1761 139 41 materia
910 1761 176 41 vtriusque,
1049 1761 101 41 qure
1112 1761 88 41 est
1149 1761 76 41 idem

695 1796 187 44 densum,
831 1796 85 44 &
865 1796 170 44 rarum,
983 1796 85 44 &
1017 1796 119 44 vna
1068 1796 153 44 materia

693 1838 161 44 ipsorum
810 1838 117 44 est.
883 1838 102 44 est
942 1838 131 44 autem
1029 1838 131 44 ipsum
1102 1838 117 44 quidem

700 1881 160 58 densum
812 1881 160 58 graue,
924 1881 144 58 rarum
1020 1881 144 58 autem
1100 1881 112 58 leue.
