<?xml version="1.0" encoding="UTF-8"?>
<alto xmlns:xsi="http://www.w3.org/2001/XMLSchema-instance"
      xmlns="http://www.loc.gov/standards/alto/ns-v2#"
      xmlns:page="http://schema.primaresearch.org/PAGE/gts/pagecontent/2013-07-15"
      xsi:schemaLocation="http://www.loc.gov/standards/alto/ns-v2# http://www.loc.gov/standards/alto/alto.xsd">
   <Description>
      <MeasurementUnit>pixel</MeasurementUnit>
      <OCRProcessing ID="IdOcr">
         <ocrProcessingStep>
            <processingDateTime>2021-02-13T08:28:14.346-05:00</processingDateTime>
            <processingSoftware>
               <softwareCreator>READ COOP</softwareCreator>
               <softwareName>Transkribus</softwareName>
            </processingSoftware>
         </ocrProcessingStep>
      </OCRProcessing>
   </Description>
   <Tags/>
   <Layout>
      <Page ID="Page1" PHYSICAL_IMG_NR="1" HEIGHT="2066" WIDTH="1416">
         <TopMargin HEIGHT="0" WIDTH="1416" VPOS="0" HPOS="0"/>
         <LeftMargin HEIGHT="2066" WIDTH="0" VPOS="0" HPOS="0"/>
         <RightMargin HEIGHT="2066" WIDTH="0" VPOS="0" HPOS="1416"/>
         <BottomMargin HEIGHT="0" WIDTH="1416" VPOS="2066" HPOS="0"/>
         <PrintSpace HEIGHT="2066" WIDTH="1416" VPOS="0" HPOS="0">
            <TextBlock ID="TextRegion_1612965325146_1968"
                       HEIGHT="1705"
                       WIDTH="501"
                       VPOS="135"
                       HPOS="191">
               <Shape>
                  <Polygon POINTS="191,135 692,135 692,1840 191,1840"/>
               </Shape>
               <TextLine ID="line_1612965325243_1971"
                         BASELINE="219"
                         HEIGHT="46"
                         WIDTH="503"
                         VPOS="173"
                         HPOS="186">
                  <String HEIGHT="46" WIDTH="86" VPOS="173" HPOS="174" CONTENT="tia"/>
                  <SP HEIGHT="46" WIDTH="12" VPOS="173" HPOS="260"/>
                  <String HEIGHT="46" WIDTH="74" VPOS="173" HPOS="223" CONTENT="in"/>
                  <SP HEIGHT="46" WIDTH="12" VPOS="173" HPOS="296"/>
                  <String HEIGHT="46" WIDTH="86" VPOS="173" HPOS="260" CONTENT="eis"/>
                  <SP HEIGHT="46" WIDTH="12" VPOS="173" HPOS="345"/>
                  <String HEIGHT="46"
                          WIDTH="135"
                          VPOS="173"
                          HPOS="309"
                          CONTENT="dicitur"/>
                  <SP HEIGHT="46" WIDTH="12" VPOS="173" HPOS="444"/>
                  <String HEIGHT="46"
                          WIDTH="123"
                          VPOS="173"
                          HPOS="407"
                          CONTENT="duobus"/>
                  <SP HEIGHT="46" WIDTH="12" VPOS="173" HPOS="530"/>
                  <String HEIGHT="46"
                          WIDTH="110"
                          VPOS="173"
                          HPOS="493"
                          CONTENT="modis"/>
                  <SP HEIGHT="46" WIDTH="12" VPOS="173" HPOS="603"/>
                  <String HEIGHT="46"
                          WIDTH="123"
                          VPOS="173"
                          HPOS="566"
                          CONTENT="dictis"/>
                  <SP HEIGHT="46" WIDTH="12" VPOS="173" HPOS="689"/>
                  <String HEIGHT="46" WIDTH="49" VPOS="173" HPOS="640" CONTENT="in"/>
               </TextLine>
               <TextLine ID="r3l3"
                         BASELINE="259"
                         HEIGHT="42"
                         WIDTH="498"
                         VPOS="217"
                         HPOS="199">
                  <String HEIGHT="42"
                          WIDTH="192"
                          VPOS="217"
                          HPOS="186"
                          CONTENT="addiscente,"/>
                  <SP HEIGHT="42" WIDTH="13" VPOS="217" HPOS="378"/>
                  <String HEIGHT="42" WIDTH="64" VPOS="217" HPOS="339" CONTENT="&amp;"/>
                  <SP HEIGHT="42" WIDTH="13" VPOS="217" HPOS="403"/>
                  <String HEIGHT="42"
                          WIDTH="153"
                          VPOS="217"
                          HPOS="365"
                          CONTENT="sciente."/>
                  <SP HEIGHT="42" WIDTH="13" VPOS="217" HPOS="518"/>
                  <String HEIGHT="42" WIDTH="64" VPOS="217" HPOS="480" CONTENT="&amp;"/>
                  <SP HEIGHT="42" WIDTH="13" VPOS="217" HPOS="544"/>
                  <String HEIGHT="42"
                          WIDTH="102"
                          VPOS="217"
                          HPOS="505"
                          CONTENT="quod"/>
                  <SP HEIGHT="42" WIDTH="13" VPOS="217" HPOS="608"/>
                  <String HEIGHT="42"
                          WIDTH="128"
                          VPOS="217"
                          HPOS="569"
                          CONTENT="illud,"/>
                  <SP HEIGHT="42" WIDTH="13" VPOS="217" HPOS="697"/>
                  <String HEIGHT="42" WIDTH="51" VPOS="217" HPOS="646" CONTENT="ex"/>
               </TextLine>
               <TextLine ID="r3l4"
                         BASELINE="305"
                         HEIGHT="44"
                         WIDTH="486"
                         VPOS="261"
                         HPOS="200">
                  <String HEIGHT="44" WIDTH="97" VPOS="261" HPOS="186" CONTENT="quo"/>
                  <SP HEIGHT="44" WIDTH="14" VPOS="261" HPOS="283"/>
                  <String HEIGHT="44"
                          WIDTH="181"
                          VPOS="261"
                          HPOS="242"
                          CONTENT="generatur"/>
                  <SP HEIGHT="44" WIDTH="14" VPOS="261" HPOS="422"/>
                  <String HEIGHT="44"
                          WIDTH="139"
                          VPOS="261"
                          HPOS="381"
                          CONTENT="graue,"/>
                  <SP HEIGHT="44" WIDTH="14" VPOS="261" HPOS="519"/>
                  <String HEIGHT="44" WIDTH="69" VPOS="261" HPOS="478" CONTENT="&amp;"/>
                  <SP HEIGHT="44" WIDTH="14" VPOS="261" HPOS="547"/>
                  <String HEIGHT="44"
                          WIDTH="125"
                          VPOS="261"
                          HPOS="505"
                          CONTENT="leue,"/>
                  <SP HEIGHT="44" WIDTH="14" VPOS="261" HPOS="630"/>
                  <String HEIGHT="44" WIDTH="97" VPOS="261" HPOS="589" CONTENT="est"/>
                  <SP HEIGHT="44" WIDTH="14" VPOS="261" HPOS="686"/>
                  <String HEIGHT="44" WIDTH="56" VPOS="261" HPOS="630" CONTENT="po"/>
               </TextLine>
               <TextLine ID="r3l5"
                         BASELINE="343"
                         HEIGHT="51"
                         WIDTH="492"
                         VPOS="292"
                         HPOS="201">
                  <String HEIGHT="51"
                          WIDTH="117"
                          VPOS="292"
                          HPOS="189"
                          CONTENT="tentia"/>
                  <SP HEIGHT="51" WIDTH="12" VPOS="292" HPOS="306"/>
                  <String HEIGHT="51"
                          WIDTH="129"
                          VPOS="292"
                          HPOS="271"
                          CONTENT="grauis,"/>
                  <SP HEIGHT="51" WIDTH="12" VPOS="292" HPOS="400"/>
                  <String HEIGHT="51" WIDTH="59" VPOS="292" HPOS="365" CONTENT="&amp;"/>
                  <SP HEIGHT="51" WIDTH="12" VPOS="292" HPOS="424"/>
                  <String HEIGHT="51"
                          WIDTH="105"
                          VPOS="292"
                          HPOS="388"
                          CONTENT="leuis"/>
                  <SP HEIGHT="51" WIDTH="12" VPOS="292" HPOS="494"/>
                  <String HEIGHT="51" WIDTH="70" VPOS="292" HPOS="459" CONTENT="in"/>
                  <SP HEIGHT="51" WIDTH="12" VPOS="292" HPOS="529"/>
                  <String HEIGHT="51" WIDTH="82" VPOS="292" HPOS="494" CONTENT="rei"/>
                  <SP HEIGHT="51" WIDTH="12" VPOS="292" HPOS="576"/>
                  <String HEIGHT="51"
                          WIDTH="152"
                          VPOS="292"
                          HPOS="541"
                          CONTENT="veritate."/>
                  <SP HEIGHT="51" WIDTH="12" VPOS="292" HPOS="693"/>
                  <String HEIGHT="51" WIDTH="59" VPOS="292" HPOS="658" CONTENT="&amp;"/>
                  <SP HEIGHT="51" WIDTH="12" VPOS="292" HPOS="716"/>
                  <String HEIGHT="51" WIDTH="23" VPOS="292" HPOS="670" CONTENT=""/>
               </TextLine>
               <TextLine ID="r3l6"
                         BASELINE="371"
                         HEIGHT="43"
                         WIDTH="491"
                         VPOS="328"
                         HPOS="198">
                  <String HEIGHT="43" WIDTH="90" VPOS="328" HPOS="185" CONTENT="cum"/>
                  <SP HEIGHT="43" WIDTH="13" VPOS="328" HPOS="276"/>
                  <String HEIGHT="43"
                          WIDTH="155"
                          VPOS="328"
                          HPOS="237"
                          CONTENT="exiuerit"/>
                  <SP HEIGHT="43" WIDTH="13" VPOS="328" HPOS="392"/>
                  <String HEIGHT="43" WIDTH="78" VPOS="328" HPOS="353" CONTENT="de"/>
                  <SP HEIGHT="43" WIDTH="13" VPOS="328" HPOS="431"/>
                  <String HEIGHT="43"
                          WIDTH="155"
                          VPOS="328"
                          HPOS="392"
                          CONTENT="potentia"/>
                  <SP HEIGHT="43" WIDTH="13" VPOS="328" HPOS="547"/>
                  <String HEIGHT="43" WIDTH="78" VPOS="328" HPOS="508" CONTENT="in"/>
                  <SP HEIGHT="43" WIDTH="13" VPOS="328" HPOS="586"/>
                  <String HEIGHT="43"
                          WIDTH="116"
                          VPOS="328"
                          HPOS="547"
                          CONTENT="actum"/>
                  <SP HEIGHT="43" WIDTH="13" VPOS="328" HPOS="663"/>
                  <String HEIGHT="43" WIDTH="78" VPOS="328" HPOS="611" CONTENT="erit"/>
               </TextLine>
               <TextLine ID="r3l7"
                         BASELINE="417"
                         HEIGHT="52"
                         WIDTH="490"
                         VPOS="365"
                         HPOS="203">
                  <String HEIGHT="52"
                          WIDTH="106"
                          VPOS="365"
                          HPOS="190"
                          CONTENT="leue"/>
                  <SP HEIGHT="52" WIDTH="13" VPOS="365" HPOS="296"/>
                  <String HEIGHT="52" WIDTH="79" VPOS="365" HPOS="256" CONTENT="in"/>
                  <SP HEIGHT="52" WIDTH="13" VPOS="365" HPOS="335"/>
                  <String HEIGHT="52"
                          WIDTH="119"
                          VPOS="365"
                          HPOS="296"
                          CONTENT="actu,"/>
                  <SP HEIGHT="52" WIDTH="13" VPOS="365" HPOS="415"/>
                  <String HEIGHT="52" WIDTH="93" VPOS="365" HPOS="375" CONTENT="aut"/>
                  <SP HEIGHT="52" WIDTH="13" VPOS="365" HPOS="468"/>
                  <String HEIGHT="52"
                          WIDTH="119"
                          VPOS="365"
                          HPOS="428"
                          CONTENT="graue"/>
                  <SP HEIGHT="52" WIDTH="13" VPOS="365" HPOS="547"/>
                  <String HEIGHT="52" WIDTH="79" VPOS="365" HPOS="508" CONTENT="in"/>
                  <SP HEIGHT="52" WIDTH="13" VPOS="365" HPOS="587"/>
                  <String HEIGHT="52"
                          WIDTH="119"
                          VPOS="365"
                          HPOS="547"
                          CONTENT="actu,"/>
                  <SP HEIGHT="52" WIDTH="13" VPOS="365" HPOS="667"/>
                  <String HEIGHT="52" WIDTH="79" VPOS="365" HPOS="614" CONTENT="nisi"/>
               </TextLine>
               <TextLine ID="r3l8"
                         BASELINE="450"
                         HEIGHT="45"
                         WIDTH="492"
                         VPOS="405"
                         HPOS="196">
                  <String HEIGHT="45"
                          WIDTH="150"
                          VPOS="405"
                          HPOS="182"
                          CONTENT="aliquid"/>
                  <SP HEIGHT="45" WIDTH="14" VPOS="405" HPOS="333"/>
                  <String HEIGHT="45"
                          WIDTH="178"
                          VPOS="405"
                          HPOS="292"
                          CONTENT="impediat."/>
                  <SP HEIGHT="45" WIDTH="14" VPOS="405" HPOS="469"/>
                  <String HEIGHT="45" WIDTH="82" VPOS="405" HPOS="428" CONTENT="Et"/>
                  <SP HEIGHT="45" WIDTH="14" VPOS="405" HPOS="510"/>
                  <String HEIGHT="45" WIDTH="96" VPOS="405" HPOS="469" CONTENT="hoc"/>
                  <SP HEIGHT="45" WIDTH="14" VPOS="405" HPOS="565"/>
                  <String HEIGHT="45"
                          WIDTH="178"
                          VPOS="405"
                          HPOS="510"
                          CONTENT="intendebat,"/>
               </TextLine>
               <TextLine ID="r3l9"
                         BASELINE="495"
                         HEIGHT="50"
                         WIDTH="491"
                         VPOS="445"
                         HPOS="202">
                  <String HEIGHT="50" WIDTH="76" VPOS="445" HPOS="191" CONTENT="cum"/>
                  <SP HEIGHT="50" WIDTH="11" VPOS="445" HPOS="267"/>
                  <String HEIGHT="50" WIDTH="65" VPOS="445" HPOS="235" CONTENT="d."/>
                  <SP HEIGHT="50" WIDTH="11" VPOS="445" HPOS="300"/>
                  <String HEIGHT="50"
                          WIDTH="142"
                          VPOS="445"
                          HPOS="267"
                          CONTENT="quandoque"/>
                  <SP HEIGHT="50" WIDTH="11" VPOS="445" HPOS="409"/>
                  <String HEIGHT="50" WIDTH="87" VPOS="445" HPOS="377" CONTENT="enim"/>
                  <SP HEIGHT="50" WIDTH="11" VPOS="445" HPOS="464"/>
                  <String HEIGHT="50"
                          WIDTH="142"
                          VPOS="445"
                          HPOS="431"
                          CONTENT="generatur"/>
                  <SP HEIGHT="50" WIDTH="11" VPOS="445" HPOS="573"/>
                  <String HEIGHT="50" WIDTH="65" VPOS="445" HPOS="540" CONTENT="ex"/>
                  <SP HEIGHT="50" WIDTH="11" VPOS="445" HPOS="606"/>
                  <String HEIGHT="50"
                          WIDTH="109"
                          VPOS="445"
                          HPOS="573"
                          CONTENT="graui,"/>
                  <SP HEIGHT="50" WIDTH="11" VPOS="445" HPOS="682"/>
                  <String HEIGHT="50" WIDTH="55" VPOS="445" HPOS="638" CONTENT="&amp;c."/>
               </TextLine>
               <TextLine ID="r3l10"
                         BASELINE="523"
                         HEIGHT="43"
                         WIDTH="488"
                         VPOS="480"
                         HPOS="202">
                  <String HEIGHT="43" WIDTH="53" VPOS="480" HPOS="191" CONTENT="&amp;"/>
                  <SP HEIGHT="43" WIDTH="11" VPOS="480" HPOS="244"/>
                  <String HEIGHT="43"
                          WIDTH="127"
                          VPOS="480"
                          HPOS="213"
                          CONTENT="potentia"/>
                  <SP HEIGHT="43" WIDTH="11" VPOS="480" HPOS="340"/>
                  <String HEIGHT="43"
                          WIDTH="95"
                          VPOS="480"
                          HPOS="308"
                          CONTENT="vera,"/>
                  <SP HEIGHT="43" WIDTH="11" VPOS="480" HPOS="404"/>
                  <String HEIGHT="43" WIDTH="85" VPOS="480" HPOS="372" CONTENT="quae"/>
                  <SP HEIGHT="43" WIDTH="11" VPOS="480" HPOS="457"/>
                  <String HEIGHT="43" WIDTH="74" VPOS="480" HPOS="425" CONTENT="est"/>
                  <SP HEIGHT="43" WIDTH="11" VPOS="480" HPOS="499"/>
                  <String HEIGHT="43"
                          WIDTH="95"
                          VPOS="480"
                          HPOS="467"
                          CONTENT="actio"/>
                  <SP HEIGHT="43" WIDTH="11" VPOS="480" HPOS="563"/>
                  <String HEIGHT="43"
                          WIDTH="95"
                          VPOS="480"
                          HPOS="531"
                          CONTENT="leuis"/>
                  <SP HEIGHT="43" WIDTH="11" VPOS="480" HPOS="626"/>
                  <String HEIGHT="43"
                          WIDTH="106"
                          VPOS="480"
                          HPOS="584"
                          CONTENT="scilicet"/>
               </TextLine>
               <TextLine ID="r3l11"
                         BASELINE="561"
                         HEIGHT="45"
                         WIDTH="487"
                         VPOS="516"
                         HPOS="201">
                  <String HEIGHT="45"
                          WIDTH="122"
                          VPOS="516"
                          HPOS="187"
                          CONTENT="motus"/>
                  <SP HEIGHT="45" WIDTH="14" VPOS="516" HPOS="309"/>
                  <String HEIGHT="45" WIDTH="81" VPOS="516" HPOS="269" CONTENT="ad"/>
                  <SP HEIGHT="45" WIDTH="14" VPOS="516" HPOS="350"/>
                  <String HEIGHT="45"
                          WIDTH="149"
                          VPOS="516"
                          HPOS="309"
                          CONTENT="supius,"/>
                  <SP HEIGHT="45" WIDTH="14" VPOS="516" HPOS="458"/>
                  <String HEIGHT="45" WIDTH="68" VPOS="516" HPOS="417" CONTENT="e"/>
                  <SP HEIGHT="45" WIDTH="14" VPOS="516" HPOS="485"/>
                  <String HEIGHT="45" WIDTH="81" VPOS="516" HPOS="445" CONTENT="in"/>
                  <SP HEIGHT="45" WIDTH="14" VPOS="516" HPOS="526"/>
                  <String HEIGHT="45"
                          WIDTH="122"
                          VPOS="516"
                          HPOS="485"
                          CONTENT="graui"/>
                  <SP HEIGHT="45" WIDTH="14" VPOS="516" HPOS="607"/>
                  <String HEIGHT="45" WIDTH="81" VPOS="516" HPOS="566" CONTENT="in"/>
                  <SP HEIGHT="45" WIDTH="14" VPOS="516" HPOS="647"/>
                  <String HEIGHT="45"
                          WIDTH="95"
                          VPOS="516"
                          HPOS="593"
                          CONTENT="actu,"/>
               </TextLine>
               <TextLine ID="r3l12"
                         BASELINE="603"
                         HEIGHT="39"
                         WIDTH="494"
                         VPOS="564"
                         HPOS="198">
                  <String HEIGHT="39" WIDTH="94" VPOS="564" HPOS="186" CONTENT="quod"/>
                  <SP HEIGHT="39" WIDTH="12" VPOS="564" HPOS="280"/>
                  <String HEIGHT="39" WIDTH="82" VPOS="564" HPOS="245" CONTENT="est"/>
                  <SP HEIGHT="39" WIDTH="12" VPOS="564" HPOS="327"/>
                  <String HEIGHT="39" WIDTH="94" VPOS="564" HPOS="292" CONTENT="leue"/>
                  <SP HEIGHT="39" WIDTH="12" VPOS="564" HPOS="386"/>
                  <String HEIGHT="39" WIDTH="71" VPOS="564" HPOS="351" CONTENT="in"/>
                  <SP HEIGHT="39" WIDTH="12" VPOS="564" HPOS="421"/>
                  <String HEIGHT="39"
                          WIDTH="118"
                          VPOS="564"
                          HPOS="386"
                          CONTENT="posse."/>
                  <SP HEIGHT="39" WIDTH="12" VPOS="564" HPOS="504"/>
                  <String HEIGHT="39" WIDTH="71" VPOS="564" HPOS="469" CONTENT="Et"/>
                  <SP HEIGHT="39" WIDTH="12" VPOS="564" HPOS="539"/>
                  <String HEIGHT="39"
                          WIDTH="141"
                          VPOS="564"
                          HPOS="504"
                          CONTENT="intendit"/>
                  <SP HEIGHT="39" WIDTH="12" VPOS="564" HPOS="645"/>
                  <String HEIGHT="39" WIDTH="82" VPOS="564" HPOS="610" CONTENT="per"/>
                  <SP HEIGHT="39" WIDTH="12" VPOS="564" HPOS="692"/>
                  <String HEIGHT="39" WIDTH="47" VPOS="564" HPOS="645" CONTENT="to"/>
               </TextLine>
               <TextLine ID="r3l13"
                         BASELINE="634"
                         HEIGHT="44"
                         WIDTH="482"
                         VPOS="590"
                         HPOS="204">
                  <String HEIGHT="44" WIDTH="77" VPOS="590" HPOS="193" CONTENT="tum"/>
                  <SP HEIGHT="44" WIDTH="11" VPOS="590" HPOS="270"/>
                  <String HEIGHT="44" WIDTH="77" VPOS="590" HPOS="237" CONTENT="hoc"/>
                  <SP HEIGHT="44" WIDTH="11" VPOS="590" HPOS="314"/>
                  <String HEIGHT="44"
                          WIDTH="99"
                          VPOS="590"
                          HPOS="281"
                          CONTENT="quod,"/>
                  <SP HEIGHT="44" WIDTH="11" VPOS="590" HPOS="379"/>
                  <String HEIGHT="44" WIDTH="77" VPOS="590" HPOS="346" CONTENT="cum"/>
                  <SP HEIGHT="44" WIDTH="11" VPOS="590" HPOS="423"/>
                  <String HEIGHT="44"
                          WIDTH="131"
                          VPOS="590"
                          HPOS="390"
                          CONTENT="potentia"/>
                  <SP HEIGHT="44" WIDTH="11" VPOS="590" HPOS="522"/>
                  <String HEIGHT="44"
                          WIDTH="99"
                          VPOS="590"
                          HPOS="489"
                          CONTENT="vera,"/>
                  <SP HEIGHT="44" WIDTH="11" VPOS="590" HPOS="587"/>
                  <String HEIGHT="44" WIDTH="88" VPOS="590" HPOS="555" CONTENT="quae"/>
                  <SP HEIGHT="44" WIDTH="11" VPOS="590" HPOS="642"/>
                  <String HEIGHT="44" WIDTH="77" VPOS="590" HPOS="609" CONTENT="est"/>
                  <SP HEIGHT="44" WIDTH="11" VPOS="590" HPOS="686"/>
                  <String HEIGHT="44" WIDTH="44" VPOS="590" HPOS="642" CONTENT="ad"/>
               </TextLine>
               <TextLine ID="r3l14"
                         BASELINE="681"
                         HEIGHT="55"
                         WIDTH="489"
                         VPOS="626"
                         HPOS="204">
                  <String HEIGHT="55"
                          WIDTH="119"
                          VPOS="626"
                          HPOS="191"
                          CONTENT="motum"/>
                  <SP HEIGHT="55" WIDTH="13" VPOS="626" HPOS="310"/>
                  <String HEIGHT="55"
                          WIDTH="145"
                          VPOS="626"
                          HPOS="270"
                          CONTENT="istorum"/>
                  <SP HEIGHT="55" WIDTH="13" VPOS="626" HPOS="415"/>
                  <String HEIGHT="55"
                          WIDTH="172"
                          VPOS="626"
                          HPOS="376"
                          CONTENT="corporum,"/>
                  <SP HEIGHT="55" WIDTH="13" VPOS="626" HPOS="548"/>
                  <String HEIGHT="55"
                          WIDTH="132"
                          VPOS="626"
                          HPOS="508"
                          CONTENT="fuerit"/>
                  <SP HEIGHT="55" WIDTH="13" VPOS="626" HPOS="640"/>
                  <String HEIGHT="55" WIDTH="79" VPOS="626" HPOS="600" CONTENT="in"/>
                  <SP HEIGHT="55" WIDTH="13" VPOS="626" HPOS="680"/>
                  <String HEIGHT="55" WIDTH="66" VPOS="626" HPOS="627" CONTENT="eo,"/>
               </TextLine>
               <TextLine ID="r3l15"
                         BASELINE="719"
                         HEIGHT="51"
                         WIDTH="488"
                         VPOS="668"
                         HPOS="207">
                  <String HEIGHT="51" WIDTH="86" VPOS="668" HPOS="193" CONTENT="ex"/>
                  <SP HEIGHT="51" WIDTH="14" VPOS="668" HPOS="279"/>
                  <String HEIGHT="51" WIDTH="100" VPOS="668" HPOS="236" CONTENT="quo"/>
                  <SP HEIGHT="51" WIDTH="14" VPOS="668" HPOS="336"/>
                  <String HEIGHT="51"
                          WIDTH="215"
                          VPOS="668"
                          HPOS="293"
                          CONTENT="generantur:"/>
                  <SP HEIGHT="51" WIDTH="14" VPOS="668" HPOS="508"/>
                  <String HEIGHT="51" WIDTH="72" VPOS="668" HPOS="465" CONTENT="&amp;"/>
                  <SP HEIGHT="51" WIDTH="14" VPOS="668" HPOS="537"/>
                  <String HEIGHT="51"
                          WIDTH="115"
                          VPOS="668"
                          HPOS="494"
                          CONTENT="ista"/>
                  <SP HEIGHT="51" WIDTH="14" VPOS="668" HPOS="609"/>
                  <String HEIGHT="51"
                          WIDTH="144"
                          VPOS="668"
                          HPOS="551"
                          CONTENT="potentia"/>
               </TextLine>
               <TextLine ID="r3l16"
                         BASELINE="747"
                         HEIGHT="45"
                         WIDTH="484"
                         VPOS="702"
                         HPOS="203">
                  <String HEIGHT="45" WIDTH="89" VPOS="702" HPOS="190" CONTENT="non"/>
                  <SP HEIGHT="45" WIDTH="13" VPOS="702" HPOS="279"/>
                  <String HEIGHT="45"
                          WIDTH="102"
                          VPOS="702"
                          HPOS="241"
                          CONTENT="exit"/>
                  <SP HEIGHT="45" WIDTH="13" VPOS="702" HPOS="343"/>
                  <String HEIGHT="45" WIDTH="76" VPOS="702" HPOS="305" CONTENT="in"/>
                  <SP HEIGHT="45" WIDTH="13" VPOS="702" HPOS="381"/>
                  <String HEIGHT="45"
                          WIDTH="127"
                          VPOS="702"
                          HPOS="343"
                          CONTENT="actum,"/>
                  <SP HEIGHT="45" WIDTH="13" VPOS="702" HPOS="470"/>
                  <String HEIGHT="45"
                          WIDTH="102"
                          VPOS="702"
                          HPOS="432"
                          CONTENT="nisi"/>
                  <SP HEIGHT="45" WIDTH="13" VPOS="702" HPOS="534"/>
                  <String HEIGHT="45" WIDTH="64" VPOS="702" HPOS="496" CONTENT="a"/>
                  <SP HEIGHT="45" WIDTH="13" VPOS="702" HPOS="560"/>
                  <String HEIGHT="45"
                          WIDTH="178"
                          VPOS="702"
                          HPOS="521"
                          CONTENT="generante,"/>
                  <SP HEIGHT="45" WIDTH="13" VPOS="702" HPOS="700"/>
                  <String HEIGHT="45" WIDTH="38" VPOS="702" HPOS="649" CONTENT="&amp;"/>
               </TextLine>
               <TextLine ID="r3l17"
                         BASELINE="787"
                         HEIGHT="38"
                         WIDTH="492"
                         VPOS="749"
                         HPOS="200">
                  <String HEIGHT="38"
                          WIDTH="129"
                          VPOS="749"
                          HPOS="187"
                          CONTENT="agente"/>
                  <SP HEIGHT="38" WIDTH="13" VPOS="749" HPOS="317"/>
                  <String HEIGHT="38"
                          WIDTH="129"
                          VPOS="749"
                          HPOS="278"
                          CONTENT="graue,"/>
                  <SP HEIGHT="38" WIDTH="13" VPOS="749" HPOS="407"/>
                  <String HEIGHT="38" WIDTH="91" VPOS="749" HPOS="368" CONTENT="aut"/>
                  <SP HEIGHT="38" WIDTH="13" VPOS="749" HPOS="459"/>
                  <String HEIGHT="38"
                          WIDTH="117"
                          VPOS="749"
                          HPOS="420"
                          CONTENT="leue:"/>
                  <SP HEIGHT="38" WIDTH="13" VPOS="749" HPOS="537"/>
                  <String HEIGHT="38"
                          WIDTH="142"
                          VPOS="749"
                          HPOS="498"
                          CONTENT="necesse"/>
                  <SP HEIGHT="38" WIDTH="13" VPOS="749" HPOS="640"/>
                  <String HEIGHT="38" WIDTH="91" VPOS="749" HPOS="601" CONTENT="est"/>
                  <SP HEIGHT="38" WIDTH="13" VPOS="749" HPOS="692"/>
                  <String HEIGHT="38" WIDTH="52" VPOS="749" HPOS="640" CONTENT="vt"/>
               </TextLine>
               <TextLine ID="r3l18"
                         BASELINE="826"
                         HEIGHT="45"
                         WIDTH="487"
                         VPOS="781"
                         HPOS="202">
                  <String HEIGHT="45"
                          WIDTH="129"
                          VPOS="781"
                          HPOS="188"
                          CONTENT="motor"/>
                  <SP HEIGHT="45" WIDTH="14" VPOS="781" HPOS="317"/>
                  <String HEIGHT="45"
                          WIDTH="158"
                          VPOS="781"
                          HPOS="274"
                          CONTENT="istorum"/>
                  <SP HEIGHT="45" WIDTH="14" VPOS="781" HPOS="431"/>
                  <String HEIGHT="45"
                          WIDTH="172"
                          VPOS="781"
                          HPOS="388"
                          CONTENT="corporum"/>
                  <SP HEIGHT="45" WIDTH="14" VPOS="781" HPOS="560"/>
                  <String HEIGHT="45"
                          WIDTH="186"
                          VPOS="781"
                          HPOS="503"
                          CONTENT="simplicium,"/>
               </TextLine>
               <TextLine ID="r3l19"
                         BASELINE="859"
                         HEIGHT="38"
                         WIDTH="491"
                         VPOS="821"
                         HPOS="202">
                  <String HEIGHT="38"
                          WIDTH="94"
                          VPOS="821"
                          HPOS="192"
                          CONTENT="licet"/>
                  <SP HEIGHT="38" WIDTH="10" VPOS="821" HPOS="286"/>
                  <String HEIGHT="38"
                          WIDTH="115"
                          VPOS="821"
                          HPOS="254"
                          CONTENT="grauis,"/>
                  <SP HEIGHT="38" WIDTH="10" VPOS="821" HPOS="369"/>
                  <String HEIGHT="38" WIDTH="73" VPOS="821" HPOS="338" CONTENT="aut"/>
                  <SP HEIGHT="38" WIDTH="10" VPOS="821" HPOS="411"/>
                  <String HEIGHT="38"
                          WIDTH="94"
                          VPOS="821"
                          HPOS="380"
                          CONTENT="leuis"/>
                  <SP HEIGHT="38" WIDTH="10" VPOS="821" HPOS="474"/>
                  <String HEIGHT="38" WIDTH="73" VPOS="821" HPOS="442" CONTENT="sit"/>
                  <SP HEIGHT="38" WIDTH="10" VPOS="821" HPOS="515"/>
                  <String HEIGHT="38"
                          WIDTH="136"
                          VPOS="821"
                          HPOS="484"
                          CONTENT="generans,"/>
                  <SP HEIGHT="38" WIDTH="10" VPOS="821" HPOS="620"/>
                  <String HEIGHT="38" WIDTH="73" VPOS="821" HPOS="589" CONTENT="non"/>
                  <SP HEIGHT="38" WIDTH="10" VPOS="821" HPOS="662"/>
                  <String HEIGHT="38" WIDTH="84" VPOS="821" HPOS="630" CONTENT="quod"/>
                  <SP HEIGHT="38" WIDTH="10" VPOS="821" HPOS="714"/>
                  <String HEIGHT="38" WIDTH="21" VPOS="821" HPOS="672" CONTENT=""/>
               </TextLine>
               <TextLine ID="r3l20"
                         BASELINE="898"
                         HEIGHT="40"
                         WIDTH="496"
                         VPOS="858"
                         HPOS="196">
                  <String HEIGHT="40"
                          WIDTH="171"
                          VPOS="858"
                          HPOS="181"
                          CONTENT="mouetur"/>
                  <SP HEIGHT="40" WIDTH="16" VPOS="858" HPOS="351"/>
                  <String HEIGHT="40" WIDTH="93" VPOS="858" HPOS="305" CONTENT="ex"/>
                  <SP HEIGHT="40" WIDTH="16" VPOS="858" HPOS="398"/>
                  <String HEIGHT="40" WIDTH="109" VPOS="858" HPOS="351" CONTENT="se."/>
                  <SP HEIGHT="40" WIDTH="16" VPOS="858" HPOS="460"/>
                  <String HEIGHT="40"
                          WIDTH="124"
                          VPOS="858"
                          HPOS="413"
                          CONTENT="D.d."/>
                  <SP HEIGHT="40" WIDTH="16" VPOS="858" HPOS="537"/>
                  <String HEIGHT="40"
                          WIDTH="217"
                          VPOS="858"
                          HPOS="475"
                          CONTENT="impedimentum"/>
               </TextLine>
               <TextLine ID="r3l21"
                         BASELINE="946"
                         HEIGHT="50"
                         WIDTH="494"
                         VPOS="896"
                         HPOS="199">
                  <String HEIGHT="50"
                          WIDTH="111"
                          VPOS="896"
                          HPOS="187"
                          CONTENT="autem"/>
                  <SP HEIGHT="50" WIDTH="12" VPOS="896" HPOS="298"/>
                  <String HEIGHT="50"
                          WIDTH="136"
                          VPOS="896"
                          HPOS="261"
                          CONTENT="accidit"/>
                  <SP HEIGHT="50" WIDTH="12" VPOS="896" HPOS="397"/>
                  <String HEIGHT="50" WIDTH="86" VPOS="896" HPOS="360" CONTENT="ei,"/>
                  <SP HEIGHT="50" WIDTH="12" VPOS="896" HPOS="446"/>
                  <String HEIGHT="50" WIDTH="86" VPOS="896" HPOS="409" CONTENT="&amp;c."/>
                  <SP HEIGHT="50" WIDTH="12" VPOS="896" HPOS="495"/>
                  <String HEIGHT="50" WIDTH="74" VPOS="896" HPOS="458" CONTENT="i."/>
                  <SP HEIGHT="50" WIDTH="12" VPOS="896" HPOS="532"/>
                  <String HEIGHT="50" WIDTH="62" VPOS="896" HPOS="495" CONTENT="&amp;"/>
                  <SP HEIGHT="50" WIDTH="12" VPOS="896" HPOS="557"/>
                  <String HEIGHT="50"
                          WIDTH="124"
                          VPOS="896"
                          HPOS="520"
                          CONTENT="graui,"/>
                  <SP HEIGHT="50" WIDTH="12" VPOS="896" HPOS="644"/>
                  <String HEIGHT="50" WIDTH="62" VPOS="896" HPOS="607" CONTENT="&amp;"/>
                  <SP HEIGHT="50" WIDTH="12" VPOS="896" HPOS="668"/>
                  <String HEIGHT="50" WIDTH="74" VPOS="896" HPOS="619" CONTENT="leui"/>
               </TextLine>
               <TextLine ID="r3l22"
                         BASELINE="979"
                         HEIGHT="46"
                         WIDTH="484"
                         VPOS="933"
                         HPOS="202">
                  <String HEIGHT="46"
                          WIDTH="137"
                          VPOS="933"
                          HPOS="190"
                          CONTENT="accidit"/>
                  <SP HEIGHT="46" WIDTH="12" VPOS="933" HPOS="326"/>
                  <String HEIGHT="46" WIDTH="74" VPOS="933" HPOS="289" CONTENT="vt"/>
                  <SP HEIGHT="46" WIDTH="12" VPOS="933" HPOS="363"/>
                  <String HEIGHT="46"
                          WIDTH="186"
                          VPOS="933"
                          HPOS="326"
                          CONTENT="impediantur"/>
                  <SP HEIGHT="46" WIDTH="12" VPOS="933" HPOS="512"/>
                  <String HEIGHT="46" WIDTH="74" VPOS="933" HPOS="475" CONTENT="ab"/>
                  <SP HEIGHT="46" WIDTH="12" VPOS="933" HPOS="549"/>
                  <String HEIGHT="46" WIDTH="99" VPOS="933" HPOS="512" CONTENT="vbi,"/>
                  <SP HEIGHT="46" WIDTH="12" VPOS="933" HPOS="612"/>
                  <String HEIGHT="46" WIDTH="99" VPOS="933" HPOS="574" CONTENT="quid"/>
                  <SP HEIGHT="46" WIDTH="12" VPOS="933" HPOS="674"/>
                  <String HEIGHT="46"
                          WIDTH="62"
                          VPOS="933"
                          HPOS="624"
                          CONTENT="de"
                          SUBS_TYPE="HypPart1"
                          SUBS_CONTENT="deberent"/>
                  <HYP CONTENT="-"/>
               </TextLine>
               <TextLine ID="r3l23"
                         BASELINE="1023"
                         HEIGHT="52"
                         WIDTH="484"
                         VPOS="971"
                         HPOS="206">
                  <String HEIGHT="52"
                          WIDTH="127"
                          VPOS="971"
                          HPOS="193"
                          CONTENT="berent"
                          SUBS_TYPE="HypPart2"
                          SUBS_CONTENT="deberent"/>
                  <SP HEIGHT="52" WIDTH="13" VPOS="971" HPOS="321"/>
                  <String HEIGHT="52"
                          WIDTH="127"
                          VPOS="971"
                          HPOS="282"
                          CONTENT="habere"/>
                  <SP HEIGHT="52" WIDTH="13" VPOS="971" HPOS="410"/>
                  <String HEIGHT="52" WIDTH="64" VPOS="971" HPOS="372" CONTENT="a"/>
                  <SP HEIGHT="52" WIDTH="13" VPOS="971" HPOS="435"/>
                  <String HEIGHT="52"
                          WIDTH="166"
                          VPOS="971"
                          HPOS="397"
                          CONTENT="generante"/>
                  <SP HEIGHT="52" WIDTH="13" VPOS="971" HPOS="563"/>
                  <String HEIGHT="52" WIDTH="89" VPOS="971" HPOS="524" CONTENT="ea,"/>
                  <SP HEIGHT="52" WIDTH="13" VPOS="971" HPOS="614"/>
                  <String HEIGHT="52" WIDTH="76" VPOS="971" HPOS="575" CONTENT="eo"/>
                  <SP HEIGHT="52" WIDTH="13" VPOS="971" HPOS="652"/>
                  <String HEIGHT="52"
                          WIDTH="89"
                          VPOS="971"
                          HPOS="601"
                          CONTENT="modo,"/>
               </TextLine>
               <TextLine ID="r3l24"
                         BASELINE="1057"
                         HEIGHT="52"
                         WIDTH="494"
                         VPOS="1005"
                         HPOS="202">
                  <String HEIGHT="52"
                          WIDTH="138"
                          VPOS="1005"
                          HPOS="191"
                          CONTENT="secundum"/>
                  <SP HEIGHT="52" WIDTH="11" VPOS="1005" HPOS="328"/>
                  <String HEIGHT="52"
                          WIDTH="92"
                          VPOS="1005"
                          HPOS="294"
                          CONTENT="quem"/>
                  <SP HEIGHT="52" WIDTH="11" VPOS="1005" HPOS="386"/>
                  <String HEIGHT="52"
                          WIDTH="103"
                          VPOS="1005"
                          HPOS="351"
                          CONTENT="habet"/>
                  <SP HEIGHT="52" WIDTH="11" VPOS="1005" HPOS="455"/>
                  <String HEIGHT="52"
                          WIDTH="92"
                          VPOS="1005"
                          HPOS="420"
                          CONTENT="alia"/>
                  <SP HEIGHT="52" WIDTH="11" VPOS="1005" HPOS="512"/>
                  <String HEIGHT="52"
                          WIDTH="172"
                          VPOS="1005"
                          HPOS="478"
                          CONTENT="accidentia,"/>
                  <SP HEIGHT="52" WIDTH="11" VPOS="1005" HPOS="650"/>
                  <String HEIGHT="52"
                          WIDTH="92"
                          VPOS="1005"
                          HPOS="604"
                          CONTENT="quando"/>
               </TextLine>
               <TextLine ID="r3l25"
                         BASELINE="1090"
                         HEIGHT="37"
                         WIDTH="491"
                         VPOS="1053"
                         HPOS="202">
                  <String HEIGHT="37"
                          WIDTH="188"
                          VPOS="1053"
                          HPOS="188"
                          CONTENT="oeneratum"/>
                  <SP HEIGHT="37" WIDTH="14" VPOS="1053" HPOS="375"/>
                  <String HEIGHT="37"
                          WIDTH="144"
                          VPOS="1053"
                          HPOS="332"
                          CONTENT="fuerit"/>
                  <SP HEIGHT="37" WIDTH="14" VPOS="1053" HPOS="476"/>
                  <String HEIGHT="37" WIDTH="87" VPOS="1053" HPOS="433" CONTENT="in"/>
                  <SP HEIGHT="37" WIDTH="14" VPOS="1053" HPOS="520"/>
                  <String HEIGHT="37"
                          WIDTH="116"
                          VPOS="1053"
                          HPOS="476"
                          CONTENT="loco"/>
                  <SP HEIGHT="37" WIDTH="14" VPOS="1053" HPOS="592"/>
                  <String HEIGHT="37"
                          WIDTH="159"
                          VPOS="1053"
                          HPOS="534"
                          CONTENT="extraneo,"/>
               </TextLine>
               <TextLine ID="r3l26"
                         BASELINE="1130"
                         HEIGHT="56"
                         WIDTH="481"
                         VPOS="1074"
                         HPOS="202">
                  <String HEIGHT="56" WIDTH="69" VPOS="1074" HPOS="188" CONTENT="&amp;"/>
                  <SP HEIGHT="56" WIDTH="14" VPOS="1074" HPOS="257"/>
                  <String HEIGHT="56"
                          WIDTH="179"
                          VPOS="1074"
                          HPOS="216"
                          CONTENT="impeditur"/>
                  <SP HEIGHT="56" WIDTH="14" VPOS="1074" HPOS="394"/>
                  <String HEIGHT="56"
                          WIDTH="124"
                          VPOS="1074"
                          HPOS="353"
                          CONTENT="illic"/>
                  <SP HEIGHT="56" WIDTH="14" VPOS="1074" HPOS="477"/>
                  <String HEIGHT="56"
                          WIDTH="137"
                          VPOS="1074"
                          HPOS="436"
                          CONTENT="aliquo"/>
                  <SP HEIGHT="56" WIDTH="14" VPOS="1074" HPOS="573"/>
                  <String HEIGHT="56"
                          WIDTH="165"
                          VPOS="1074"
                          HPOS="518"
                          CONTENT="impedimen"
                          SUBS_TYPE="HypPart1"
                          SUBS_CONTENT="impedimento."/>
                  <HYP CONTENT="-"/>
               </TextLine>
               <TextLine ID="r3l27"
                         BASELINE="1155"
                         HEIGHT="36"
                         WIDTH="488"
                         VPOS="1119"
                         HPOS="198">
                  <String HEIGHT="36"
                          WIDTH="85"
                          VPOS="1119"
                          HPOS="186"
                          CONTENT="to."
                          SUBS_TYPE="HypPart2"
                          SUBS_CONTENT="impedimento."/>
                  <SP HEIGHT="36" WIDTH="12" VPOS="1119" HPOS="271"/>
                  <String HEIGHT="36" WIDTH="73" VPOS="1119" HPOS="235" CONTENT="Et"/>
                  <SP HEIGHT="36" WIDTH="12" VPOS="1119" HPOS="308"/>
                  <String HEIGHT="36" WIDTH="85" VPOS="1119" HPOS="271" CONTENT="hoc"/>
                  <SP HEIGHT="36" WIDTH="12" VPOS="1119" HPOS="357"/>
                  <String HEIGHT="36"
                          WIDTH="183"
                          VPOS="1119"
                          HPOS="320"
                          CONTENT="intendebat,"/>
                  <SP HEIGHT="36" WIDTH="12" VPOS="1119" HPOS="503"/>
                  <String HEIGHT="36" WIDTH="85" VPOS="1119" HPOS="466" CONTENT="cum"/>
                  <SP HEIGHT="36" WIDTH="12" VPOS="1119" HPOS="552"/>
                  <String HEIGHT="36" WIDTH="73" VPOS="1119" HPOS="515" CONTENT="d."/>
                  <SP HEIGHT="36" WIDTH="12" VPOS="1119" HPOS="588"/>
                  <String HEIGHT="36" WIDTH="61" VPOS="1119" HPOS="552" CONTENT="&amp;"/>
                  <SP HEIGHT="36" WIDTH="12" VPOS="1119" HPOS="613"/>
                  <String HEIGHT="36"
                          WIDTH="122"
                          VPOS="1119"
                          HPOS="564"
                          CONTENT="secundum"/>
               </TextLine>
               <TextLine ID="r3l28"
                         BASELINE="1206"
                         HEIGHT="49"
                         WIDTH="488"
                         VPOS="1157"
                         HPOS="205">
                  <String HEIGHT="49"
                          WIDTH="115"
                          VPOS="1157"
                          HPOS="191"
                          CONTENT="hunc"/>
                  <SP HEIGHT="49" WIDTH="14" VPOS="1157" HPOS="305"/>
                  <String HEIGHT="49"
                          WIDTH="129"
                          VPOS="1157"
                          HPOS="262"
                          CONTENT="modum"/>
                  <SP HEIGHT="49" WIDTH="14" VPOS="1157" HPOS="392"/>
                  <String HEIGHT="49"
                          WIDTH="100"
                          VPOS="1157"
                          HPOS="349"
                          CONTENT="est"/>
                  <SP HEIGHT="49" WIDTH="14" VPOS="1157" HPOS="449"/>
                  <String HEIGHT="49" WIDTH="86" VPOS="1157" HPOS="406" CONTENT="de"/>
                  <SP HEIGHT="49" WIDTH="14" VPOS="1157" HPOS="492"/>
                  <String HEIGHT="49"
                          WIDTH="158"
                          VPOS="1157"
                          HPOS="449"
                          CONTENT="quanto,"/>
                  <SP HEIGHT="49" WIDTH="14" VPOS="1157" HPOS="607"/>
                  <String HEIGHT="49" WIDTH="72" VPOS="1157" HPOS="564" CONTENT="&amp;"/>
                  <SP HEIGHT="49" WIDTH="14" VPOS="1157" HPOS="636"/>
                  <String HEIGHT="49"
                          WIDTH="115"
                          VPOS="1157"
                          HPOS="578"
                          CONTENT="quali"
                          SUBS_TYPE="HypPart1"
                          SUBS_CONTENT="qualii."/>
                  <HYP CONTENT="-"/>
               </TextLine>
               <TextLine ID="r3l29"
                         BASELINE="1234"
                         HEIGHT="37"
                         WIDTH="488"
                         VPOS="1197"
                         HPOS="203">
                  <String HEIGHT="37"
                          WIDTH="81"
                          VPOS="1197"
                          HPOS="189"
                          CONTENT="i."
                          SUBS_TYPE="HypPart2"
                          SUBS_CONTENT="qualii."/>
                  <SP HEIGHT="37" WIDTH="14" VPOS="1197" HPOS="271"/>
                  <String HEIGHT="37"
                          WIDTH="203"
                          VPOS="1197"
                          HPOS="230"
                          CONTENT="quemadmodum"/>
                  <SP HEIGHT="37" WIDTH="14" VPOS="1197" HPOS="433"/>
                  <String HEIGHT="37"
                          WIDTH="176"
                          VPOS="1197"
                          HPOS="393"
                          CONTENT="potentia,"/>
                  <SP HEIGHT="37" WIDTH="14" VPOS="1197" HPOS="569"/>
                  <String HEIGHT="37"
                          WIDTH="108"
                          VPOS="1197"
                          HPOS="528"
                          CONTENT="quae"/>
                  <SP HEIGHT="37" WIDTH="14" VPOS="1197" HPOS="637"/>
                  <String HEIGHT="37" WIDTH="95" VPOS="1197" HPOS="596" CONTENT="est"/>
                  <SP HEIGHT="37" WIDTH="14" VPOS="1197" HPOS="691"/>
                  <String HEIGHT="37" WIDTH="54" VPOS="1197" HPOS="637" CONTENT="ad"/>
               </TextLine>
               <TextLine ID="r3l30"
                         BASELINE="1282"
                         HEIGHT="50"
                         WIDTH="488"
                         VPOS="1232"
                         HPOS="202">
                  <String HEIGHT="50"
                          WIDTH="172"
                          VPOS="1232"
                          HPOS="188"
                          CONTENT="quantum,"/>
                  <SP HEIGHT="50" WIDTH="14" VPOS="1232" HPOS="360"/>
                  <String HEIGHT="50" WIDTH="72" VPOS="1232" HPOS="317" CONTENT="&amp;"/>
                  <SP HEIGHT="50" WIDTH="14" VPOS="1232" HPOS="389"/>
                  <String HEIGHT="50"
                          WIDTH="129"
                          VPOS="1232"
                          HPOS="346"
                          CONTENT="quale"/>
                  <SP HEIGHT="50" WIDTH="14" VPOS="1232" HPOS="475"/>
                  <String HEIGHT="50"
                          WIDTH="115"
                          VPOS="1232"
                          HPOS="432"
                          CONTENT="quae"/>
                  <SP HEIGHT="50" WIDTH="14" VPOS="1232" HPOS="546"/>
                  <String HEIGHT="50"
                          WIDTH="115"
                          VPOS="1232"
                          HPOS="503"
                          CONTENT="sunt"/>
                  <SP HEIGHT="50" WIDTH="14" VPOS="1232" HPOS="618"/>
                  <String HEIGHT="50"
                          WIDTH="129"
                          VPOS="1232"
                          HPOS="561"
                          CONTENT="propria"/>
               </TextLine>
               <TextLine ID="r3l31"
                         BASELINE="1322"
                         HEIGHT="45"
                         WIDTH="484"
                         VPOS="1277"
                         HPOS="200">
                  <String HEIGHT="45"
                          WIDTH="175"
                          VPOS="1277"
                          HPOS="187"
                          CONTENT="generato,"/>
                  <SP HEIGHT="45" WIDTH="13" VPOS="1277" HPOS="361"/>
                  <String HEIGHT="45" WIDTH="94" VPOS="1277" HPOS="321" CONTENT="est"/>
                  <SP HEIGHT="45" WIDTH="13" VPOS="1277" HPOS="415"/>
                  <String HEIGHT="45" WIDTH="81" VPOS="1277" HPOS="375" CONTENT="in"/>
                  <SP HEIGHT="45" WIDTH="13" VPOS="1277" HPOS="455"/>
                  <String HEIGHT="45"
                          WIDTH="161"
                          VPOS="1277"
                          HPOS="415"
                          CONTENT="materia,"/>
                  <SP HEIGHT="45" WIDTH="13" VPOS="1277" HPOS="576"/>
                  <String HEIGHT="45" WIDTH="81" VPOS="1277" HPOS="536" CONTENT="ex"/>
                  <SP HEIGHT="45" WIDTH="13" VPOS="1277" HPOS="617"/>
                  <String HEIGHT="45" WIDTH="94" VPOS="1277" HPOS="576" CONTENT="qua"/>
                  <SP HEIGHT="45" WIDTH="13" VPOS="1277" HPOS="671"/>
                  <String HEIGHT="45"
                          WIDTH="67"
                          VPOS="1277"
                          HPOS="617"
                          CONTENT="ge"
                          SUBS_TYPE="HypPart1"
                          SUBS_CONTENT="generatur,"/>
                  <HYP CONTENT="-"/>
               </TextLine>
               <TextLine ID="r3l32"
                         BASELINE="1355"
                         HEIGHT="47"
                         WIDTH="476"
                         VPOS="1308"
                         HPOS="205">
                  <String HEIGHT="47"
                          WIDTH="146"
                          VPOS="1308"
                          HPOS="193"
                          CONTENT="neratur,"
                          SUBS_TYPE="HypPart2"
                          SUBS_CONTENT="generatur,"/>
                  <SP HEIGHT="47" WIDTH="12" VPOS="1308" HPOS="339"/>
                  <String HEIGHT="47" WIDTH="85" VPOS="1308" HPOS="303" CONTENT="ita"/>
                  <SP HEIGHT="47" WIDTH="12" VPOS="1308" HPOS="388"/>
                  <String HEIGHT="47" WIDTH="85" VPOS="1308" HPOS="351" CONTENT="est"/>
                  <SP HEIGHT="47" WIDTH="12" VPOS="1308" HPOS="437"/>
                  <String HEIGHT="47" WIDTH="73" VPOS="1308" HPOS="400" CONTENT="de"/>
                  <SP HEIGHT="47" WIDTH="12" VPOS="1308" HPOS="474"/>
                  <String HEIGHT="47" WIDTH="85" VPOS="1308" HPOS="437" CONTENT="vbi"/>
                  <SP HEIGHT="47" WIDTH="12" VPOS="1308" HPOS="522"/>
                  <String HEIGHT="47"
                          WIDTH="146"
                          VPOS="1308"
                          HPOS="486"
                          CONTENT="proprio."/>
                  <SP HEIGHT="47" WIDTH="12" VPOS="1308" HPOS="632"/>
                  <String HEIGHT="47" WIDTH="61" VPOS="1308" HPOS="596" CONTENT="&amp;"/>
                  <SP HEIGHT="47" WIDTH="12" VPOS="1308" HPOS="657"/>
                  <String HEIGHT="47"
                          WIDTH="73"
                          VPOS="1308"
                          HPOS="608"
                          CONTENT="quem"/>
               </TextLine>
               <TextLine ID="r3l33"
                         BASELINE="1396"
                         HEIGHT="51"
                         WIDTH="486"
                         VPOS="1345"
                         HPOS="205">
                  <String HEIGHT="51"
                          WIDTH="178"
                          VPOS="1345"
                          HPOS="189"
                          CONTENT="admodum"/>
                  <SP HEIGHT="51" WIDTH="16" VPOS="1345" HPOS="367"/>
                  <String HEIGHT="51"
                          WIDTH="178"
                          VPOS="1345"
                          HPOS="318"
                          CONTENT="quantum"/>
                  <SP HEIGHT="51" WIDTH="16" VPOS="1345" HPOS="497"/>
                  <String HEIGHT="51" WIDTH="81" VPOS="1345" HPOS="448" CONTENT="&amp;"/>
                  <SP HEIGHT="51" WIDTH="16" VPOS="1345" HPOS="529"/>
                  <String HEIGHT="51"
                          WIDTH="146"
                          VPOS="1345"
                          HPOS="480"
                          CONTENT="quale"/>
                  <SP HEIGHT="51" WIDTH="16" VPOS="1345" HPOS="626"/>
                  <String HEIGHT="51"
                          WIDTH="130"
                          VPOS="1345"
                          HPOS="561"
                          CONTENT="exeunt"/>
               </TextLine>
               <TextLine ID="r3l34"
                         BASELINE="1433"
                         HEIGHT="50"
                         WIDTH="487"
                         VPOS="1383"
                         HPOS="202">
                  <String HEIGHT="50" WIDTH="79" VPOS="1383" HPOS="189" CONTENT="de"/>
                  <SP HEIGHT="50" WIDTH="13" VPOS="1383" HPOS="268"/>
                  <String HEIGHT="50"
                          WIDTH="158"
                          VPOS="1383"
                          HPOS="228"
                          CONTENT="potentia"/>
                  <SP HEIGHT="50" WIDTH="13" VPOS="1383" HPOS="386"/>
                  <String HEIGHT="50" WIDTH="79" VPOS="1383" HPOS="347" CONTENT="in"/>
                  <SP HEIGHT="50" WIDTH="13" VPOS="1383" HPOS="426"/>
                  <String HEIGHT="50"
                          WIDTH="118"
                          VPOS="1383"
                          HPOS="386"
                          CONTENT="actum"/>
                  <SP HEIGHT="50" WIDTH="13" VPOS="1383" HPOS="505"/>
                  <String HEIGHT="50" WIDTH="66" VPOS="1383" HPOS="465" CONTENT="a"/>
                  <SP HEIGHT="50" WIDTH="13" VPOS="1383" HPOS="531"/>
                  <String HEIGHT="50"
                          WIDTH="184"
                          VPOS="1383"
                          HPOS="492"
                          CONTENT="generante,"/>
                  <SP HEIGHT="50" WIDTH="13" VPOS="1383" HPOS="676"/>
                  <String HEIGHT="50" WIDTH="66" VPOS="1383" HPOS="623" CONTENT="ita"/>
               </TextLine>
               <TextLine ID="r3l35"
                         BASELINE="1472"
                         HEIGHT="47"
                         WIDTH="491"
                         VPOS="1425"
                         HPOS="198">
                  <String HEIGHT="47" WIDTH="88" VPOS="1425" HPOS="185" CONTENT="est"/>
                  <SP HEIGHT="47" WIDTH="13" VPOS="1425" HPOS="274"/>
                  <String HEIGHT="47" WIDTH="76" VPOS="1425" HPOS="236" CONTENT="de"/>
                  <SP HEIGHT="47" WIDTH="13" VPOS="1425" HPOS="311"/>
                  <String HEIGHT="47"
                          WIDTH="101"
                          VPOS="1425"
                          HPOS="274"
                          CONTENT="vbi,"/>
                  <SP HEIGHT="47" WIDTH="13" VPOS="1425" HPOS="374"/>
                  <String HEIGHT="47"
                          WIDTH="126"
                          VPOS="1425"
                          HPOS="336"
                          CONTENT="quando"/>
                  <SP HEIGHT="47" WIDTH="13" VPOS="1425" HPOS="462"/>
                  <String HEIGHT="47"
                          WIDTH="164"
                          VPOS="1425"
                          HPOS="425"
                          CONTENT="generatum"/>
                  <SP HEIGHT="47" WIDTH="13" VPOS="1425" HPOS="588"/>
                  <String HEIGHT="47"
                          WIDTH="126"
                          VPOS="1425"
                          HPOS="551"
                          CONTENT="fuerit"/>
                  <SP HEIGHT="47" WIDTH="13" VPOS="1425" HPOS="676"/>
                  <String HEIGHT="47" WIDTH="63" VPOS="1425" HPOS="626" CONTENT="non"/>
               </TextLine>
               <TextLine ID="r3l36"
                         BASELINE="1508"
                         HEIGHT="47"
                         WIDTH="485"
                         VPOS="1461"
                         HPOS="204">
                  <String HEIGHT="47" WIDTH="86" VPOS="1461" HPOS="190" CONTENT="in"/>
                  <SP HEIGHT="47" WIDTH="14" VPOS="1461" HPOS="275"/>
                  <String HEIGHT="47"
                          WIDTH="100"
                          VPOS="1461"
                          HPOS="233"
                          CONTENT="suo"/>
                  <SP HEIGHT="47" WIDTH="14" VPOS="1461" HPOS="332"/>
                  <String HEIGHT="47"
                          WIDTH="114"
                          VPOS="1461"
                          HPOS="290"
                          CONTENT="loco"/>
                  <SP HEIGHT="47" WIDTH="14" VPOS="1461" HPOS="404"/>
                  <String HEIGHT="47"
                          WIDTH="185"
                          VPOS="1461"
                          HPOS="361"
                          CONTENT="naturali."/>
                  <SP HEIGHT="47" WIDTH="14" VPOS="1461" HPOS="546"/>
                  <String HEIGHT="47"
                          WIDTH="114"
                          VPOS="1461"
                          HPOS="504"
                          CONTENT="D.d."/>
                  <SP HEIGHT="47" WIDTH="14" VPOS="1461" HPOS="618"/>
                  <String HEIGHT="47"
                          WIDTH="128"
                          VPOS="1461"
                          HPOS="561"
                          CONTENT="Quamuis"/>
               </TextLine>
               <TextLine ID="r3l37"
                         BASELINE="1539"
                         HEIGHT="45"
                         WIDTH="469"
                         VPOS="1494"
                         HPOS="210">
                  <String HEIGHT="45"
                          WIDTH="94"
                          VPOS="1494"
                          HPOS="198"
                          CONTENT="hoc,"/>
                  <SP HEIGHT="45" WIDTH="12" VPOS="1494" HPOS="292"/>
                  <String HEIGHT="45" WIDTH="82" VPOS="1494" HPOS="257" CONTENT="&amp;c."/>
                  <SP HEIGHT="45" WIDTH="12" VPOS="1494" HPOS="339"/>
                  <String HEIGHT="45" WIDTH="70" VPOS="1494" HPOS="304" CONTENT="i."/>
                  <SP HEIGHT="45" WIDTH="12" VPOS="1494" HPOS="374"/>
                  <String HEIGHT="45" WIDTH="59" VPOS="1494" HPOS="339" CONTENT="&amp;"/>
                  <SP HEIGHT="45" WIDTH="12" VPOS="1494" HPOS="398"/>
                  <String HEIGHT="45" WIDTH="82" VPOS="1494" HPOS="362" CONTENT="cum"/>
                  <SP HEIGHT="45" WIDTH="12" VPOS="1494" HPOS="445"/>
                  <String HEIGHT="45"
                          WIDTH="117"
                          VPOS="1494"
                          HPOS="409"
                          CONTENT="fuerit"/>
                  <SP HEIGHT="45" WIDTH="12" VPOS="1494" HPOS="527"/>
                  <String HEIGHT="45"
                          WIDTH="117"
                          VPOS="1494"
                          HPOS="491"
                          CONTENT="dictum"/>
                  <SP HEIGHT="45" WIDTH="12" VPOS="1494" HPOS="609"/>
                  <String HEIGHT="45"
                          WIDTH="94"
                          VPOS="1494"
                          HPOS="573"
                          CONTENT="quod"/>
                  <SP HEIGHT="45" WIDTH="12" VPOS="1494" HPOS="667"/>
                  <String HEIGHT="45" WIDTH="59" VPOS="1494" HPOS="620" CONTENT="mot"/>
               </TextLine>
               <TextLine ID="r3l38"
                         BASELINE="1586"
                         HEIGHT="53"
                         WIDTH="482"
                         VPOS="1533"
                         HPOS="205">
                  <String HEIGHT="53" WIDTH="80" VPOS="1533" HPOS="192" CONTENT="ad"/>
                  <SP HEIGHT="53" WIDTH="13" VPOS="1533" HPOS="272"/>
                  <String HEIGHT="53"
                          WIDTH="161"
                          VPOS="1533"
                          HPOS="232"
                          CONTENT="superius"/>
                  <SP HEIGHT="53" WIDTH="13" VPOS="1533" HPOS="392"/>
                  <String HEIGHT="53"
                          WIDTH="161"
                          VPOS="1533"
                          HPOS="352"
                          CONTENT="corporis"/>
                  <SP HEIGHT="53" WIDTH="13" VPOS="1533" HPOS="513"/>
                  <String HEIGHT="53"
                          WIDTH="134"
                          VPOS="1533"
                          HPOS="473"
                          CONTENT="leuis,"/>
                  <SP HEIGHT="53" WIDTH="13" VPOS="1533" HPOS="607"/>
                  <String HEIGHT="53" WIDTH="67" VPOS="1533" HPOS="567" CONTENT="&amp;"/>
                  <SP HEIGHT="53" WIDTH="13" VPOS="1533" HPOS="633"/>
                  <String HEIGHT="53"
                          WIDTH="107"
                          VPOS="1533"
                          HPOS="580"
                          CONTENT="corpo"
                          SUBS_TYPE="HypPart1"
                          SUBS_CONTENT="corporis"/>
                  <HYP CONTENT="-"/>
               </TextLine>
               <TextLine ID="r3l39"
                         BASELINE="1610"
                         HEIGHT="31"
                         WIDTH="480"
                         VPOS="1579"
                         HPOS="204">
                  <String HEIGHT="31"
                          WIDTH="91"
                          VPOS="1579"
                          HPOS="191"
                          CONTENT="ris"
                          SUBS_TYPE="HypPart2"
                          SUBS_CONTENT="corporis"/>
                  <SP HEIGHT="31" WIDTH="13" VPOS="1579" HPOS="282"/>
                  <String HEIGHT="31"
                          WIDTH="130"
                          VPOS="1579"
                          HPOS="243"
                          CONTENT="grauis"/>
                  <SP HEIGHT="31" WIDTH="13" VPOS="1579" HPOS="373"/>
                  <String HEIGHT="31" WIDTH="78" VPOS="1579" HPOS="334" CONTENT="ad"/>
                  <SP HEIGHT="31" WIDTH="13" VPOS="1579" HPOS="412"/>
                  <String HEIGHT="31"
                          WIDTH="156"
                          VPOS="1579"
                          HPOS="373"
                          CONTENT="inferius"/>
                  <SP HEIGHT="31" WIDTH="13" VPOS="1579" HPOS="528"/>
                  <String HEIGHT="31"
                          WIDTH="130"
                          VPOS="1579"
                          HPOS="489"
                          CONTENT="fuerit"/>
                  <SP HEIGHT="31" WIDTH="13" VPOS="1579" HPOS="619"/>
                  <String HEIGHT="31" WIDTH="65" VPOS="1579" HPOS="580" CONTENT="a"/>
                  <SP HEIGHT="31" WIDTH="13" VPOS="1579" HPOS="645"/>
                  <String HEIGHT="31"
                          WIDTH="91"
                          VPOS="1579"
                          HPOS="593"
                          CONTENT="gene"
                          SUBS_TYPE="HypPart1"
                          SUBS_CONTENT="generante,"/>
                  <HYP CONTENT="-"/>
               </TextLine>
               <TextLine ID="r3l40"
                         BASELINE="1659"
                         HEIGHT="49"
                         WIDTH="486"
                         VPOS="1610"
                         HPOS="204">
                  <String HEIGHT="49"
                          WIDTH="131"
                          VPOS="1610"
                          HPOS="191"
                          CONTENT="rante,"
                          SUBS_TYPE="HypPart2"
                          SUBS_CONTENT="generante,"/>
                  <SP HEIGHT="49" WIDTH="13" VPOS="1610" HPOS="322"/>
                  <String HEIGHT="49"
                          WIDTH="184"
                          VPOS="1610"
                          HPOS="283"
                          CONTENT="quaerendum"/>
                  <SP HEIGHT="49" WIDTH="13" VPOS="1610" HPOS="467"/>
                  <String HEIGHT="49" WIDTH="92" VPOS="1610" HPOS="427" CONTENT="est"/>
                  <SP HEIGHT="49" WIDTH="13" VPOS="1610" HPOS="519"/>
                  <String HEIGHT="49" WIDTH="79" VPOS="1610" HPOS="480" CONTENT="ab"/>
                  <SP HEIGHT="49" WIDTH="13" VPOS="1610" HPOS="559"/>
                  <String HEIGHT="49"
                          WIDTH="144"
                          VPOS="1610"
                          HPOS="519"
                          CONTENT="aliquo,"/>
                  <SP HEIGHT="49" WIDTH="13" VPOS="1610" HPOS="664"/>
                  <String HEIGHT="49"
                          WIDTH="79"
                          VPOS="1610"
                          HPOS="611"
                          CONTENT="qua"
                          SUBS_TYPE="HypPart1"
                          SUBS_CONTENT="quare"/>
                  <HYP CONTENT="-"/>
               </TextLine>
               <TextLine ID="r3l41"
                         BASELINE="1695"
                         HEIGHT="51"
                         WIDTH="484"
                         VPOS="1644"
                         HPOS="206">
                  <String HEIGHT="51"
                          WIDTH="74"
                          VPOS="1644"
                          HPOS="194"
                          CONTENT="re"
                          SUBS_TYPE="HypPart2"
                          SUBS_CONTENT="quare"/>
                  <SP HEIGHT="51" WIDTH="12" VPOS="1644" HPOS="268"/>
                  <String HEIGHT="51"
                          WIDTH="112"
                          VPOS="1644"
                          HPOS="231"
                          CONTENT="motus"/>
                  <SP HEIGHT="51" WIDTH="12" VPOS="1644" HPOS="343"/>
                  <String HEIGHT="51"
                          WIDTH="112"
                          VPOS="1644"
                          HPOS="305"
                          CONTENT="leuis"/>
                  <SP HEIGHT="51" WIDTH="12" VPOS="1644" HPOS="417"/>
                  <String HEIGHT="51" WIDTH="87" VPOS="1644" HPOS="380" CONTENT="est"/>
                  <SP HEIGHT="51" WIDTH="12" VPOS="1644" HPOS="467"/>
                  <String HEIGHT="51" WIDTH="74" VPOS="1644" HPOS="429" CONTENT="ad"/>
                  <SP HEIGHT="51" WIDTH="12" VPOS="1644" HPOS="504"/>
                  <String HEIGHT="51"
                          WIDTH="174"
                          VPOS="1644"
                          HPOS="467"
                          CONTENT="contrariam"/>
                  <SP HEIGHT="51" WIDTH="12" VPOS="1644" HPOS="640"/>
                  <String HEIGHT="51"
                          WIDTH="99"
                          VPOS="1644"
                          HPOS="591"
                          CONTENT="partem"/>
               </TextLine>
               <TextLine ID="r3l42"
                         BASELINE="1735"
                         HEIGHT="50"
                         WIDTH="484"
                         VPOS="1685"
                         HPOS="206">
                  <String HEIGHT="50"
                          WIDTH="100"
                          VPOS="1685"
                          HPOS="192"
                          CONTENT="ei,"/>
                  <SP HEIGHT="50" WIDTH="14" VPOS="1685" HPOS="291"/>
                  <String HEIGHT="50" WIDTH="85" VPOS="1685" HPOS="249" CONTENT="ad"/>
                  <SP HEIGHT="50" WIDTH="14" VPOS="1685" HPOS="334"/>
                  <String HEIGHT="50"
                          WIDTH="114"
                          VPOS="1685"
                          HPOS="291"
                          CONTENT="quam"/>
                  <SP HEIGHT="50" WIDTH="14" VPOS="1685" HPOS="405"/>
                  <String HEIGHT="50"
                          WIDTH="157"
                          VPOS="1685"
                          HPOS="363"
                          CONTENT="mouetur"/>
                  <SP HEIGHT="50" WIDTH="14" VPOS="1685" HPOS="519"/>
                  <String HEIGHT="50"
                          WIDTH="142"
                          VPOS="1685"
                          HPOS="476"
                          CONTENT="graue,"/>
                  <SP HEIGHT="50" WIDTH="14" VPOS="1685" HPOS="619"/>
                  <String HEIGHT="50" WIDTH="71" VPOS="1685" HPOS="576" CONTENT="&amp;"/>
                  <SP HEIGHT="50" WIDTH="14" VPOS="1685" HPOS="647"/>
                  <String HEIGHT="50"
                          WIDTH="100"
                          VPOS="1685"
                          HPOS="590"
                          CONTENT="quare"/>
               </TextLine>
               <TextLine ID="r3l43"
                         BASELINE="1774"
                         HEIGHT="49"
                         WIDTH="486"
                         VPOS="1725"
                         HPOS="204">
                  <String HEIGHT="49"
                          WIDTH="115"
                          VPOS="1725"
                          HPOS="191"
                          CONTENT="omnes"/>
                  <SP HEIGHT="49" WIDTH="13" VPOS="1725" HPOS="306"/>
                  <String HEIGHT="49"
                          WIDTH="128"
                          VPOS="1725"
                          HPOS="268"
                          CONTENT="partes"/>
                  <SP HEIGHT="49" WIDTH="13" VPOS="1725" HPOS="396"/>
                  <String HEIGHT="49"
                          WIDTH="128"
                          VPOS="1725"
                          HPOS="357"
                          CONTENT="grauis"/>
                  <SP HEIGHT="49" WIDTH="13" VPOS="1725" HPOS="485"/>
                  <String HEIGHT="49"
                          WIDTH="153"
                          VPOS="1725"
                          HPOS="447"
                          CONTENT="mouentur"/>
                  <SP HEIGHT="49" WIDTH="13" VPOS="1725" HPOS="600"/>
                  <String HEIGHT="49" WIDTH="77" VPOS="1725" HPOS="562" CONTENT="ad"/>
                  <SP HEIGHT="49" WIDTH="13" VPOS="1725" HPOS="639"/>
                  <String HEIGHT="49"
                          WIDTH="102"
                          VPOS="1725"
                          HPOS="588"
                          CONTENT="eundem"/>
               </TextLine>
               <TextLine ID="r3l44"
                         BASELINE="1803"
                         HEIGHT="46"
                         WIDTH="482"
                         VPOS="1757"
                         HPOS="210">
                  <String HEIGHT="46"
                          WIDTH="106"
                          VPOS="1757"
                          HPOS="198"
                          CONTENT="locu,"/>
                  <SP HEIGHT="46" WIDTH="12" VPOS="1757" HPOS="304"/>
                  <String HEIGHT="46" WIDTH="59" VPOS="1757" HPOS="269" CONTENT="&amp;"/>
                  <SP HEIGHT="46" WIDTH="12" VPOS="1757" HPOS="328"/>
                  <String HEIGHT="46"
                          WIDTH="153"
                          VPOS="1757"
                          HPOS="292"
                          CONTENT="similiter"/>
                  <SP HEIGHT="46" WIDTH="12" VPOS="1757" HPOS="445"/>
                  <String HEIGHT="46"
                          WIDTH="106"
                          VPOS="1757"
                          HPOS="410"
                          CONTENT="omnes"/>
                  <SP HEIGHT="46" WIDTH="12" VPOS="1757" HPOS="516"/>
                  <String HEIGHT="46"
                          WIDTH="118"
                          VPOS="1757"
                          HPOS="480"
                          CONTENT="partes"/>
                  <SP HEIGHT="46" WIDTH="12" VPOS="1757" HPOS="598"/>
                  <String HEIGHT="46"
                          WIDTH="118"
                          VPOS="1757"
                          HPOS="563"
                          CONTENT="leuis."/>
                  <SP HEIGHT="46" WIDTH="12" VPOS="1757" HPOS="680"/>
                  <String HEIGHT="46"
                          WIDTH="59"
                          VPOS="1757"
                          HPOS="633"
                          CONTENT="Di"
                          SUBS_TYPE="HypPart1"
                          SUBS_CONTENT="Dicendum"/>
                  <HYP CONTENT="-"/>
               </TextLine>
               <TextLine ID="r3l45"
                         BASELINE="1850"
                         HEIGHT="44"
                         WIDTH="494"
                         VPOS="1806"
                         HPOS="200">
                  <String HEIGHT="44"
                          WIDTH="124"
                          VPOS="1806"
                          HPOS="188"
                          CONTENT="cendum"
                          SUBS_TYPE="HypPart2"
                          SUBS_CONTENT="Dicendum"/>
                  <SP HEIGHT="44" WIDTH="12" VPOS="1806" HPOS="311"/>
                  <String HEIGHT="44" WIDTH="86" VPOS="1806" HPOS="274" CONTENT="est"/>
                  <SP HEIGHT="44" WIDTH="12" VPOS="1806" HPOS="361"/>
                  <String HEIGHT="44" WIDTH="74" VPOS="1806" HPOS="324" CONTENT="ad"/>
                  <SP HEIGHT="44" WIDTH="12" VPOS="1806" HPOS="398"/>
                  <String HEIGHT="44" WIDTH="86" VPOS="1806" HPOS="361" CONTENT="hoc"/>
                  <SP HEIGHT="44" WIDTH="12" VPOS="1806" HPOS="447"/>
                  <String HEIGHT="44"
                          WIDTH="99"
                          VPOS="1806"
                          HPOS="410"
                          CONTENT="quod"/>
                  <SP HEIGHT="44" WIDTH="12" VPOS="1806" HPOS="509"/>
                  <String HEIGHT="44" WIDTH="86" VPOS="1806" HPOS="472" CONTENT="hoc"/>
                  <SP HEIGHT="44" WIDTH="12" VPOS="1806" HPOS="558"/>
                  <String HEIGHT="44" WIDTH="86" VPOS="1806" HPOS="521" CONTENT="sit"/>
                  <SP HEIGHT="44" WIDTH="12" VPOS="1806" HPOS="608"/>
                  <String HEIGHT="44" WIDTH="74" VPOS="1806" HPOS="571" CONTENT="in"/>
                  <SP HEIGHT="44" WIDTH="12" VPOS="1806" HPOS="645"/>
                  <String HEIGHT="44" WIDTH="86" VPOS="1806" HPOS="608" CONTENT="eis"/>
                  <SP HEIGHT="44" WIDTH="12" VPOS="1806" HPOS="694"/>
                  <String HEIGHT="44" WIDTH="49" VPOS="1806" HPOS="645" CONTENT="na"/>
               </TextLine>
            </TextBlock>
            <TextBlock ID="r4" HEIGHT="1744" WIDTH="511" VPOS="136" HPOS="707">
               <Shape>
                  <Polygon POINTS="707,136 707,1880 1218,1880 1218,136"/>
               </Shape>
               <TextLine ID="r4l3"
                         BASELINE="220"
                         HEIGHT="48"
                         WIDTH="492"
                         VPOS="172"
                         HPOS="719">
                  <String HEIGHT="48"
                          WIDTH="177"
                          VPOS="172"
                          HPOS="706"
                          CONTENT="turaliter,"/>
                  <SP HEIGHT="48" WIDTH="13" VPOS="172" HPOS="883"/>
                  <String HEIGHT="48" WIDTH="63" VPOS="172" HPOS="845" CONTENT="&amp;"/>
                  <SP HEIGHT="48" WIDTH="13" VPOS="172" HPOS="908"/>
                  <String HEIGHT="48"
                          WIDTH="202"
                          VPOS="172"
                          HPOS="870"
                          CONTENT="perscrutatur"/>
                  <SP HEIGHT="48" WIDTH="13" VPOS="172" HPOS="1072"/>
                  <String HEIGHT="48" WIDTH="76" VPOS="172" HPOS="1034" CONTENT="de"/>
                  <SP HEIGHT="48" WIDTH="13" VPOS="172" HPOS="1110"/>
                  <String HEIGHT="48" WIDTH="88" VPOS="172" HPOS="1072" CONTENT="hoc"/>
                  <SP HEIGHT="48" WIDTH="13" VPOS="172" HPOS="1161"/>
                  <String HEIGHT="48" WIDTH="76" VPOS="172" HPOS="1123" CONTENT="in"/>
                  <SP HEIGHT="48" WIDTH="13" VPOS="172" HPOS="1198"/>
                  <String HEIGHT="48"
                          WIDTH="63"
                          VPOS="172"
                          HPOS="1148"
                          CONTENT="li"
                          SUBS_TYPE="HypPart1"
                          SUBS_CONTENT="libro."/>
                  <HYP CONTENT="-"/>
               </TextLine>
               <TextLine ID="r4l4"
                         BASELINE="266"
                         HEIGHT="52"
                         WIDTH="492"
                         VPOS="214"
                         HPOS="723">
                  <String HEIGHT="52"
                          WIDTH="101"
                          VPOS="214"
                          HPOS="710"
                          CONTENT="bro."
                          SUBS_TYPE="HypPart2"
                          SUBS_CONTENT="libro."/>
                  <SP HEIGHT="52" WIDTH="13" VPOS="214" HPOS="811"/>
                  <String HEIGHT="52" WIDTH="88" VPOS="214" HPOS="773" CONTENT="13."/>
                  <SP HEIGHT="52" WIDTH="13" VPOS="214" HPOS="862"/>
                  <String HEIGHT="52"
                          WIDTH="126"
                          VPOS="214"
                          HPOS="824"
                          CONTENT="Coeli,"/>
                  <SP HEIGHT="52" WIDTH="13" VPOS="214" HPOS="950"/>
                  <String HEIGHT="52" WIDTH="63" VPOS="214" HPOS="912" CONTENT="&amp;"/>
                  <SP HEIGHT="52" WIDTH="13" VPOS="214" HPOS="975"/>
                  <String HEIGHT="52"
                          WIDTH="126"
                          VPOS="214"
                          HPOS="937"
                          CONTENT="mundi."/>
                  <SP HEIGHT="52" WIDTH="13" VPOS="214" HPOS="1064"/>
                  <String HEIGHT="52" WIDTH="88" VPOS="214" HPOS="1026" CONTENT="Et,"/>
                  <SP HEIGHT="52" WIDTH="13" VPOS="214" HPOS="1114"/>
                  <String HEIGHT="52" WIDTH="88" VPOS="214" HPOS="1076" CONTENT="cum"/>
                  <SP HEIGHT="52" WIDTH="13" VPOS="214" HPOS="1165"/>
                  <String HEIGHT="52"
                          WIDTH="101"
                          VPOS="214"
                          HPOS="1114"
                          CONTENT="opposi"/>
               </TextLine>
               <TextLine ID="r4l5"
                         BASELINE="302"
                         HEIGHT="50"
                         WIDTH="499"
                         VPOS="252"
                         HPOS="722">
                  <String HEIGHT="50" WIDTH="70" VPOS="252" HPOS="710" CONTENT="ta"/>
                  <SP HEIGHT="50" WIDTH="12" VPOS="252" HPOS="780"/>
                  <String HEIGHT="50" WIDTH="93" VPOS="252" HPOS="745" CONTENT="fuit"/>
                  <SP HEIGHT="50" WIDTH="12" VPOS="252" HPOS="838"/>
                  <String HEIGHT="50" WIDTH="70" VPOS="252" HPOS="803" CONTENT="ei"/>
                  <SP HEIGHT="50" WIDTH="12" VPOS="252" HPOS="873"/>
                  <String HEIGHT="50" WIDTH="93" VPOS="252" HPOS="838" CONTENT="haec"/>
                  <SP HEIGHT="50" WIDTH="12" VPOS="252" HPOS="931"/>
                  <String HEIGHT="50"
                          WIDTH="151"
                          VPOS="252"
                          HPOS="896"
                          CONTENT="quaestio,"/>
                  <SP HEIGHT="50" WIDTH="12" VPOS="252" HPOS="1047"/>
                  <String HEIGHT="50"
                          WIDTH="104"
                          VPOS="252"
                          HPOS="1012"
                          CONTENT="dedit"/>
                  <SP HEIGHT="50" WIDTH="12" VPOS="252" HPOS="1117"/>
                  <String HEIGHT="50"
                          WIDTH="151"
                          VPOS="252"
                          HPOS="1070"
                          CONTENT="rmunsionem,"/>
               </TextLine>
               <TextLine ID="r4l6"
                         BASELINE="331"
                         HEIGHT="41"
                         WIDTH="497"
                         VPOS="290"
                         HPOS="716">
                  <String HEIGHT="41" WIDTH="63" VPOS="290" HPOS="705" CONTENT="ad"/>
                  <SP HEIGHT="41" WIDTH="11" VPOS="290" HPOS="769"/>
                  <String HEIGHT="41"
                          WIDTH="106"
                          VPOS="290"
                          HPOS="737"
                          CONTENT="illam,"/>
                  <SP HEIGHT="41" WIDTH="11" VPOS="290" HPOS="843"/>
                  <String HEIGHT="41"
                          WIDTH="127"
                          VPOS="290"
                          HPOS="811"
                          CONTENT="secundum"/>
                  <SP HEIGHT="41" WIDTH="11" VPOS="290" HPOS="938"/>
                  <String HEIGHT="41" WIDTH="85" VPOS="290" HPOS="906" CONTENT="quod"/>
                  <SP HEIGHT="41" WIDTH="11" VPOS="290" HPOS="991"/>
                  <String HEIGHT="41"
                          WIDTH="127"
                          VPOS="290"
                          HPOS="959"
                          CONTENT="pertinet"/>
                  <SP HEIGHT="41" WIDTH="11" VPOS="290" HPOS="1086"/>
                  <String HEIGHT="41" WIDTH="63" VPOS="290" HPOS="1054" CONTENT="ad"/>
                  <SP HEIGHT="41" WIDTH="11" VPOS="290" HPOS="1118"/>
                  <String HEIGHT="41"
                          WIDTH="85"
                          VPOS="290"
                          HPOS="1086"
                          CONTENT="hunc"/>
                  <SP HEIGHT="41" WIDTH="11" VPOS="290" HPOS="1171"/>
                  <String HEIGHT="41"
                          WIDTH="85"
                          VPOS="290"
                          HPOS="1128"
                          CONTENT="locum,"/>
               </TextLine>
               <TextLine ID="r4l7"
                         BASELINE="371"
                         HEIGHT="45"
                         WIDTH="496"
                         VPOS="326"
                         HPOS="725">
                  <String HEIGHT="45" WIDTH="65" VPOS="326" HPOS="712" CONTENT="&amp;"/>
                  <SP HEIGHT="45" WIDTH="13" VPOS="326" HPOS="777"/>
                  <String HEIGHT="45" WIDTH="78" VPOS="326" HPOS="738" CONTENT="d."/>
                  <SP HEIGHT="45" WIDTH="13" VPOS="326" HPOS="816"/>
                  <String HEIGHT="45" WIDTH="78" VPOS="326" HPOS="777" CONTENT="Et"/>
                  <SP HEIGHT="45" WIDTH="13" VPOS="326" HPOS="856"/>
                  <String HEIGHT="45" WIDTH="91" VPOS="326" HPOS="816" CONTENT="cam"/>
                  <SP HEIGHT="45" WIDTH="13" VPOS="326" HPOS="908"/>
                  <String HEIGHT="45" WIDTH="78" VPOS="326" HPOS="869" CONTENT="in"/>
                  <SP HEIGHT="45" WIDTH="13" VPOS="326" HPOS="947"/>
                  <String HEIGHT="45" WIDTH="91" VPOS="326" HPOS="908" CONTENT="hoc"/>
                  <SP HEIGHT="45" WIDTH="13" VPOS="326" HPOS="999"/>
                  <String HEIGHT="45"
                          WIDTH="104"
                          VPOS="326"
                          HPOS="960"
                          CONTENT="est,"/>
                  <SP HEIGHT="45" WIDTH="13" VPOS="326" HPOS="1064"/>
                  <String HEIGHT="45" WIDTH="91" VPOS="326" HPOS="1025" CONTENT="&amp;c."/>
                  <SP HEIGHT="45" WIDTH="13" VPOS="326" HPOS="1117"/>
                  <String HEIGHT="45" WIDTH="78" VPOS="326" HPOS="1077" CONTENT="i."/>
                  <SP HEIGHT="45" WIDTH="13" VPOS="326" HPOS="1156"/>
                  <String HEIGHT="45" WIDTH="65" VPOS="326" HPOS="1117" CONTENT="&amp;"/>
                  <SP HEIGHT="45" WIDTH="13" VPOS="326" HPOS="1182"/>
                  <String HEIGHT="45"
                          WIDTH="91"
                          VPOS="326"
                          HPOS="1130"
                          CONTENT="causa"/>
               </TextLine>
               <TextLine ID="r4l8"
                         BASELINE="418"
                         HEIGHT="56"
                         WIDTH="493"
                         VPOS="362"
                         HPOS="718">
                  <String HEIGHT="56" WIDTH="76" VPOS="362" HPOS="705" CONTENT="in"/>
                  <SP HEIGHT="56" WIDTH="13" VPOS="362" HPOS="781"/>
                  <String HEIGHT="56"
                          WIDTH="101"
                          VPOS="362"
                          HPOS="743"
                          CONTENT="hoc,"/>
                  <SP HEIGHT="56" WIDTH="13" VPOS="362" HPOS="844"/>
                  <String HEIGHT="56"
                          WIDTH="101"
                          VPOS="362"
                          HPOS="806"
                          CONTENT="quod"/>
                  <SP HEIGHT="56" WIDTH="13" VPOS="362" HPOS="908"/>
                  <String HEIGHT="56"
                          WIDTH="152"
                          VPOS="362"
                          HPOS="870"
                          CONTENT="mouentur"/>
                  <SP HEIGHT="56" WIDTH="13" VPOS="362" HPOS="1021"/>
                  <String HEIGHT="56" WIDTH="76" VPOS="362" HPOS="983" CONTENT="ad"/>
                  <SP HEIGHT="56" WIDTH="13" VPOS="362" HPOS="1059"/>
                  <String HEIGHT="56"
                          WIDTH="101"
                          VPOS="362"
                          HPOS="1021"
                          CONTENT="loca"/>
                  <SP HEIGHT="56" WIDTH="13" VPOS="362" HPOS="1123"/>
                  <String HEIGHT="56"
                          WIDTH="139"
                          VPOS="362"
                          HPOS="1072"
                          CONTENT="opposita,"/>
               </TextLine>
               <TextLine ID="r4l9"
                         BASELINE="457"
                         HEIGHT="52"
                         WIDTH="497"
                         VPOS="405"
                         HPOS="720">
                  <String HEIGHT="52"
                          WIDTH="107"
                          VPOS="405"
                          HPOS="708"
                          CONTENT="licet"/>
                  <SP HEIGHT="52" WIDTH="12" VPOS="405" HPOS="815"/>
                  <String HEIGHT="52"
                          WIDTH="118"
                          VPOS="405"
                          HPOS="779"
                          CONTENT="graue,"/>
                  <SP HEIGHT="52" WIDTH="12" VPOS="405" HPOS="897"/>
                  <String HEIGHT="52" WIDTH="59" VPOS="405" HPOS="862" CONTENT="&amp;"/>
                  <SP HEIGHT="52" WIDTH="12" VPOS="405" HPOS="921"/>
                  <String HEIGHT="52"
                          WIDTH="107"
                          VPOS="405"
                          HPOS="886"
                          CONTENT="leue,"/>
                  <SP HEIGHT="52" WIDTH="12" VPOS="405" HPOS="992"/>
                  <String HEIGHT="52" WIDTH="83" VPOS="405" HPOS="957" CONTENT="est"/>
                  <SP HEIGHT="52" WIDTH="12" VPOS="405" HPOS="1040"/>
                  <String HEIGHT="52"
                          WIDTH="95"
                          VPOS="405"
                          HPOS="1004"
                          CONTENT="quia"/>
                  <SP HEIGHT="52" WIDTH="12" VPOS="405" HPOS="1099"/>
                  <String HEIGHT="52"
                          WIDTH="95"
                          VPOS="405"
                          HPOS="1063"
                          CONTENT="sunt"/>
                  <SP HEIGHT="52" WIDTH="12" VPOS="405" HPOS="1158"/>
                  <String HEIGHT="52"
                          WIDTH="95"
                          VPOS="405"
                          HPOS="1122"
                          CONTENT="nata"/>
                  <SP HEIGHT="52" WIDTH="12" VPOS="405" HPOS="1217"/>
                  <String HEIGHT="52" WIDTH="47" VPOS="405" HPOS="1170" CONTENT="vt"/>
               </TextLine>
               <TextLine ID="r4l10"
                         BASELINE="495"
                         HEIGHT="51"
                         WIDTH="498"
                         VPOS="444"
                         HPOS="721">
                  <String HEIGHT="51" WIDTH="83" VPOS="444" HPOS="711" CONTENT="sint"/>
                  <SP HEIGHT="51" WIDTH="10" VPOS="444" HPOS="794"/>
                  <String HEIGHT="51" WIDTH="62" VPOS="444" HPOS="763" CONTENT="in"/>
                  <SP HEIGHT="51" WIDTH="10" VPOS="444" HPOS="825"/>
                  <String HEIGHT="51"
                          WIDTH="93"
                          VPOS="444"
                          HPOS="794"
                          CONTENT="locis"/>
                  <SP HEIGHT="51" WIDTH="10" VPOS="444" HPOS="887"/>
                  <String HEIGHT="51"
                          WIDTH="135"
                          VPOS="444"
                          HPOS="856"
                          CONTENT="propriis,"/>
                  <SP HEIGHT="51" WIDTH="10" VPOS="444" HPOS="991"/>
                  <String HEIGHT="51"
                          WIDTH="125"
                          VPOS="444"
                          HPOS="960"
                          CONTENT="scilicet"/>
                  <SP HEIGHT="51" WIDTH="10" VPOS="444" HPOS="1084"/>
                  <String HEIGHT="51"
                          WIDTH="83"
                          VPOS="444"
                          HPOS="1053"
                          CONTENT="quod"/>
                  <SP HEIGHT="51" WIDTH="10" VPOS="444" HPOS="1136"/>
                  <String HEIGHT="51"
                          WIDTH="83"
                          VPOS="444"
                          HPOS="1105"
                          CONTENT="esse"/>
                  <SP HEIGHT="51" WIDTH="10" VPOS="444" HPOS="1188"/>
                  <String HEIGHT="51"
                          WIDTH="73"
                          VPOS="444"
                          HPOS="1146"
                          CONTENT="eorum"/>
               </TextLine>
               <TextLine ID="r4l11"
                         BASELINE="522"
                         HEIGHT="43"
                         WIDTH="494"
                         VPOS="479"
                         HPOS="721">
                  <String HEIGHT="43" WIDTH="86" VPOS="479" HPOS="709" CONTENT="non"/>
                  <SP HEIGHT="43" WIDTH="12" VPOS="479" HPOS="795"/>
                  <String HEIGHT="43"
                          WIDTH="173"
                          VPOS="479"
                          HPOS="758"
                          CONTENT="completur,"/>
                  <SP HEIGHT="43" WIDTH="12" VPOS="479" HPOS="931"/>
                  <String HEIGHT="43" WIDTH="99" VPOS="479" HPOS="894" CONTENT="nisi"/>
                  <SP HEIGHT="43" WIDTH="12" VPOS="479" HPOS="993"/>
                  <String HEIGHT="43"
                          WIDTH="136"
                          VPOS="479"
                          HPOS="956"
                          CONTENT="essendo"/>
                  <SP HEIGHT="43" WIDTH="12" VPOS="479" HPOS="1092"/>
                  <String HEIGHT="43" WIDTH="74" VPOS="479" HPOS="1054" CONTENT="in"/>
                  <SP HEIGHT="43" WIDTH="12" VPOS="479" HPOS="1129"/>
                  <String HEIGHT="43"
                          WIDTH="111"
                          VPOS="479"
                          HPOS="1092"
                          CONTENT="illis"/>
                  <SP HEIGHT="43" WIDTH="12" VPOS="479" HPOS="1203"/>
                  <String HEIGHT="43"
                          WIDTH="62"
                          VPOS="479"
                          HPOS="1153"
                          CONTENT="lo"
                          SUBS_TYPE="HypPart1"
                          SUBS_CONTENT="lotis,"/>
                  <HYP CONTENT="-"/>
               </TextLine>
               <TextLine ID="r4l12"
                         BASELINE="562"
                         HEIGHT="43"
                         WIDTH="496"
                         VPOS="519"
                         HPOS="727">
                  <String HEIGHT="43"
                          WIDTH="97"
                          VPOS="519"
                          HPOS="715"
                          CONTENT="tis,"
                          SUBS_TYPE="HypPart2"
                          SUBS_CONTENT="lotis,"/>
                  <SP HEIGHT="43" WIDTH="12" VPOS="519" HPOS="812"/>
                  <String HEIGHT="43"
                          WIDTH="109"
                          VPOS="519"
                          HPOS="775"
                          CONTENT="sicut"/>
                  <SP HEIGHT="43" WIDTH="12" VPOS="519" HPOS="884"/>
                  <String HEIGHT="43"
                          WIDTH="169"
                          VPOS="519"
                          HPOS="848"
                          CONTENT="complentur"/>
                  <SP HEIGHT="43" WIDTH="12" VPOS="519" HPOS="1017"/>
                  <String HEIGHT="43" WIDTH="97" VPOS="519" HPOS="981" CONTENT="alia"/>
                  <SP HEIGHT="43" WIDTH="12" VPOS="519" HPOS="1078"/>
                  <String HEIGHT="43"
                          WIDTH="181"
                          VPOS="519"
                          HPOS="1042"
                          CONTENT="accidentia,"/>
                  <SP HEIGHT="43" WIDTH="12" VPOS="519" HPOS="1223"/>
                  <String HEIGHT="43" WIDTH="60" VPOS="519" HPOS="1187" CONTENT="&amp;"/>
                  <SP HEIGHT="43" WIDTH="12" VPOS="519" HPOS="1247"/>
                  <String HEIGHT="43" WIDTH="24" VPOS="519" HPOS="1199" CONTENT=""/>
               </TextLine>
               <TextLine ID="r4l13"
                         BASELINE="604"
                         HEIGHT="47"
                         WIDTH="494"
                         VPOS="557"
                         HPOS="725">
                  <String HEIGHT="47"
                          WIDTH="143"
                          VPOS="557"
                          HPOS="712"
                          CONTENT="propria"/>
                  <SP HEIGHT="47" WIDTH="13" VPOS="557" HPOS="855"/>
                  <String HEIGHT="47"
                          WIDTH="169"
                          VPOS="557"
                          HPOS="816"
                          CONTENT="sequentia"/>
                  <SP HEIGHT="47" WIDTH="13" VPOS="557" HPOS="985"/>
                  <String HEIGHT="47"
                          WIDTH="195"
                          VPOS="557"
                          HPOS="946"
                          CONTENT="substantiam"/>
                  <SP HEIGHT="47" WIDTH="13" VPOS="557" HPOS="1141"/>
                  <String HEIGHT="47"
                          WIDTH="130"
                          VPOS="557"
                          HPOS="1089"
                          CONTENT="vniuscu"
                          SUBS_TYPE="HypPart1"
                          SUBS_CONTENT="vniuscuiusque"/>
                  <HYP CONTENT="-"/>
               </TextLine>
               <TextLine ID="r4l14"
                         BASELINE="644"
                         HEIGHT="40"
                         WIDTH="496"
                         VPOS="604"
                         HPOS="719">
                  <String HEIGHT="40"
                          WIDTH="124"
                          VPOS="604"
                          HPOS="707"
                          CONTENT="iusque"
                          SUBS_TYPE="HypPart2"
                          SUBS_CONTENT="vniuscuiusque"/>
                  <SP HEIGHT="40" WIDTH="12" VPOS="604" HPOS="831"/>
                  <String HEIGHT="40"
                          WIDTH="124"
                          VPOS="604"
                          HPOS="793"
                          CONTENT="eorum."/>
                  <SP HEIGHT="40" WIDTH="12" VPOS="604" HPOS="917"/>
                  <String HEIGHT="40" WIDTH="74" VPOS="604" HPOS="880" CONTENT="Et"/>
                  <SP HEIGHT="40" WIDTH="12" VPOS="604" HPOS="955"/>
                  <String HEIGHT="40" WIDTH="99" VPOS="604" HPOS="917" CONTENT="ideo"/>
                  <SP HEIGHT="40" WIDTH="12" VPOS="604" HPOS="1017"/>
                  <String HEIGHT="40" WIDTH="74" VPOS="604" HPOS="979" CONTENT="d."/>
                  <SP HEIGHT="40" WIDTH="12" VPOS="604" HPOS="1054"/>
                  <String HEIGHT="40" WIDTH="62" VPOS="604" HPOS="1017" CONTENT="&amp;"/>
                  <SP HEIGHT="40" WIDTH="12" VPOS="604" HPOS="1079"/>
                  <String HEIGHT="40"
                          WIDTH="149"
                          VPOS="604"
                          HPOS="1041"
                          CONTENT="essentia"/>
                  <SP HEIGHT="40" WIDTH="12" VPOS="604" HPOS="1190"/>
                  <String HEIGHT="40"
                          WIDTH="74"
                          VPOS="604"
                          HPOS="1141"
                          CONTENT="gra"
                          SUBS_TYPE="HypPart1"
                          SUBS_CONTENT="grauis,"/>
                  <HYP CONTENT="-"/>
               </TextLine>
               <TextLine ID="r4l15"
                         BASELINE="674"
                         HEIGHT="37"
                         WIDTH="494"
                         VPOS="637"
                         HPOS="718">
                  <String HEIGHT="37"
                          WIDTH="79"
                          VPOS="637"
                          HPOS="708"
                          CONTENT="uis,"
                          SUBS_TYPE="HypPart2"
                          SUBS_CONTENT="grauis,"/>
                  <SP HEIGHT="37" WIDTH="10" VPOS="637" HPOS="787"/>
                  <String HEIGHT="37" WIDTH="49" VPOS="637" HPOS="758" CONTENT="&amp;"/>
                  <SP HEIGHT="37" WIDTH="10" VPOS="637" HPOS="807"/>
                  <String HEIGHT="37"
                          WIDTH="89"
                          VPOS="637"
                          HPOS="777"
                          CONTENT="leuis"/>
                  <SP HEIGHT="37" WIDTH="10" VPOS="637" HPOS="866"/>
                  <String HEIGHT="37" WIDTH="69" VPOS="637" HPOS="837" CONTENT="est"/>
                  <SP HEIGHT="37" WIDTH="10" VPOS="637" HPOS="906"/>
                  <String HEIGHT="37"
                          WIDTH="89"
                          VPOS="637"
                          HPOS="876"
                          CONTENT="ista,"/>
                  <SP HEIGHT="37" WIDTH="10" VPOS="637" HPOS="965"/>
                  <String HEIGHT="37"
                          WIDTH="119"
                          VPOS="637"
                          HPOS="935"
                          CONTENT="scilicet"/>
                  <SP HEIGHT="37" WIDTH="10" VPOS="637" HPOS="1054"/>
                  <String HEIGHT="37"
                          WIDTH="79"
                          VPOS="637"
                          HPOS="1024"
                          CONTENT="quod"/>
                  <SP HEIGHT="37" WIDTH="10" VPOS="637" HPOS="1103"/>
                  <String HEIGHT="37"
                          WIDTH="119"
                          VPOS="637"
                          HPOS="1074"
                          CONTENT="essentia"/>
                  <SP HEIGHT="37" WIDTH="10" VPOS="637" HPOS="1192"/>
                  <String HEIGHT="37"
                          WIDTH="59"
                          VPOS="637"
                          HPOS="1153"
                          CONTENT="gra"
                          SUBS_TYPE="HypPart1"
                          SUBS_CONTENT="granis,"/>
                  <HYP CONTENT="-"/>
               </TextLine>
               <TextLine ID="r4l16"
                         BASELINE="721"
                         HEIGHT="53"
                         WIDTH="478"
                         VPOS="668"
                         HPOS="728">
                  <String HEIGHT="53"
                          WIDTH="93"
                          VPOS="668"
                          HPOS="716"
                          CONTENT="nis,"
                          SUBS_TYPE="HypPart2"
                          SUBS_CONTENT="granis,"/>
                  <SP HEIGHT="53" WIDTH="12" VPOS="668" HPOS="810"/>
                  <String HEIGHT="53" WIDTH="58" VPOS="668" HPOS="775" CONTENT="&amp;"/>
                  <SP HEIGHT="53" WIDTH="12" VPOS="668" HPOS="833"/>
                  <String HEIGHT="53"
                          WIDTH="105"
                          VPOS="668"
                          HPOS="798"
                          CONTENT="leuis"/>
                  <SP HEIGHT="53" WIDTH="12" VPOS="668" HPOS="903"/>
                  <String HEIGHT="53"
                          WIDTH="105"
                          VPOS="668"
                          HPOS="868"
                          CONTENT="facit"/>
                  <SP HEIGHT="53" WIDTH="12" VPOS="668" HPOS="973"/>
                  <String HEIGHT="53" WIDTH="70" VPOS="668" HPOS="938" CONTENT="vt"/>
                  <SP HEIGHT="53" WIDTH="12" VPOS="668" HPOS="1008"/>
                  <String HEIGHT="53" WIDTH="93" VPOS="668" HPOS="973" CONTENT="leue"/>
                  <SP HEIGHT="53" WIDTH="12" VPOS="668" HPOS="1066"/>
                  <String HEIGHT="53"
                          WIDTH="140"
                          VPOS="668"
                          HPOS="1031"
                          CONTENT="vbitetur"/>
                  <SP HEIGHT="53" WIDTH="12" VPOS="668" HPOS="1171"/>
                  <String HEIGHT="53"
                          WIDTH="82"
                          VPOS="668"
                          HPOS="1124"
                          CONTENT="supe"
                          SUBS_TYPE="HypPart1"
                          SUBS_CONTENT="superius"/>
                  <HYP CONTENT="-"/>
               </TextLine>
               <TextLine ID="r4l17"
                         BASELINE="746"
                         HEIGHT="37"
                         WIDTH="491"
                         VPOS="709"
                         HPOS="722">
                  <String HEIGHT="37"
                          WIDTH="103"
                          VPOS="709"
                          HPOS="709"
                          CONTENT="rius"
                          SUBS_TYPE="HypPart2"
                          SUBS_CONTENT="superius"/>
                  <SP HEIGHT="37" WIDTH="13" VPOS="709" HPOS="812"/>
                  <String HEIGHT="37" WIDTH="65" VPOS="709" HPOS="774" CONTENT="&amp;"/>
                  <SP HEIGHT="37" WIDTH="13" VPOS="709" HPOS="838"/>
                  <String HEIGHT="37"
                          WIDTH="116"
                          VPOS="709"
                          HPOS="800"
                          CONTENT="graue"/>
                  <SP HEIGHT="37" WIDTH="13" VPOS="709" HPOS="916"/>
                  <String HEIGHT="37"
                          WIDTH="168"
                          VPOS="709"
                          HPOS="877"
                          CONTENT="inferius."/>
                  <SP HEIGHT="37" WIDTH="13" VPOS="709" HPOS="1045"/>
                  <String HEIGHT="37" WIDTH="65" VPOS="709" HPOS="1006" CONTENT="&amp;"/>
                  <SP HEIGHT="37" WIDTH="13" VPOS="709" HPOS="1071"/>
                  <String HEIGHT="37"
                          WIDTH="103"
                          VPOS="709"
                          HPOS="1032"
                          CONTENT="haec"/>
                  <SP HEIGHT="37" WIDTH="13" VPOS="709" HPOS="1135"/>
                  <String HEIGHT="37"
                          WIDTH="129"
                          VPOS="709"
                          HPOS="1084"
                          CONTENT="vbitatio"/>
               </TextLine>
               <TextLine ID="line_1612965311569_1957"
                         BASELINE="796"
                         HEIGHT="55"
                         WIDTH="487"
                         VPOS="741"
                         HPOS="720">
                  <String HEIGHT="55" WIDTH="87" VPOS="741" HPOS="708" CONTENT="aut"/>
                  <SP HEIGHT="55" WIDTH="12" VPOS="741" HPOS="795"/>
                  <String HEIGHT="55"
                          WIDTH="175"
                          VPOS="741"
                          HPOS="757"
                          CONTENT="collocatur"/>
                  <SP HEIGHT="55" WIDTH="12" VPOS="741" HPOS="932"/>
                  <String HEIGHT="55" WIDTH="75" VPOS="741" HPOS="895" CONTENT="in"/>
                  <SP HEIGHT="55" WIDTH="12" VPOS="741" HPOS="970"/>
                  <String HEIGHT="55"
                          WIDTH="187"
                          VPOS="741"
                          HPOS="932"
                          CONTENT="definitione"/>
                  <SP HEIGHT="55" WIDTH="12" VPOS="741" HPOS="1120"/>
                  <String HEIGHT="55"
                          WIDTH="137"
                          VPOS="741"
                          HPOS="1082"
                          CONTENT="grauis,"/>
                  <SP HEIGHT="55" WIDTH="12" VPOS="741" HPOS="1219"/>
                  <String HEIGHT="55" WIDTH="37" VPOS="741" HPOS="1170" CONTENT="&amp;"/>
               </TextLine>
               <TextLine ID="r4l20"
                         BASELINE="834"
                         HEIGHT="53"
                         WIDTH="492"
                         VPOS="781"
                         HPOS="720">
                  <String HEIGHT="53"
                          WIDTH="112"
                          VPOS="781"
                          HPOS="709"
                          CONTENT="leuis,"/>
                  <SP HEIGHT="53" WIDTH="11" VPOS="781" HPOS="821"/>
                  <String HEIGHT="53" WIDTH="78" VPOS="781" HPOS="787" CONTENT="aut"/>
                  <SP HEIGHT="53" WIDTH="11" VPOS="781" HPOS="865"/>
                  <String HEIGHT="53" WIDTH="78" VPOS="781" HPOS="832" CONTENT="est"/>
                  <SP HEIGHT="53" WIDTH="11" VPOS="781" HPOS="910"/>
                  <String HEIGHT="53"
                          WIDTH="101"
                          VPOS="781"
                          HPOS="877"
                          CONTENT="actio"/>
                  <SP HEIGHT="53" WIDTH="11" VPOS="781" HPOS="977"/>
                  <String HEIGHT="53"
                          WIDTH="179"
                          VPOS="781"
                          HPOS="944"
                          CONTENT="intentionis,"/>
                  <SP HEIGHT="53" WIDTH="11" VPOS="781" HPOS="1123"/>
                  <String HEIGHT="53"
                          WIDTH="89"
                          VPOS="781"
                          HPOS="1089"
                          CONTENT="quae"/>
                  <SP HEIGHT="53" WIDTH="11" VPOS="781" HPOS="1178"/>
                  <String HEIGHT="53"
                          WIDTH="78"
                          VPOS="781"
                          HPOS="1134"
                          CONTENT="collo"/>
               </TextLine>
               <TextLine ID="r4l21"
                         BASELINE="870"
                         HEIGHT="48"
                         WIDTH="485"
                         VPOS="822"
                         HPOS="724">
                  <String HEIGHT="48"
                          WIDTH="104"
                          VPOS="822"
                          HPOS="712"
                          CONTENT="catur"/>
                  <SP HEIGHT="48" WIDTH="12" VPOS="822" HPOS="816"/>
                  <String HEIGHT="48" WIDTH="69" VPOS="822" HPOS="782" CONTENT="in"/>
                  <SP HEIGHT="48" WIDTH="12" VPOS="822" HPOS="851"/>
                  <String HEIGHT="48"
                          WIDTH="162"
                          VPOS="822"
                          HPOS="816"
                          CONTENT="definitioe"/>
                  <SP HEIGHT="48" WIDTH="12" VPOS="822" HPOS="978"/>
                  <String HEIGHT="48"
                          WIDTH="115"
                          VPOS="822"
                          HPOS="943"
                          CONTENT="eorum."/>
                  <SP HEIGHT="48" WIDTH="12" VPOS="822" HPOS="1059"/>
                  <String HEIGHT="48"
                          WIDTH="92"
                          VPOS="822"
                          HPOS="1024"
                          CONTENT="Ieue"/>
                  <SP HEIGHT="48" WIDTH="12" VPOS="822" HPOS="1117"/>
                  <String HEIGHT="48"
                          WIDTH="92"
                          VPOS="822"
                          HPOS="1082"
                          CONTENT="enim"/>
                  <SP HEIGHT="48" WIDTH="12" VPOS="822" HPOS="1174"/>
                  <String HEIGHT="48" WIDTH="58" VPOS="822" HPOS="1140" CONTENT="&amp;"/>
                  <SP HEIGHT="48" WIDTH="12" VPOS="822" HPOS="1197"/>
                  <String HEIGHT="48" WIDTH="58" VPOS="822" HPOS="1151" CONTENT="gra"/>
               </TextLine>
               <TextLine ID="line_1612965318195_1964"
                         BASELINE="898"
                         HEIGHT="38"
                         WIDTH="497"
                         VPOS="860"
                         HPOS="718">
                  <String HEIGHT="38" WIDTH="81" VPOS="860" HPOS="705" CONTENT="ue"/>
                  <SP HEIGHT="38" WIDTH="13" VPOS="860" HPOS="785"/>
                  <String HEIGHT="38"
                          WIDTH="215"
                          VPOS="860"
                          HPOS="745"
                          CONTENT="describuntur"/>
                  <SP HEIGHT="38" WIDTH="13" VPOS="860" HPOS="960"/>
                  <String HEIGHT="38" WIDTH="94" VPOS="860" HPOS="919" CONTENT="per"/>
                  <SP HEIGHT="38" WIDTH="13" VPOS="860" HPOS="1014"/>
                  <String HEIGHT="38"
                          WIDTH="107"
                          VPOS="860"
                          HPOS="973"
                          CONTENT="hanc"/>
                  <SP HEIGHT="38" WIDTH="13" VPOS="860" HPOS="1081"/>
                  <String HEIGHT="38"
                          WIDTH="175"
                          VPOS="860"
                          HPOS="1040"
                          CONTENT="actionem."/>
                  <SP HEIGHT="38" WIDTH="13" VPOS="860" HPOS="1215"/>
                  <String HEIGHT="38" WIDTH="67" VPOS="860" HPOS="1175" CONTENT="&amp;"/>
                  <SP HEIGHT="38" WIDTH="13" VPOS="860" HPOS="1242"/>
                  <String HEIGHT="38" WIDTH="27" VPOS="860" HPOS="1188" CONTENT=""/>
               </TextLine>
               <TextLine ID="r4l24"
                         BASELINE="938"
                         HEIGHT="43"
                         WIDTH="485"
                         VPOS="895"
                         HPOS="720">
                  <String HEIGHT="43" WIDTH="92" VPOS="895" HPOS="707" CONTENT="hoc"/>
                  <SP HEIGHT="43" WIDTH="13" VPOS="895" HPOS="799"/>
                  <String HEIGHT="43"
                          WIDTH="210"
                          VPOS="895"
                          HPOS="759"
                          CONTENT="declarabitur"/>
                  <SP HEIGHT="43" WIDTH="13" VPOS="895" HPOS="969"/>
                  <String HEIGHT="43"
                          WIDTH="118"
                          VPOS="895"
                          HPOS="930"
                          CONTENT="etiam"/>
                  <SP HEIGHT="43" WIDTH="13" VPOS="895" HPOS="1048"/>
                  <String HEIGHT="43" WIDTH="79" VPOS="895" HPOS="1008" CONTENT="in"/>
                  <SP HEIGHT="43" WIDTH="13" VPOS="895" HPOS="1087"/>
                  <String HEIGHT="43"
                          WIDTH="118"
                          VPOS="895"
                          HPOS="1048"
                          CONTENT="Coelo"/>
                  <SP HEIGHT="43" WIDTH="13" VPOS="895" HPOS="1166"/>
                  <String HEIGHT="43" WIDTH="66" VPOS="895" HPOS="1126" CONTENT="&amp;"/>
                  <SP HEIGHT="43" WIDTH="13" VPOS="895" HPOS="1192"/>
                  <String HEIGHT="43" WIDTH="66" VPOS="895" HPOS="1139" CONTENT="mun"/>
               </TextLine>
               <TextLine ID="r4l25"
                         BASELINE="981"
                         HEIGHT="47"
                         WIDTH="476"
                         VPOS="934"
                         HPOS="724">
                  <String HEIGHT="47" WIDTH="83" VPOS="934" HPOS="712" CONTENT="do."/>
                  <SP HEIGHT="47" WIDTH="12" VPOS="934" HPOS="795"/>
                  <String HEIGHT="47" WIDTH="83" VPOS="934" HPOS="760" CONTENT="Et,"/>
                  <SP HEIGHT="47" WIDTH="12" VPOS="934" HPOS="843"/>
                  <String HEIGHT="47" WIDTH="83" VPOS="934" HPOS="807" CONTENT="cum"/>
                  <SP HEIGHT="47" WIDTH="12" VPOS="934" HPOS="891"/>
                  <String HEIGHT="47"
                          WIDTH="155"
                          VPOS="934"
                          HPOS="855"
                          CONTENT="compleuit"/>
                  <SP HEIGHT="47" WIDTH="12" VPOS="934" HPOS="1010"/>
                  <String HEIGHT="47"
                          WIDTH="107"
                          VPOS="934"
                          HPOS="974"
                          CONTENT="omnia"/>
                  <SP HEIGHT="47" WIDTH="12" VPOS="934" HPOS="1081"/>
                  <String HEIGHT="47"
                          WIDTH="107"
                          VPOS="934"
                          HPOS="1045"
                          CONTENT="ista,"/>
                  <SP HEIGHT="47" WIDTH="12" VPOS="934" HPOS="1152"/>
                  <String HEIGHT="47"
                          WIDTH="95"
                          VPOS="934"
                          HPOS="1105"
                          CONTENT="reuer"
                          SUBS_TYPE="HypPart1"
                          SUBS_CONTENT="reuersus"/>
                  <HYP CONTENT="-"/>
               </TextLine>
               <TextLine ID="r4l26"
                         BASELINE="1010"
                         HEIGHT="39"
                         WIDTH="490"
                         VPOS="971"
                         HPOS="719">
                  <String HEIGHT="39"
                          WIDTH="95"
                          VPOS="971"
                          HPOS="705"
                          CONTENT="sus"
                          SUBS_TYPE="HypPart2"
                          SUBS_CONTENT="reuersus"/>
                  <SP HEIGHT="39" WIDTH="14" VPOS="971" HPOS="801"/>
                  <String HEIGHT="39" WIDTH="95" VPOS="971" HPOS="760" CONTENT="est"/>
                  <SP HEIGHT="39" WIDTH="14" VPOS="971" HPOS="855"/>
                  <String HEIGHT="39" WIDTH="82" VPOS="971" HPOS="814" CONTENT="ad"/>
                  <SP HEIGHT="39" WIDTH="14" VPOS="971" HPOS="896"/>
                  <String HEIGHT="39"
                          WIDTH="177"
                          VPOS="971"
                          HPOS="855"
                          CONTENT="faciendum"/>
                  <SP HEIGHT="39" WIDTH="14" VPOS="971" HPOS="1032"/>
                  <String HEIGHT="39"
                          WIDTH="231"
                          VPOS="971"
                          HPOS="978"
                          CONTENT="rememorationem,"/>
               </TextLine>
               <TextLine ID="r4l27"
                         BASELINE="1060"
                         HEIGHT="54"
                         WIDTH="484"
                         VPOS="1006"
                         HPOS="721">
                  <String HEIGHT="54" WIDTH="74" VPOS="1006" HPOS="709" CONTENT="de"/>
                  <SP HEIGHT="54" WIDTH="12" VPOS="1006" HPOS="783"/>
                  <String HEIGHT="54"
                          WIDTH="186"
                          VPOS="1006"
                          HPOS="746"
                          CONTENT="praedictis,"/>
                  <SP HEIGHT="54" WIDTH="12" VPOS="1006" HPOS="932"/>
                  <String HEIGHT="54" WIDTH="62" VPOS="1006" HPOS="895" CONTENT="&amp;"/>
                  <SP HEIGHT="54" WIDTH="12" VPOS="1006" HPOS="957"/>
                  <String HEIGHT="54" WIDTH="74" VPOS="1006" HPOS="920" CONTENT="d."/>
                  <SP HEIGHT="54" WIDTH="12" VPOS="1006" HPOS="994"/>
                  <String HEIGHT="54" WIDTH="87" VPOS="1006" HPOS="957" CONTENT="Sed"/>
                  <SP HEIGHT="54" WIDTH="12" VPOS="1006" HPOS="1044"/>
                  <String HEIGHT="54"
                          WIDTH="112"
                          VPOS="1006"
                          HPOS="1006"
                          CONTENT="leue,"/>
                  <SP HEIGHT="54" WIDTH="12" VPOS="1006" HPOS="1118"/>
                  <String HEIGHT="54" WIDTH="62" VPOS="1006" HPOS="1081" CONTENT="&amp;"/>
                  <SP HEIGHT="54" WIDTH="12" VPOS="1006" HPOS="1143"/>
                  <String HEIGHT="54"
                          WIDTH="112"
                          VPOS="1006"
                          HPOS="1106"
                          CONTENT="grane"/>
                  <SP HEIGHT="54" WIDTH="12" VPOS="1006" HPOS="1217"/>
                  <String HEIGHT="54" WIDTH="37" VPOS="1006" HPOS="1168" CONTENT="i"/>
               </TextLine>
               <TextLine ID="r4l28"
                         BASELINE="1093"
                         HEIGHT="42"
                         WIDTH="490"
                         VPOS="1051"
                         HPOS="721">
                  <String HEIGHT="42"
                          WIDTH="159"
                          VPOS="1051"
                          HPOS="708"
                          CONTENT="potentia"/>
                  <SP HEIGHT="42" WIDTH="13" VPOS="1051" HPOS="867"/>
                  <String HEIGHT="42"
                          WIDTH="106"
                          VPOS="1051"
                          HPOS="827"
                          CONTENT="sunt"/>
                  <SP HEIGHT="42" WIDTH="13" VPOS="1051" HPOS="933"/>
                  <String HEIGHT="42"
                          WIDTH="132"
                          VPOS="1051"
                          HPOS="893"
                          CONTENT="multis"/>
                  <SP HEIGHT="42" WIDTH="13" VPOS="1051" HPOS="1026"/>
                  <String HEIGHT="42"
                          WIDTH="132"
                          VPOS="1051"
                          HPOS="986"
                          CONTENT="modis,"/>
                  <SP HEIGHT="42" WIDTH="13" VPOS="1051" HPOS="1118"/>
                  <String HEIGHT="42"
                          WIDTH="119"
                          VPOS="1051"
                          HPOS="1079"
                          CONTENT="sicut"/>
                  <SP HEIGHT="42" WIDTH="13" VPOS="1051" HPOS="1198"/>
                  <String HEIGHT="42"
                          WIDTH="66"
                          VPOS="1051"
                          HPOS="1145"
                          CONTENT="di"
                          SUBS_TYPE="HypPart1"
                          SUBS_CONTENT="diximus."/>
                  <HYP CONTENT="-"/>
               </TextLine>
               <TextLine ID="r4l29"
                         BASELINE="1133"
                         HEIGHT="40"
                         WIDTH="486"
                         VPOS="1093"
                         HPOS="724">
                  <String HEIGHT="40"
                          WIDTH="122"
                          VPOS="1093"
                          HPOS="712"
                          CONTENT="ximus."
                          SUBS_TYPE="HypPart2"
                          SUBS_CONTENT="diximus."/>
                  <SP HEIGHT="40" WIDTH="12" VPOS="1093" HPOS="833"/>
                  <String HEIGHT="40" WIDTH="73" VPOS="1093" HPOS="797" CONTENT="i."/>
                  <SP HEIGHT="40" WIDTH="12" VPOS="1093" HPOS="870"/>
                  <String HEIGHT="40"
                          WIDTH="134"
                          VPOS="1093"
                          HPOS="833"
                          CONTENT="quoniam"/>
                  <SP HEIGHT="40" WIDTH="12" VPOS="1093" HPOS="967"/>
                  <String HEIGHT="40"
                          WIDTH="146"
                          VPOS="1093"
                          HPOS="931"
                          CONTENT="dicuntur"/>
                  <SP HEIGHT="40" WIDTH="12" VPOS="1093" HPOS="1076"/>
                  <String HEIGHT="40"
                          WIDTH="85"
                          VPOS="1093"
                          HPOS="1040"
                          CONTENT="per"/>
                  <SP HEIGHT="40" WIDTH="12" VPOS="1093" HPOS="1125"/>
                  <String HEIGHT="40"
                          WIDTH="134"
                          VPOS="1093"
                          HPOS="1076"
                          CONTENT="potentiam"/>
               </TextLine>
               <TextLine ID="r4l30"
                         BASELINE="1162"
                         HEIGHT="42"
                         WIDTH="489"
                         VPOS="1120"
                         HPOS="718">
                  <String HEIGHT="42"
                          WIDTH="148"
                          VPOS="1120"
                          HPOS="707"
                          CONTENT="naturalem"/>
                  <SP HEIGHT="42" WIDTH="11" VPOS="1120" HPOS="854"/>
                  <String HEIGHT="42"
                          WIDTH="148"
                          VPOS="1120"
                          HPOS="820"
                          CONTENT="passiuam,"/>
                  <SP HEIGHT="42" WIDTH="11" VPOS="1120" HPOS="968"/>
                  <String HEIGHT="42" WIDTH="57" VPOS="1120" HPOS="934" CONTENT="&amp;"/>
                  <SP HEIGHT="42" WIDTH="11" VPOS="1120" HPOS="991"/>
                  <String HEIGHT="42"
                          WIDTH="159"
                          VPOS="1120"
                          HPOS="957"
                          CONTENT="violentam,"/>
                  <SP HEIGHT="42" WIDTH="11" VPOS="1120" HPOS="1116"/>
                  <String HEIGHT="42"
                          WIDTH="91"
                          VPOS="1120"
                          HPOS="1082"
                          CONTENT="quae"/>
                  <SP HEIGHT="42" WIDTH="11" VPOS="1120" HPOS="1173"/>
                  <String HEIGHT="42"
                          WIDTH="80"
                          VPOS="1120"
                          HPOS="1127"
                          CONTENT="erit,"/>
               </TextLine>
               <TextLine ID="r4l31"
                         BASELINE="1209"
                         HEIGHT="52"
                         WIDTH="493"
                         VPOS="1157"
                         HPOS="720">
                  <String HEIGHT="52"
                          WIDTH="133"
                          VPOS="1157"
                          HPOS="707"
                          CONTENT="quando"/>
                  <SP HEIGHT="52" WIDTH="13" VPOS="1157" HPOS="840"/>
                  <String HEIGHT="52"
                          WIDTH="173"
                          VPOS="1157"
                          HPOS="800"
                          CONTENT="impeditur"/>
                  <SP HEIGHT="52" WIDTH="13" VPOS="1157" HPOS="973"/>
                  <String HEIGHT="52" WIDTH="80" VPOS="1157" HPOS="933" CONTENT="ab"/>
                  <SP HEIGHT="52" WIDTH="13" VPOS="1157" HPOS="1013"/>
                  <String HEIGHT="52"
                          WIDTH="147"
                          VPOS="1157"
                          HPOS="973"
                          CONTENT="aliquo."/>
                  <SP HEIGHT="52" WIDTH="13" VPOS="1157" HPOS="1120"/>
                  <String HEIGHT="52"
                          WIDTH="107"
                          VPOS="1157"
                          HPOS="1080"
                          CONTENT="D.d."/>
                  <SP HEIGHT="52" WIDTH="13" VPOS="1157" HPOS="1186"/>
                  <String HEIGHT="52"
                          WIDTH="80"
                          VPOS="1157"
                          HPOS="1133"
                          CONTENT="aqua"/>
               </TextLine>
               <TextLine ID="r4l32"
                         BASELINE="1241"
                         HEIGHT="51"
                         WIDTH="498"
                         VPOS="1190"
                         HPOS="716">
                  <String HEIGHT="51"
                          WIDTH="93"
                          VPOS="1190"
                          HPOS="704"
                          CONTENT="enim"/>
                  <SP HEIGHT="51" WIDTH="12" VPOS="1190" HPOS="797"/>
                  <String HEIGHT="51" WIDTH="81" VPOS="1190" HPOS="762" CONTENT="&amp;c."/>
                  <SP HEIGHT="51" WIDTH="12" VPOS="1190" HPOS="843"/>
                  <String HEIGHT="51" WIDTH="69" VPOS="1190" HPOS="809" CONTENT="i."/>
                  <SP HEIGHT="51" WIDTH="12" VPOS="1190" HPOS="878"/>
                  <String HEIGHT="51"
                          WIDTH="93"
                          VPOS="1190"
                          HPOS="843"
                          CONTENT="aqua"/>
                  <SP HEIGHT="51" WIDTH="12" VPOS="1190" HPOS="936"/>
                  <String HEIGHT="51"
                          WIDTH="93"
                          VPOS="1190"
                          HPOS="901"
                          CONTENT="enim"/>
                  <SP HEIGHT="51" WIDTH="12" VPOS="1190" HPOS="994"/>
                  <String HEIGHT="51" WIDTH="81" VPOS="1190" HPOS="959" CONTENT="dum"/>
                  <SP HEIGHT="51" WIDTH="12" VPOS="1190" HPOS="1040"/>
                  <String HEIGHT="51"
                          WIDTH="81"
                          VPOS="1190"
                          HPOS="1006"
                          CONTENT="est"/>
                  <SP HEIGHT="51" WIDTH="12" VPOS="1190" HPOS="1087"/>
                  <String HEIGHT="51"
                          WIDTH="104"
                          VPOS="1190"
                          HPOS="1052"
                          CONTENT="aqua,"/>
                  <SP HEIGHT="51" WIDTH="12" VPOS="1190" HPOS="1156"/>
                  <String HEIGHT="51"
                          WIDTH="81"
                          VPOS="1190"
                          HPOS="1121"
                          CONTENT="est"/>
                  <SP HEIGHT="51" WIDTH="12" VPOS="1190" HPOS="1202"/>
                  <String HEIGHT="51" WIDTH="69" VPOS="1190" HPOS="1168" CONTENT="in"/>
                  <SP HEIGHT="51" WIDTH="12" VPOS="1190" HPOS="1237"/>
                  <String HEIGHT="51" WIDTH="23" VPOS="1190" HPOS="1191" CONTENT=""/>
               </TextLine>
               <TextLine ID="r4l33"
                         BASELINE="1281"
                         HEIGHT="38"
                         WIDTH="488"
                         VPOS="1243"
                         HPOS="724">
                  <String HEIGHT="38"
                          WIDTH="154"
                          VPOS="1243"
                          HPOS="711"
                          CONTENT="potentia"/>
                  <SP HEIGHT="38" WIDTH="13" VPOS="1243" HPOS="865"/>
                  <String HEIGHT="38"
                          WIDTH="154"
                          VPOS="1243"
                          HPOS="827"
                          CONTENT="naturali"/>
                  <SP HEIGHT="38" WIDTH="13" VPOS="1243" HPOS="981"/>
                  <String HEIGHT="38"
                          WIDTH="128"
                          VPOS="1243"
                          HPOS="942"
                          CONTENT="leuis,"/>
                  <SP HEIGHT="38" WIDTH="13" VPOS="1243" HPOS="1071"/>
                  <String HEIGHT="38" WIDTH="77" VPOS="1243" HPOS="1032" CONTENT="&amp;,"/>
                  <SP HEIGHT="38" WIDTH="13" VPOS="1243" HPOS="1109"/>
                  <String HEIGHT="38"
                          WIDTH="90"
                          VPOS="1243"
                          HPOS="1071"
                          CONTENT="cum"/>
                  <SP HEIGHT="38" WIDTH="13" VPOS="1243" HPOS="1161"/>
                  <String HEIGHT="38"
                          WIDTH="103"
                          VPOS="1243"
                          HPOS="1109"
                          CONTENT="fuerit"/>
               </TextLine>
               <TextLine ID="r4l34"
                         BASELINE="1321"
                         HEIGHT="50"
                         WIDTH="489"
                         VPOS="1271"
                         HPOS="722">
                  <String HEIGHT="50" WIDTH="82" VPOS="1271" HPOS="710" CONTENT="aer"/>
                  <SP HEIGHT="50" WIDTH="12" VPOS="1271" HPOS="792"/>
                  <String HEIGHT="50"
                          WIDTH="93"
                          VPOS="1271"
                          HPOS="757"
                          CONTENT="erit"/>
                  <SP HEIGHT="50" WIDTH="12" VPOS="1271" HPOS="850"/>
                  <String HEIGHT="50"
                          WIDTH="105"
                          VPOS="1271"
                          HPOS="815"
                          CONTENT="leuis"/>
                  <SP HEIGHT="50" WIDTH="12" VPOS="1271" HPOS="920"/>
                  <String HEIGHT="50" WIDTH="70" VPOS="1271" HPOS="885" CONTENT="in"/>
                  <SP HEIGHT="50" WIDTH="12" VPOS="1271" HPOS="955"/>
                  <String HEIGHT="50"
                          WIDTH="105"
                          VPOS="1271"
                          HPOS="920"
                          CONTENT="actu,"/>
                  <SP HEIGHT="50" WIDTH="12" VPOS="1271" HPOS="1025"/>
                  <String HEIGHT="50"
                          WIDTH="93"
                          VPOS="1271"
                          HPOS="990"
                          CONTENT="nisi"/>
                  <SP HEIGHT="50" WIDTH="12" VPOS="1271" HPOS="1083"/>
                  <String HEIGHT="50"
                          WIDTH="128"
                          VPOS="1271"
                          HPOS="1048"
                          CONTENT="aliquid"/>
                  <SP HEIGHT="50" WIDTH="12" VPOS="1271" HPOS="1176"/>
                  <String HEIGHT="50"
                          WIDTH="82"
                          VPOS="1271"
                          HPOS="1130"
                          CONTENT="inpe"
                          SUBS_TYPE="HypPart1"
                          SUBS_CONTENT="inpediat,"/>
                  <HYP CONTENT="-"/>
               </TextLine>
               <TextLine ID="r4l35"
                         BASELINE="1360"
                         HEIGHT="52"
                         WIDTH="481"
                         VPOS="1308"
                         HPOS="726">
                  <String HEIGHT="52"
                          WIDTH="103"
                          VPOS="1308"
                          HPOS="715"
                          CONTENT="diat,"
                          SUBS_TYPE="HypPart2"
                          SUBS_CONTENT="inpediat,"/>
                  <SP HEIGHT="52" WIDTH="11" VPOS="1308" HPOS="818"/>
                  <String HEIGHT="52"
                          WIDTH="92"
                          VPOS="1308"
                          HPOS="783"
                          CONTENT="ita,"/>
                  <SP HEIGHT="52" WIDTH="11" VPOS="1308" HPOS="875"/>
                  <String HEIGHT="52"
                          WIDTH="92"
                          VPOS="1308"
                          HPOS="841"
                          CONTENT="quod"/>
                  <SP HEIGHT="52" WIDTH="11" VPOS="1308" HPOS="932"/>
                  <String HEIGHT="52" WIDTH="80" VPOS="1308" HPOS="898" CONTENT="non"/>
                  <SP HEIGHT="52" WIDTH="11" VPOS="1308" HPOS="978"/>
                  <String HEIGHT="52"
                          WIDTH="92"
                          VPOS="1308"
                          HPOS="944"
                          CONTENT="agat"/>
                  <SP HEIGHT="52" WIDTH="11" VPOS="1308" HPOS="1035"/>
                  <String HEIGHT="52"
                          WIDTH="137"
                          VPOS="1308"
                          HPOS="1001"
                          CONTENT="actionem"/>
                  <SP HEIGHT="52" WIDTH="11" VPOS="1308" HPOS="1138"/>
                  <String HEIGHT="52"
                          WIDTH="115"
                          VPOS="1308"
                          HPOS="1104"
                          CONTENT="leuis,"/>
                  <SP HEIGHT="52" WIDTH="11" VPOS="1308" HPOS="1218"/>
                  <String HEIGHT="52" WIDTH="34" VPOS="1308" HPOS="1173" CONTENT="&amp;"/>
               </TextLine>
               <TextLine ID="r4l36"
                         BASELINE="1386"
                         HEIGHT="38"
                         WIDTH="489"
                         VPOS="1348"
                         HPOS="718">
                  <String HEIGHT="38" WIDTH="88" VPOS="1348" HPOS="705" CONTENT="sic"/>
                  <SP HEIGHT="38" WIDTH="13" VPOS="1348" HPOS="793"/>
                  <String HEIGHT="38"
                          WIDTH="176"
                          VPOS="1348"
                          HPOS="756"
                          CONTENT="inuenietur"/>
                  <SP HEIGHT="38" WIDTH="13" VPOS="1348" HPOS="931"/>
                  <String HEIGHT="38" WIDTH="75" VPOS="1348" HPOS="894" CONTENT="in"/>
                  <SP HEIGHT="38" WIDTH="13" VPOS="1348" HPOS="969"/>
                  <String HEIGHT="38" WIDTH="75" VPOS="1348" HPOS="931" CONTENT="ea"/>
                  <SP HEIGHT="38" WIDTH="13" VPOS="1348" HPOS="1006"/>
                  <String HEIGHT="38"
                          WIDTH="150"
                          VPOS="1348"
                          HPOS="969"
                          CONTENT="potentia"/>
                  <SP HEIGHT="38" WIDTH="13" VPOS="1348" HPOS="1119"/>
                  <String HEIGHT="38"
                          WIDTH="138"
                          VPOS="1348"
                          HPOS="1069"
                          CONTENT="violenta."/>
               </TextLine>
               <TextLine ID="r4l37"
                         BASELINE="1426"
                         HEIGHT="44"
                         WIDTH="488"
                         VPOS="1382"
                         HPOS="724">
                  <String HEIGHT="44" WIDTH="64" VPOS="1382" HPOS="711" CONTENT="&amp;"/>
                  <SP HEIGHT="44" WIDTH="13" VPOS="1382" HPOS="775"/>
                  <String HEIGHT="44"
                          WIDTH="116"
                          VPOS="1382"
                          HPOS="737"
                          CONTENT="ista,"/>
                  <SP HEIGHT="44" WIDTH="13" VPOS="1382" HPOS="852"/>
                  <String HEIGHT="44"
                          WIDTH="116"
                          VPOS="1382"
                          HPOS="814"
                          CONTENT="sicut"/>
                  <SP HEIGHT="44" WIDTH="13" VPOS="1382" HPOS="929"/>
                  <String HEIGHT="44"
                          WIDTH="154"
                          VPOS="1382"
                          HPOS="891"
                          CONTENT="diximus,"/>
                  <SP HEIGHT="44" WIDTH="13" VPOS="1382" HPOS="1045"/>
                  <String HEIGHT="44"
                          WIDTH="218"
                          VPOS="1382"
                          HPOS="1007"
                          CONTENT="distinguuntur"/>
                  <SP HEIGHT="44" WIDTH="13" VPOS="1382" HPOS="1225"/>
                  <String HEIGHT="44" WIDTH="39" VPOS="1382" HPOS="1173" CONTENT="a"/>
               </TextLine>
               <TextLine ID="r4l38"
                         BASELINE="1471"
                         HEIGHT="43"
                         WIDTH="484"
                         VPOS="1428"
                         HPOS="726">
                  <String HEIGHT="43"
                          WIDTH="88"
                          VPOS="1428"
                          HPOS="715"
                          CONTENT="vera"/>
                  <SP HEIGHT="43" WIDTH="11" VPOS="1428" HPOS="803"/>
                  <String HEIGHT="43"
                          WIDTH="143"
                          VPOS="1428"
                          HPOS="770"
                          CONTENT="potentia:"/>
                  <SP HEIGHT="43" WIDTH="11" VPOS="1428" HPOS="913"/>
                  <String HEIGHT="43"
                          WIDTH="121"
                          VPOS="1428"
                          HPOS="880"
                          CONTENT="quoniam"/>
                  <SP HEIGHT="43" WIDTH="11" VPOS="1428" HPOS="1001"/>
                  <String HEIGHT="43"
                          WIDTH="88"
                          VPOS="1428"
                          HPOS="968"
                          CONTENT="ista"/>
                  <SP HEIGHT="43" WIDTH="11" VPOS="1428" HPOS="1056"/>
                  <String HEIGHT="43"
                          WIDTH="77"
                          VPOS="1428"
                          HPOS="1023"
                          CONTENT="est"/>
                  <SP HEIGHT="43" WIDTH="11" VPOS="1428" HPOS="1100"/>
                  <String HEIGHT="43"
                          WIDTH="143"
                          VPOS="1428"
                          HPOS="1067"
                          CONTENT="violenta,"/>
                  <SP HEIGHT="43" WIDTH="11" VPOS="1428" HPOS="1210"/>
                  <String HEIGHT="43" WIDTH="55" VPOS="1428" HPOS="1177" CONTENT="&amp;"/>
                  <SP HEIGHT="43" WIDTH="11" VPOS="1428" HPOS="1232"/>
                  <String HEIGHT="43" WIDTH="22" VPOS="1428" HPOS="1188" CONTENT=""/>
               </TextLine>
               <TextLine ID="r4l39"
                         BASELINE="1498"
                         HEIGHT="39"
                         WIDTH="496"
                         VPOS="1459"
                         HPOS="719">
                  <String HEIGHT="39"
                          WIDTH="97"
                          VPOS="1459"
                          HPOS="707"
                          CONTENT="illa"/>
                  <SP HEIGHT="39" WIDTH="12" VPOS="1459" HPOS="804"/>
                  <String HEIGHT="39"
                          WIDTH="169"
                          VPOS="1459"
                          HPOS="767"
                          CONTENT="naturalis."/>
                  <SP HEIGHT="39" WIDTH="12" VPOS="1459" HPOS="937"/>
                  <String HEIGHT="39"
                          WIDTH="97"
                          VPOS="1459"
                          HPOS="900"
                          CONTENT="D.d."/>
                  <SP HEIGHT="39" WIDTH="12" VPOS="1459" HPOS="997"/>
                  <String HEIGHT="39" WIDTH="60" VPOS="1459" HPOS="961" CONTENT="&amp;"/>
                  <SP HEIGHT="39" WIDTH="12" VPOS="1459" HPOS="1021"/>
                  <String HEIGHT="39"
                          WIDTH="145"
                          VPOS="1459"
                          HPOS="985"
                          CONTENT="secundum"/>
                  <SP HEIGHT="39" WIDTH="12" VPOS="1459" HPOS="1130"/>
                  <String HEIGHT="39"
                          WIDTH="97"
                          VPOS="1459"
                          HPOS="1094"
                          CONTENT="hunc"/>
                  <SP HEIGHT="39" WIDTH="12" VPOS="1459" HPOS="1191"/>
                  <String HEIGHT="39"
                          WIDTH="85"
                          VPOS="1459"
                          HPOS="1155"
                          CONTENT="mo"/>
                  <SP HEIGHT="39" WIDTH="12" VPOS="1459" HPOS="1239"/>
                  <String HEIGHT="39" WIDTH="24" VPOS="1459" HPOS="1191" CONTENT=""/>
               </TextLine>
               <TextLine ID="r4l40"
                         BASELINE="1546"
                         HEIGHT="48"
                         WIDTH="488"
                         VPOS="1498"
                         HPOS="725">
                  <String HEIGHT="48"
                          WIDTH="85"
                          VPOS="1498"
                          HPOS="714"
                          CONTENT="dum,"/>
                  <SP HEIGHT="48" WIDTH="11" VPOS="1498" HPOS="799"/>
                  <String HEIGHT="48" WIDTH="74" VPOS="1498" HPOS="767" CONTENT="&amp;c."/>
                  <SP HEIGHT="48" WIDTH="11" VPOS="1498" HPOS="842"/>
                  <String HEIGHT="48" WIDTH="64" VPOS="1498" HPOS="810" CONTENT="i."/>
                  <SP HEIGHT="48" WIDTH="11" VPOS="1498" HPOS="874"/>
                  <String HEIGHT="48" WIDTH="53" VPOS="1498" HPOS="842" CONTENT="&amp;"/>
                  <SP HEIGHT="48" WIDTH="11" VPOS="1498" HPOS="895"/>
                  <String HEIGHT="48"
                          WIDTH="106"
                          VPOS="1498"
                          HPOS="863"
                          CONTENT="illud,"/>
                  <SP HEIGHT="48" WIDTH="11" VPOS="1498" HPOS="969"/>
                  <String HEIGHT="48"
                          WIDTH="85"
                          VPOS="1498"
                          HPOS="937"
                          CONTENT="quid"/>
                  <SP HEIGHT="48" WIDTH="11" VPOS="1498" HPOS="1022"/>
                  <String HEIGHT="48" WIDTH="74" VPOS="1498" HPOS="990" CONTENT="est"/>
                  <SP HEIGHT="48" WIDTH="11" VPOS="1498" HPOS="1064"/>
                  <String HEIGHT="48" WIDTH="64" VPOS="1498" HPOS="1033" CONTENT="in"/>
                  <SP HEIGHT="48" WIDTH="11" VPOS="1498" HPOS="1096"/>
                  <String HEIGHT="48"
                          WIDTH="127"
                          VPOS="1498"
                          HPOS="1064"
                          CONTENT="potentia"/>
                  <SP HEIGHT="48" WIDTH="11" VPOS="1498" HPOS="1192"/>
                  <String HEIGHT="48"
                          WIDTH="64"
                          VPOS="1498"
                          HPOS="1149"
                          CONTENT="ali"
                          SUBS_TYPE="HypPart1"
                          SUBS_CONTENT="aliquod"/>
                  <HYP CONTENT="-"/>
               </TextLine>
               <TextLine ID="r4l41"
                         BASELINE="1584"
                         HEIGHT="51"
                         WIDTH="485"
                         VPOS="1533"
                         HPOS="727">
                  <String HEIGHT="51"
                          WIDTH="102"
                          VPOS="1533"
                          HPOS="714"
                          CONTENT="quod"
                          SUBS_TYPE="HypPart2"
                          SUBS_CONTENT="aliquod"/>
                  <SP HEIGHT="51" WIDTH="13" VPOS="1533" HPOS="816"/>
                  <String HEIGHT="51"
                          WIDTH="128"
                          VPOS="1533"
                          HPOS="778"
                          CONTENT="quale,"/>
                  <SP HEIGHT="51" WIDTH="13" VPOS="1533" HPOS="906"/>
                  <String HEIGHT="51" WIDTH="89" VPOS="1533" HPOS="867" CONTENT="cum"/>
                  <SP HEIGHT="51" WIDTH="13" VPOS="1533" HPOS="957"/>
                  <String HEIGHT="51"
                          WIDTH="204"
                          VPOS="1533"
                          HPOS="918"
                          CONTENT="transmutatum"/>
                  <SP HEIGHT="51" WIDTH="13" VPOS="1533" HPOS="1123"/>
                  <String HEIGHT="51"
                          WIDTH="128"
                          VPOS="1533"
                          HPOS="1084"
                          CONTENT="fuerit"/>
                  <SP HEIGHT="51" WIDTH="13" VPOS="1533" HPOS="1212"/>
                  <String HEIGHT="51" WIDTH="51" VPOS="1533" HPOS="1161" CONTENT="de"/>
               </TextLine>
               <TextLine ID="r4l42"
                         BASELINE="1619"
                         HEIGHT="38"
                         WIDTH="491"
                         VPOS="1581"
                         HPOS="724">
                  <String HEIGHT="38"
                          WIDTH="168"
                          VPOS="1581"
                          HPOS="710"
                          CONTENT="potentia"/>
                  <SP HEIGHT="38" WIDTH="14" VPOS="1581" HPOS="878"/>
                  <String HEIGHT="38" WIDTH="84" VPOS="1581" HPOS="836" CONTENT="in"/>
                  <SP HEIGHT="38" WIDTH="14" VPOS="1581" HPOS="920"/>
                  <String HEIGHT="38"
                          WIDTH="140"
                          VPOS="1581"
                          HPOS="878"
                          CONTENT="actum,"/>
                  <SP HEIGHT="38" WIDTH="14" VPOS="1581" HPOS="1019"/>
                  <String HEIGHT="38"
                          WIDTH="112"
                          VPOS="1581"
                          HPOS="977"
                          CONTENT="tunc"/>
                  <SP HEIGHT="38" WIDTH="14" VPOS="1581" HPOS="1089"/>
                  <String HEIGHT="38"
                          WIDTH="126"
                          VPOS="1581"
                          HPOS="1047"
                          CONTENT="illud"/>
                  <SP HEIGHT="38" WIDTH="14" VPOS="1581" HPOS="1173"/>
                  <String HEIGHT="38"
                          WIDTH="98"
                          VPOS="1581"
                          HPOS="1117"
                          CONTENT="quale"/>
               </TextLine>
               <TextLine ID="r4l43"
                         BASELINE="1660"
                         HEIGHT="53"
                         WIDTH="481"
                         VPOS="1607"
                         HPOS="726">
                  <String HEIGHT="53"
                          WIDTH="101"
                          VPOS="1607"
                          HPOS="713"
                          CONTENT="aget"/>
                  <SP HEIGHT="53" WIDTH="13" VPOS="1607" HPOS="815"/>
                  <String HEIGHT="53"
                          WIDTH="101"
                          VPOS="1607"
                          HPOS="777"
                          CONTENT="suam"/>
                  <SP HEIGHT="53" WIDTH="13" VPOS="1607" HPOS="878"/>
                  <String HEIGHT="53"
                          WIDTH="165"
                          VPOS="1607"
                          HPOS="840"
                          CONTENT="actionem,"/>
                  <SP HEIGHT="53" WIDTH="13" VPOS="1607" HPOS="1004"/>
                  <String HEIGHT="53"
                          WIDTH="101"
                          VPOS="1607"
                          HPOS="967"
                          CONTENT="nisi"/>
                  <SP HEIGHT="53" WIDTH="13" VPOS="1607" HPOS="1068"/>
                  <String HEIGHT="53"
                          WIDTH="139"
                          VPOS="1607"
                          HPOS="1030"
                          CONTENT="aliquid"/>
                  <SP HEIGHT="53" WIDTH="13" VPOS="1607" HPOS="1169"/>
                  <String HEIGHT="53"
                          WIDTH="89"
                          VPOS="1607"
                          HPOS="1118"
                          CONTENT="impe"
                          SUBS_TYPE="HypPart1"
                          SUBS_CONTENT="impediat."/>
                  <HYP CONTENT="-"/>
               </TextLine>
               <TextLine ID="r4l44"
                         BASELINE="1696"
                         HEIGHT="51"
                         WIDTH="488"
                         VPOS="1645"
                         HPOS="718">
                  <String HEIGHT="51"
                          WIDTH="102"
                          VPOS="1645"
                          HPOS="707"
                          CONTENT="diat."
                          SUBS_TYPE="HypPart2"
                          SUBS_CONTENT="impediat."/>
                  <SP HEIGHT="51" WIDTH="11" VPOS="1645" HPOS="809"/>
                  <String HEIGHT="51"
                          WIDTH="102"
                          VPOS="1645"
                          HPOS="775"
                          CONTENT="sicut"/>
                  <SP HEIGHT="51" WIDTH="11" VPOS="1645" HPOS="877"/>
                  <String HEIGHT="51"
                          WIDTH="159"
                          VPOS="1645"
                          HPOS="843"
                          CONTENT="addiscens,"/>
                  <SP HEIGHT="51" WIDTH="11" VPOS="1645" HPOS="1002"/>
                  <String HEIGHT="51"
                          WIDTH="113"
                          VPOS="1645"
                          HPOS="968"
                          CONTENT="quando"/>
                  <SP HEIGHT="51" WIDTH="11" VPOS="1645" HPOS="1081"/>
                  <String HEIGHT="51"
                          WIDTH="113"
                          VPOS="1645"
                          HPOS="1047"
                          CONTENT="fuerit"/>
                  <SP HEIGHT="51" WIDTH="11" VPOS="1645" HPOS="1161"/>
                  <String HEIGHT="51"
                          WIDTH="91"
                          VPOS="1645"
                          HPOS="1115"
                          CONTENT="sciens"/>
               </TextLine>
               <TextLine ID="r4l45"
                         BASELINE="1735"
                         HEIGHT="52"
                         WIDTH="483"
                         VPOS="1683"
                         HPOS="720">
                  <String HEIGHT="52" WIDTH="69" VPOS="1683" HPOS="709" CONTENT="in"/>
                  <SP HEIGHT="52" WIDTH="12" VPOS="1683" HPOS="778"/>
                  <String HEIGHT="52"
                          WIDTH="104"
                          VPOS="1683"
                          HPOS="743"
                          CONTENT="actu."/>
                  <SP HEIGHT="52" WIDTH="12" VPOS="1683" HPOS="847"/>
                  <String HEIGHT="52"
                          WIDTH="92"
                          VPOS="1683"
                          HPOS="812"
                          CONTENT="aget"/>
                  <SP HEIGHT="52" WIDTH="12" VPOS="1683" HPOS="904"/>
                  <String HEIGHT="52"
                          WIDTH="92"
                          VPOS="1683"
                          HPOS="870"
                          CONTENT="enim"/>
                  <SP HEIGHT="52" WIDTH="12" VPOS="1683" HPOS="962"/>
                  <String HEIGHT="52"
                          WIDTH="138"
                          VPOS="1683"
                          HPOS="927"
                          CONTENT="actionem"/>
                  <SP HEIGHT="52" WIDTH="12" VPOS="1683" HPOS="1065"/>
                  <String HEIGHT="52"
                          WIDTH="150"
                          VPOS="1683"
                          HPOS="1031"
                          CONTENT="scientis,"/>
                  <SP HEIGHT="52" WIDTH="12" VPOS="1683" HPOS="1180"/>
                  <String HEIGHT="52"
                          WIDTH="69"
                          VPOS="1683"
                          HPOS="1134"
                          CONTENT="nisi"/>
               </TextLine>
               <TextLine ID="r4l46"
                         BASELINE="1769"
                         HEIGHT="37"
                         WIDTH="488"
                         VPOS="1732"
                         HPOS="718">
                  <String HEIGHT="37"
                          WIDTH="153"
                          VPOS="1732"
                          HPOS="704"
                          CONTENT="aliquid"/>
                  <SP HEIGHT="37" WIDTH="14" VPOS="1732" HPOS="857"/>
                  <String HEIGHT="37"
                          WIDTH="181"
                          VPOS="1732"
                          HPOS="816"
                          CONTENT="impediat."/>
                  <SP HEIGHT="37" WIDTH="14" VPOS="1732" HPOS="997"/>
                  <String HEIGHT="37" WIDTH="70" VPOS="1732" HPOS="955" CONTENT="&amp;"/>
                  <SP HEIGHT="37" WIDTH="14" VPOS="1732" HPOS="1025"/>
                  <String HEIGHT="37"
                          WIDTH="181"
                          VPOS="1732"
                          HPOS="983"
                          CONTENT="similiter"/>
                  <SP HEIGHT="37" WIDTH="14" VPOS="1732" HPOS="1164"/>
                  <String HEIGHT="37"
                          WIDTH="98"
                          VPOS="1732"
                          HPOS="1108"
                          CONTENT="aqua,"/>
               </TextLine>
               <TextLine ID="r4l47"
                         BASELINE="1811"
                         HEIGHT="48"
                         WIDTH="482"
                         VPOS="1763"
                         HPOS="725">
                  <String HEIGHT="48"
                          WIDTH="102"
                          VPOS="1763"
                          HPOS="710"
                          CONTENT="cum"/>
                  <SP HEIGHT="48" WIDTH="15" VPOS="1763" HPOS="813"/>
                  <String HEIGHT="48"
                          WIDTH="146"
                          VPOS="1763"
                          HPOS="769"
                          CONTENT="fuerit"/>
                  <SP HEIGHT="48" WIDTH="15" VPOS="1763" HPOS="915"/>
                  <String HEIGHT="48"
                          WIDTH="117"
                          VPOS="1763"
                          HPOS="871"
                          CONTENT="aer,"/>
                  <SP HEIGHT="48" WIDTH="15" VPOS="1763" HPOS="988"/>
                  <String HEIGHT="48"
                          WIDTH="117"
                          VPOS="1763"
                          HPOS="944"
                          CONTENT="aget"/>
                  <SP HEIGHT="48" WIDTH="15" VPOS="1763" HPOS="1061"/>
                  <String HEIGHT="48"
                          WIDTH="175"
                          VPOS="1763"
                          HPOS="1017"
                          CONTENT="actionem"/>
                  <SP HEIGHT="48" WIDTH="15" VPOS="1763" HPOS="1192"/>
                  <String HEIGHT="48"
                          WIDTH="73"
                          VPOS="1763"
                          HPOS="1134"
                          CONTENT="ae"
                          SUBS_TYPE="HypPart1"
                          SUBS_CONTENT="aeris,"/>
                  <HYP CONTENT="-"/>
               </TextLine>
               <TextLine ID="r4l48"
                         BASELINE="1851"
                         HEIGHT="55"
                         WIDTH="484"
                         VPOS="1796"
                         HPOS="723">
                  <String HEIGHT="55"
                          WIDTH="99"
                          VPOS="1796"
                          HPOS="711"
                          CONTENT="ris,"
                          SUBS_TYPE="HypPart2"
                          SUBS_CONTENT="aeris,"/>
                  <SP HEIGHT="55" WIDTH="12" VPOS="1796" HPOS="810"/>
                  <String HEIGHT="55"
                          WIDTH="99"
                          VPOS="1796"
                          HPOS="773"
                          CONTENT="nisi"/>
                  <SP HEIGHT="55" WIDTH="12" VPOS="1796" HPOS="872"/>
                  <String HEIGHT="55"
                          WIDTH="137"
                          VPOS="1796"
                          HPOS="835"
                          CONTENT="aliquid"/>
                  <SP HEIGHT="55" WIDTH="12" VPOS="1796" HPOS="971"/>
                  <String HEIGHT="55"
                          WIDTH="161"
                          VPOS="1796"
                          HPOS="934"
                          CONTENT="impediat,"/>
                  <SP HEIGHT="55" WIDTH="12" VPOS="1796" HPOS="1095"/>
                  <String HEIGHT="55" WIDTH="74" VPOS="1796" HPOS="1058" CONTENT="i."/>
                  <SP HEIGHT="55" WIDTH="12" VPOS="1796" HPOS="1133"/>
                  <String HEIGHT="55"
                          WIDTH="124"
                          VPOS="1796"
                          HPOS="1083"
                          CONTENT="vbitabi"/>
               </TextLine>
            </TextBlock>
         </PrintSpace>
      </Page>
   </Layout>
</alto>
