1416 2066
220 172 112 57 Iste
290 172 98 57 est
346 172 126 57 alius
430 172 140 57 sermo,
527 172 98 57 per
583 172 112 57 quem
639 172 56 57 de

173 213 136 45 struit
269 213 150 45 corpora
378 213 109 45 esse
446 213 177 45 composita
582 213 82 45 ex
609 213 82 45 par-

188 257 112 41 tibus
262 257 161 41 infinitis
386 257 149 41 secundum
498 257 198 41 quantitatem.
659 257 62 41 &

185 294 185 48 abbreuiatio
333 294 86 48 sui
382 294 148 48 sermonis
493 294 99 48 est,
554 294 136 48 quoniam
641 294 49 48 to

181 331 90 52 tum
233 331 154 52 sequitur
348 331 142 52 partes,
451 331 103 52 quae
516 331 103 52 sunt
567 331 129 52 secundum

179 372 227 49 quantitatem
360 372 91 49 in
406 372 212 49 paruitate,
572 372 76 49 &
587 372 106 49 magni

191 408 116 42 tudine,
276 408 53 42 &
297 408 137 42 finitate,
403 408 53 42 &
424 408 158 42 infinitate,
551 408 53 42 &
561 408 127 42 vniversali

180 450 264 40 terminatione,
397 450 78 40 &
428 450 295 40 interminatione:

184 486 125 43 ergo,
268 486 84 43 si
310 486 195 43 compositum
463 486 139 43 fuerit
547 486 139 43 finitum.

184 525 68 49 &
212 525 189 49 terminatae
360 525 216 49 quantitatis,
536 525 149 49 necesse
630 525 68 49 est

189 562 79 53 vt
228 562 144 53 partes,
333 562 79 53 ex
373 562 131 53 quibus
465 562 197 53 componitur,
609 562 79 53 sint

190 602 147 40 finitae
296 602 80 40 in
337 602 160 40 mensura,
457 602 67 40 &
483 602 80 40 in
523 602 147 40 numero:
630 602 93 40 sed

189 639 179 43 composita
327 639 110 43 sunt
396 639 151 43 finitae
492 639 193 43 quantitatis,

188 678 73 54 &
217 678 203 54 terminata:
376 678 116 54 ergo
449 678 73 54 &
478 678 116 54 ptes
550 678 116 54 eius
608 678 87 54 sunt

191 721 187 34 terminatae,
340 721 62 34 &
365 721 149 34 finitae.
477 721 62 34 &
501 721 99 34 iste
564 721 112 34 sermo
626 721 62 34 com

191 757 145 52 ponitur
296 757 92 52 in.
349 757 92 52 ii.
401 757 132 52 figura
494 757 158 52 syllorum
599 757 79 52 hypo

195 796 182 49 theticorum.
340 796 85 49 Cum
389 796 121 49 igitur
473 796 109 49 dixit
546 796 133 49 quoniam
631 796 61 49 il-

188 829 103 54 lud,
252 829 116 54 cuius
329 829 116 54 pars,
406 829 90 54 &c.
458 829 90 54 est
509 829 116 54 quasi
573 829 116 54 praece-

192 871 119 51 dens.
271 871 66 51 &
298 871 159 51 intendit
417 871 106 51 quod
483 871 199 51 compositum,
629 871 53 51 cu

192 912 102 48 ius
251 912 145 48 partes
352 912 116 48 sunt
425 912 102 48 non
483 912 204 48 terminatae
629 912 58 48 in

195 957 197 43 quantitate,
353 957 92 43 sed
405 957 171 43 possibile
537 957 92 43 est
590 957 79 43 vt
616 957 79 43 sint

189 989 92 50 in
235 989 199 50 quacunque
387 989 183 50 mensura,
525 989 168 50 ponatur
632 989 61 50 in

193 1036 243 31 magnitudine,
390 1036 106 31 aut
451 1036 212 31 paruitate.
602 1036 91 31 D.d.

197 1063 140 44 necesse
299 1063 89 44 est
350 1063 76 44 vt
388 1063 114 44 illud
464 1063 140 44 possit:
565 1063 63 44 &
591 1063 89 44 hoc
629 1063 63 44 est

189 1101 210 45 consequens:
357 1101 70 45 &
385 1101 168 45 intendit
510 1101 112 45 quod
566 1101 126 45 necesse

186 1149 95 43 est
241 1149 82 43 vt
282 1149 123 43 illud
364 1149 191 43 compositum
514 1149 82 43 ex
555 1149 123 43 illis
623 1149 68 43 par

184 1180 137 53 tibus,
280 1180 110 53 quae
349 1180 151 53 possunt
459 1180 110 53 esse
514 1180 178 53 cuiuscunque

179 1223 188 44 mensurae
320 1223 94 44 in
367 1223 250 44 magnitudine,
570 1223 78 44 &
586 1223 109 44 parui

189 1259 102 47 tate,
257 1259 79 47 non
302 1259 79 47 sit
347 1259 102 47 etiam
415 1259 170 47 terminatum:
551 1259 68 47 si
585 1259 79 47 sit
619 1259 68 47 pos-

188 1295 138 55 sibile
285 1295 124 55 ipsum
368 1295 111 55 esse
437 1295 194 55 cuiuslibet
575 1295 111 55 mensu-

194 1341 96 44 rae
249 1341 150 44 positae
358 1341 82 44 in
399 1341 219 44 magnitudine,
577 1341 68 44 &
590 1341 96 44 parus

193 1366 112 61 tate.
267 1366 100 61 D.d.
330 1366 62 61 &
355 1366 162 61 intelligo
479 1366 137 61 partem,
579 1366 87 61 &c.
629 1366 75 61 i.
654 1366 37 61 &

185 1414 184 51 distinguit
329 1414 131 51 illud,
421 1414 105 51 quid
487 1414 184 51 intendebat
631 1414 92 51 per

187 1453 104 37 hoc
247 1453 134 37 nomen
336 1453 134 37 pars.
425 1453 104 37 cum
485 1453 149 37 partes
574 1453 119 37 dican-

194 1500 63 38 tur
230 1500 117 38 quandoque
320 1500 108 38 secundum
402 1500 136 38 qualitatem,
510 1500 45 38 &
528 1500 117 38 quandoque
610 1500 90 38 secundum

193 1527 240 51 quantitatem:
388 1527 75 51 &
418 1527 105 51 hoc
478 1527 150 51 duobus
568 1527 120 51 modis:

191 1573 95 37 aut
246 1573 149 37 partes,
354 1573 108 37 quae
422 1573 108 37 sunt
490 1573 81 37 in
530 1573 163 37 potentia
639 1573 54 37 in

190 1604 117 47 toto:
268 1604 91 47 aut
320 1604 144 47 partes,
425 1604 104 47 quae
490 1604 104 47 sunt
555 1604 78 47 in
595 1604 104 47 actu
647 1604 52 47 in

188 1645 123 52 toto.
270 1645 96 52 Et,
325 1645 109 52 quia
393 1645 96 52 non
448 1645 205 52 consequitur
612 1645 82 52 vt
639 1645 55 52 to

187 1685 96 45 tum
242 1685 164 45 sequatur
365 1685 137 45 partes
461 1685 82 45 in
502 1685 164 45 mensura,
611 1685 82 45 nisi

192 1723 68 48 in
226 1723 147 48 partibus,
338 1723 90 48 quae
395 1723 90 48 sunt
451 1723 135 48 secundum
541 1723 158 48 quantitatem,

186 1759 108 44 quae
253 1759 108 44 sunt
320 1759 81 44 in
361 1759 108 44 toro
428 1759 81 44 in
468 1759 121 44 actu,
535 1759 162 44 declarauit

192 1798 98 45 quod
253 1798 111 45 istud
327 1798 172 45 intendebat
462 1798 86 45 hic
512 1798 86 45 per
561 1798 135 45 partem.
659 1798 62 45 &

188 1838 125 44 dixit:
275 1838 62 44 &
300 1838 162 44 intelligo
424 1838 87 44 hic
474 1838 137 44 partem,
574 1838 87 44 &c.
623 1838 75 44 i.
661 1838 62 44 &

713 170 170 61 intelligo
844 170 92 61 hic
896 170 92 61 per
948 170 144 61 partem,
1053 170 105 61 quae
1118 170 92 61 est
1171 170 78 61 de
1197 170 39 61 l

711 215 143 51 specie
811 215 171 51 partium,
939 215 86 51 in
982 215 114 51 quas
1054 215 129 51 totum
1125 215 100 51 diui-

710 261 98 37 ditur
775 261 130 37 secundum
873 261 174 37 quantitatem,
1014 261 54 37 &
1036 261 76 37 non
1080 261 130 37 secundum
1167 261 54 37 qua

717 293 174 53 litatem:
847 293 131 53 sicut
934 293 145 53 corpus
1036 293 189 53 diuiditur
1166 293 58 53 in

707 333 196 50 materiam,
858 333 75 50 &
888 333 166 50 formam:
1008 333 136 50 neque
1083 333 136 50 partes,

705 368 103 51 quae
769 368 103 51 sunt
834 368 77 51 in
872 368 103 51 toto
937 368 77 51 in
975 368 167 51 potentia:
1104 368 90 51 sed
1143 368 77 51 par-

709 413 110 37 tes,
778 413 83 37 in
819 413 110 37 quas
888 413 179 37 vniuersum
1026 413 193 37 diuiditur:
1177 413 69 37 &

713 444 103 51 sunt
778 444 129 51 illae,
868 444 103 51 quae
932 444 103 51 sunt
997 444 77 51 in
1035 444 103 51 toto
1100 444 77 51 in
1126 444 90 51 actu.

711 484 96 52 Et,
766 484 96 52 cum
821 484 151 52 induxit
931 484 206 52 praecedens,
1096 484 69 52 &
1123 484 69 52 T
1137 484 82 52 com-

706 524 158 38 sequens:
824 524 92 38 ita
877 524 105 38 quod
943 524 185 38 confecutio
1088 524 119 38 ferem
1154 524 66 38 est

705 562 191 48 manifesta
852 562 103 48 per
911 562 103 48 se:
970 562 191 48 destruxit
1102 562 117 48 conse-

710 596 115 48 quens,
791 596 58 48 &
814 596 104 48 dixit
883 596 69 48 si
918 596 115 48 igitur
999 596 81 48 est
1045 596 173 48 impossibile
1171 596 58 48 vt.

704 644 159 37 animal,
819 644 101 37 &c.
877 644 87 37 i.
920 644 72 37 &
949 644 101 37 hoc
1007 644 202 37 intendebat
1151 644 72 37 con

707 677 179 43 cludere.
841 677 149 43 Deinde
946 677 134 43 dedit
1035 677 179 43 exemplum
1154 677 60 43 de

711 713 186 48 partibus
850 713 263 48 compositorum,
1067 713 77 48 &
1082 713 124 48 dixit:

706 752 131 42 necesse
801 752 83 42 est
849 752 95 42 enim
908 752 95 42 quod
967 752 154 42 vniuersum
1086 752 83 42 sit
1122 752 83 42 tale:

716 794 57 40 &
738 794 92 40 caro
796 794 57 40 &
819 794 80 40 os,
864 794 80 40 &c.
910 794 69 40 i.
945 794 126 40 necesse
1036 794 80 40 est
1082 794 92 40 enim
1139 794 69 40 vt
1162 794 46 40 to

710 836 98 38 tum
766 836 98 38 sit
822 836 84 38 in
865 836 225 38 dispositione
1047 836 169 38 partium:
1160 836 56 38 vt

713 869 115 48 caro,
790 869 64 48 &
816 869 90 48 os,
867 869 64 48 &
893 869 141 48 similia
995 869 103 48 sunt
1059 869 128 48 pertes
1136 869 77 48 ani-

711 909 132 37 malis:
803 909 66 37 &
830 909 159 37 fructus,
949 909 66 37 &
975 909 145 37 similia
1081 909 106 37 sunt
1134 909 79 37 par-

702 945 109 41 tes
765 945 218 41 plantarum.
936 945 125 41 D.d.
1014 945 78 41 &
1030 945 187 41 manifestum

707 990 94 36 est,
766 990 129 36 quoniam
860 990 188 36 impossibile,
1013 990 82 36 &c.
1060 990 71 36 i.
1095 990 71 36 &,
1131 990 82 36 cum
1166 990 47 36 to

712 1024 93 43 tum
765 1024 79 43 in
804 1024 185 43 compositis
950 1024 159 43 sequitur
1069 1024 132 43 partes
1162 1024 79 43 in

710 1061 110 49 hoc,
779 1061 110 49 quod
848 1061 110 49 sunt
916 1061 206 49 terminatae:
1081 1061 69 49 &
1095 1061 110 49 totum,

711 1101 108 48 quod
779 1101 95 48 est
833 1101 149 48 animal,
942 1101 95 48 aut
996 1101 136 48 planta
1091 1101 95 48 est
1132 1101 81 48 ter-

708 1141 163 37 minatum:
830 1141 149 37 necesse
939 1141 95 37 est
993 1141 81 37 vt
1034 1141 136 37 partes
1115 1141 95 37 eius.

705 1179 77 39 i.
744 1179 115 39 caro,
820 1179 64 39 &
846 1179 90 39 os,
897 1179 64 39 &
923 1179 141 39 fructus
1025 1179 102 39 sint
1076 1179 141 39 termiata.

715 1219 55 50 &
737 1219 155 50 manifestum
859 1219 88 50 est,
914 1219 88 50 quod
969 1219 77 50 qui
1013 1219 99 50 dicit
1079 1219 88 50 quod
1135 1219 66 50 in
1157 1219 55 50 car

708 1260 76 44 ne
746 1260 101 44 sunt
809 1260 126 44 partes
898 1260 177 44 infinitae:
1036 1260 63 44 &
1062 1260 101 44 quod
1112 1260 101 44 exitus

709 1293 136 50 earum
800 1293 106 50 est
860 1293 91 50 in
906 1293 212 50 infinitum:
1057 1293 151 50 opinatur

709 1335 114 43 quod
780 1335 157 43 partes,
894 1335 85 43 ex
937 1335 142 43 quibus
1036 1335 142 43 animal
1122 1335 85 43 com-

712 1374 163 44 ponitur,
834 1374 95 44 aut
889 1374 149 44 planta,
997 1374 108 44 sunt
1065 1374 95 44 non
1106 1374 108 44 termi-

703 1421 156 30 natae:
813 1421 94 30 ex
860 1421 109 30 quo
922 1421 203 30 sequitur,
1078 1421 94 30 vt
1110 1421 109 30 totum

716 1449 140 41 etiam
810 1449 109 41 sit
872 1449 109 41 non
919 1449 202 41 terminatum.

746 1501 183 53 Amplius,
883 1501 92 53 si
929 1501 137 53 omnia
1021 1501 153 53 insunt
1112 1501 92 53 quod

716 1546 87 49 dem
765 1546 161 49 huiusmodi
889 1546 74 49 in
926 1546 148 49 inuicem,
1037 1546 74 49 et
1074 1546 87 49 non
1111 1546 99 49 fiunt,

704 1587 112 52 sed
768 1587 240 52 segregantur
960 1587 112 52 cum
1024 1587 176 52 insint,
1136 1587 80 52 di-

707 1637 129 46 cuntur
797 1637 116 46 autem
875 1637 64 46 a
901 1637 129 46 pluri:
991 1637 90 46 fit
1042 1637 116 46 autem
1120 1637 77 46 ex
1146 1637 64 46 quo

711 1671 128 52 libet
796 1671 199 52 quodlibet,
953 1671 85 52 vt
995 1671 85 52 ex
1038 1671 128 52 carne
1109 1671 100 52 aqua,

711 1715 229 51 segregata,
891 1715 82 51 &
923 1715 131 51 caro
1005 1715 98 51 ex
1054 1715 147 51 aqua:
1136 1715 82 51 om-

710 1757 95 49 ne
758 1757 142 49 autem
852 1757 158 49 corpus
963 1757 174 49 finitum
1074 1757 142 49 consumi

709 1797 109 45 tur
772 1797 78 45 a
803 1797 172 45 corpore
928 1797 172 45 finito:
1037 1797 187 45 manifestum

709 1844 99 46 est
766 1844 113 46 quod
836 1844 99 46 non
893 1844 184 46 contingit
1035 1844 85 46 in
1063 1844 156 46 vnoquoque
