1416 2066
166 173 201 46 indiuiduum
323 173 201 46 caeterorum
467 173 215 46 pdicamentorum

202 218 93 40 pter
261 218 117 40 subam,
343 218 70 40 vt
378 218 129 40 quatum,
471 218 82 40 aut
518 218 117 40 quale:
600 218 82 40 nam
646 218 70 40 in

193 256 164 42 liuidua
312 256 209 42 caeterorum
461 256 224 42 pdicamentorum

186 292 150 46 existunt
299 292 75 46 in
337 292 175 46 indiuiduis
474 292 125 46 subae:
562 292 63 46 &
587 292 88 46 sic
624 292 63 46 ens

192 332 123 37 saltem
278 332 111 37 erunt
352 332 99 37 duo,
414 332 173 37 indiuiduum
537 332 148 37 accidentis

191 373 66 37 &
217 373 185 37 indiuiduum
362 373 211 37 substantiae:
534 373 158 37 incoepit
639 373 53 37 de

186 407 154 44 struere
298 407 168 44 reliquum
424 407 266 44 contradiuidens,
648 407 70 44 &

183 449 90 40 est
235 449 116 40 ipsum
312 449 103 40 esse
376 449 180 40 indiuiduum
505 449 180 40 substantiae.

195 490 60 37 &
219 490 120 37 dixit.
303 490 144 37 Melissus
411 490 96 37 vero
471 490 120 37 dicit,
555 490 84 37 &c.
603 490 72 37 i.
639 490 72 37 &,

177 525 75 45 si
215 525 150 45 dixerint
328 525 100 45 quod
390 525 163 45 intendunt
516 525 88 45 per
566 525 100 45 hoc,
616 525 75 45 quod

183 563 145 39 dicunt,
288 563 106 39 quod
354 563 92 39 ens
407 563 92 39 est
460 563 119 39 vnum,
526 563 158 39 indiuiduum

185 598 211 44 substantiae,
356 598 105 44 tunc
422 598 118 44 sermo
501 598 118 44 eorum
567 598 118 44 destrui

190 637 80 50 tur
235 637 69 50 ex
270 637 92 50 hoc,
327 637 92 50 quid
385 637 126 50 ponunt,
476 637 126 50 quoniam
568 637 103 50 alter
626 637 57 50 eo-

185 677 79 45 rum
230 677 101 45 dicit
297 677 90 45 ens,
354 677 90 45 esse
410 677 146 45 infinitum
522 677 135 45 scilicet
612 677 79 45 Melis

190 713 89 42 sus,
245 713 55 42 &
267 713 100 42 alter
334 713 100 42 dixit
400 713 122 42 finitum
489 713 133 42 scilicet
577 713 111 42 Parmeni-

189 752 84 54 des:
241 752 53 54 &
262 752 126 54 secundum
357 752 126 54 vtrumque
451 752 147 54 contingit,
567 752 63 54 si
598 752 74 54 ens
630 752 53 54 fue

184 795 87 39 rit
233 795 112 39 vnum,
308 795 75 39 vt
345 795 87 39 sit
395 795 124 39 quitum
482 795 112 39 vnum.
544 795 137 39 infinitum

187 828 124 38 enim,
270 828 69 38 &
297 828 151 38 finitum
407 828 110 38 sunt
475 828 82 38 de
503 828 192 38 differentijs

177 868 235 38 quantitatis.
368 868 73 38 &
397 868 103 38 hoc
456 868 220 38 intendebat,
618 868 73 38 cum

187 905 98 46 dixit
253 905 142 46 infinitum
362 905 87 46 enim
417 905 77 46 est
460 905 153 46 collocatum
581 905 66 46 in
602 905 77 46 quan-

181 942 91 44 to.
233 942 104 44 D.d.
298 942 182 44 substantia
441 942 104 44 vero
506 942 169 44 infinita,
623 942 65 44 &c.

179 983 79 47 i.
218 983 197 47 substantiam
375 983 105 47 dici
441 983 183 47 infinitam,
585 983 92 47 aut
624 983 66 47 qua

182 1019 161 51 litatem,
302 1019 94 51 aut
356 1019 107 51 vbi,
423 1019 94 51 aut
477 1019 147 51 aliquod
570 1019 121 51 aliorum

177 1057 255 49 pdicamentorum
387 1057 225 49 impossibile
567 1057 105 49 est
612 1057 75 49 per

177 1097 76 41 se,
220 1097 76 41 aut
264 1097 130 41 secundum
361 1097 86 41 quod
415 1097 76 41 est
458 1097 162 41 substantia,
588 1097 76 41 aut
620 1097 65 41 vbi:

182 1133 88 45 sed
233 1133 88 45 est
283 1133 163 45 possibile
409 1133 88 45 per
459 1133 163 45 accidens,
584 1133 88 45 cum
622 1133 63 45 fue

175 1173 90 38 rit
226 1173 141 38 positum
329 1173 90 38 hic
380 1173 102 38 esse
444 1173 141 38 aliquid
533 1173 141 38 prdicamen

176 1209 124 52 torum,
263 1209 99 52 quae
325 1209 87 52 cum
374 1209 87 52 suo
424 1209 99 52 esse
486 1209 137 52 proprio
573 1209 112 52 hiabunt

188 1253 168 37 quantitatem,
324 1253 84 37 ita,
377 1253 126 37 scilicet
471 1253 84 37 quod
524 1253 137 37 quantitas
618 1253 63 37 acci

180 1293 71 44 dit
221 1293 82 44 eis,
272 1293 123 44 secundum
364 1293 82 44 hunc
415 1293 92 44 modum
476 1293 102 44 igitur
547 1293 112 44 dicitur
619 1293 61 44 quod

172 1321 146 41 substantia
286 1321 73 41 est
328 1321 135 41 infinita,
432 1321 73 41 aut
474 1321 115 41 finita.
557 1321 63 41 i.
578 1321 104 41 secundum

175 1361 87 51 quod
230 1361 120 51 accidit
317 1361 77 51 ei,
361 1361 87 51 quod
416 1361 109 51 fuerit
492 1361 120 51 quanta:
580 1361 55 51 &
591 1361 87 51 simili

172 1399 82 52 de
213 1399 122 52 aliis
295 1399 231 52 pidicamentis.
485 1399 95 52 Et,
539 1399 95 52 cum
580 1399 109 52 posuit

172 1443 110 46 quod
241 1443 178 46 infinitum
378 1443 96 46 est
433 1443 165 46 proprium
543 1443 137 46 quantita

177 1480 88 45 ti,
228 1480 113 45 dedit
303 1480 151 45 rationem
417 1480 113 45 super
492 1480 101 45 hoc,
555 1480 126 45 &dixit
631 1480 50 45 de

176 1512 122 42 finitio
264 1512 89 42 enim
320 1512 144 42 Infiniti,
431 1512 77 42 &c.
475 1512 66 42 i.
508 1512 122 42 quoniam
585 1512 89 42 defini

172 1551 96 43 tio
227 1551 165 43 Infiniti
351 1551 96 43 est
406 1551 152 43 quantum
517 1551 96 43 non
558 1551 124 43 termina

175 1589 90 52 tum.
231 1589 124 52 quantum
321 1589 112 52 igitur
399 1589 79 52 est
444 1589 101 52 genus
512 1589 146 52 infiniti,
613 1589 67 52 quia

177 1628 81 47 non
224 1628 127 47 dicitur
316 1628 69 47 in
350 1628 173 47 definitione
489 1628 185 47 substantiae,
627 1628 58 47 vel

175 1665 110 42 eius,
248 1665 98 42 quod
309 1665 86 42 est
358 1665 110 42 suba,
432 1665 86 42 aut
481 1665 98 42 vbi.
542 1665 61 42 &
567 1665 98 42 hoc,
616 1665 73 42 quid

171 1702 116 53 dixit
248 1702 77 53 de
287 1702 167 53 infinito,
416 1702 219 53 intelligendum
596 1702 90 53 est
635 1702 51 53 de

173 1741 134 53 finito.
270 1741 97 53 D.d.
331 1741 73 53 si
367 1741 121 53 igitur
452 1741 97 53 ens,
513 1741 85 53 &c.
562 1741 73 53 &,
598 1741 85 53 cum
634 1741 49 53 de

175 1781 130 46 claratum
273 1781 76 46 sit
316 1781 87 46 quod
370 1781 141 46 infinitum
479 1781 152 46 predicatur
598 1781 65 46 de
620 1781 65 46 quam

169 1818 83 40 to
211 1818 248 40 essentialiter,
417 1818 69 40 &
445 1818 83 40 de
486 1818 124 40 aliis
555 1818 138 40 pdicamen

705 173 89 45 tis
756 173 89 45 per
807 173 165 45 accidens:
934 173 76 45 si
972 173 178 45 intendunt,
1111 173 89 45 cum
1150 173 63 45 di-

711 221 103 37 cunt
775 221 103 37 quod
840 221 90 37 ens
891 221 90 37 est
943 221 116 37 vnum,
1020 221 206 37 substantiam,
1174 221 39 37 &

715 253 138 52 quantum:
819 253 161 52 substantia
946 253 92 52 enim
1004 253 81 52 non
1050 253 127 52 dicitur
1130 253 81 52 infi-

705 301 110 44 nita,
778 301 98 44 nisi
839 301 146 44 secundum
949 301 98 44 quod
1010 301 85 44 est
1058 301 134 44 quanta:
1144 301 73 44 tunc

708 333 81 45 ens
755 333 92 45 erit
812 333 92 45 duo,
870 333 81 45 non
916 333 92 45 vnum
973 333 138 45 scilicet
1065 333 150 45 substantia,

705 369 49 49 &
725 369 119 49 quantum,
814 369 119 49 secundum
903 369 79 49 quod
952 369 109 49 dicitur
1031 369 79 49 ipsa
1081 369 79 49 esse
1120 369 89 49 finita,

701 405 93 45 aut
754 405 174 45 infinita.
888 405 80 45 &,
928 405 80 45 si
968 405 174 45 intendunt
1088 405 120 45 substan

705 447 85 43 tiam
759 447 128 43 tantdum,
854 447 85 43 tunc
908 447 75 43 non
950 447 117 43 dicitur
1036 447 138 43 infinita,
1131 447 75 43 neque

706 484 114 39 hibere
786 484 137 39 mensuram
889 484 126 39 omnino.
980 484 69 39 si
1014 484 92 39 enim
1072 484 126 39 haberet
1152 484 57 39 men

703 523 120 39 suram
782 523 120 39 esset
862 523 133 39 quanta
955 523 199 39 necessario.
1115 523 66 39 &
1128 523 80 39 ista

700 561 165 41 contrad
820 561 135 41 ictio
910 561 105 41 est
969 561 180 41 secnndum
1089 561 120 41 sermo-

705 601 96 41 nem,
765 601 84 41 non
813 601 144 41 secundum
909 601 72 41 rem.

741 658 189 56 Amplius,
883 658 173 56 quoniam
1009 658 79 56 &
1040 658 142 56 ipsum
1119 658 94 56 vnum

703 701 215 45 multipsitur
875 701 172 45 dicitur,
1004 701 215 45 quemadmodum
1162 701 43 45 &

710 740 123 54 quod
787 740 123 54 est,
864 740 262 54 consyderandum
1080 740 108 54 est
1126 740 77 54 quo

703 780 115 49 modo
774 780 143 49 dicunt
874 780 115 49 vnum
946 780 115 49 esse
1018 780 129 49 omne.
1089 780 129 49 dicitur

704 824 123 43 enim
780 824 138 43 Vnum,
872 824 107 43 aut
934 824 215 43 continuum,
1103 824 107 43 aut
1149 824 61 43 in

712 864 206 48 diuisibile,
877 864 96 48 aut
932 864 137 48 quorum
1028 864 123 48 ratio
1096 864 110 48 eadem,

703 903 80 44 &
735 903 112 44 vna
799 903 112 44 est
864 903 161 44 ipsius
976 903 129 44 quod
1056 903 129 44 quid
1121 903 96 44 erat

699 941 182 53 esse:
820 941 303 53 quemadmodum
1042 941 161 53 merum,

700 987 108 39 &
721 987 172 39 vinum.

742 1029 101 46 Et
793 1029 169 46 etiam,
911 1029 118 46 cum
979 1029 135 46 vnum
1046 1029 169 46 dicatur,

699 1071 243 60 multipliciter,
902 1071 122 60 sicut
983 1071 95 60 ens
1037 1071 162 60 dicitur,
1145 1071 68 60 co-

700 1117 214 61 sderandum
864 1117 115 61 est
930 1117 115 61 quo
996 1117 165 61 dicunt
1095 1117 115 61 totum

701 1165 127 56 esse
780 1165 143 56 vnum.
876 1165 175 56 dicitur
1003 1165 127 56 enim
1082 1165 111 56 Vnu
1130 1165 79 56 aut

699 1212 82 54 de
740 1212 177 54 continuo,
876 1212 95 54 aut
931 1212 82 54 de
972 1212 232 54 indiuisibili,
1149 1212 68 54 aut

705 1260 84 55 de
747 1260 112 55 eis,
817 1260 140 55 quorum
915 1260 140 55 ratio,
1013 1260 112 55 quae
1069 1260 140 55 signifi-

701 1306 115 56 cat
766 1306 231 56 quiditatem
948 1306 115 56 est
1013 1306 132 56 vna,
1096 1306 99 56 vt
1129 1306 82 56 vi-

691 1365 158 37 num.
790 1365 98 37 &
809 1365 158 37 merum.

733 1397 104 53 Cum
793 1397 193 53 destruxit
941 1397 252 53 propositionem
1134 1397 74 53 di-

701 1438 115 44 centem
781 1438 92 44 quod
838 1438 80 44 ens
884 1438 80 44 est
930 1438 103 44 vnum,
998 1438 126 44 dicendo
1090 1438 103 44 omnes
1159 1438 80 44 in

706 1477 151 45 tentiones,
825 1477 65 45 de
857 1477 108 45 quibus
933 1477 119 45 dicitur
1019 1477 75 45 ens
1062 1477 129 45 secundum
1148 1477 65 45 famo

700 1517 183 46 sitatem,
837 1517 122 46 quod
913 1517 106 46 est
974 1517 198 46 subiectum
1111 1517 106 46 propo

701 1549 175 54 sitionis,
835 1549 161 54 incoepit
956 1549 175 54 destruere
1090 1549 94 54 eam
1130 1549 81 54 diui

701 1588 125 46 dendo
785 1588 223 46 intentiones,
966 1588 84 46 de
1007 1588 139 46 quibus
1091 1588 125 46 dicitur

705 1629 120 37 vnum,
785 1629 107 37 quid
851 1629 93 37 est
905 1629 160 37 pdicatum
1024 1629 80 37 in
1051 1629 160 37 propositio

706 1665 85 43 ne,
754 1665 61 43 &
779 1665 121 43 dixit.
864 1665 73 43 Et
900 1665 121 43 etiam,
985 1665 85 43 cum
1033 1665 97 43 vnum
1082 1665 121 43 dicatur,

705 1708 110 46 &c.
768 1708 94 46 i.
815 1708 78 46 &
847 1708 235 46 quemadmodum
1035 1708 141 46 nobis
1113 1708 110 46 appa-

697 1740 121 39 ruit
772 1740 91 39 ex
818 1740 197 39 diuisione
969 1740 242 39 intentionum,
1151 1740 60 39 de

706 1777 113 54 quibus
785 1777 124 54 dicitur
875 1777 79 54 hoc
920 1777 101 54 nomen
988 1777 90 54 ens,
1044 1777 90 54 quod
1100 1777 101 54 ista,
1157 1777 56 54 pro

710 1820 131 45 positio,
809 1820 88 45 non,
863 1820 77 45 est
907 1820 88 45 vera
962 1820 131 45 secundum
1061 1820 121 45 aliquam
1137 1820 77 45 earum
