1416 2066
144 180 151 47 cundum
250 180 121 47 idem
325 180 106 47 cum
385 180 106 47 eo,
446 180 121 47 quod
506 180 151 47 mouetur,

154 228 174 39 existens.
287 228 187 39 manifesium
434 228 120 39 autem
514 228 93 39 est
568 228 80 39 in
594 228 67 39 mo-

157 269 161 38 uentibus
277 269 161 38 secundum
397 269 134 38 locum.
491 269 147 38 tangant
585 269 80 38 enim

152 300 190 55 seinuicem
299 300 161 55 necesse
415 300 102 55 est
474 300 102 55 sic
532 300 132 55 vsque
606 300 58 55 ad

156 341 180 45 aliquid.
291 341 150 45 mouens
396 341 135 45 autem
485 341 120 45 sic,
560 341 90 45 vt
590 341 75 45 sit

157 383 125 53 non
229 383 125 53 id,
300 383 125 53 quo
372 383 179 53 mouet,
480 383 179 53 immobile

154 428 144 39 Qnam
244 428 162 39 autem
352 428 198 39 videmus
478 428 180 39 vltimum,

157 466 135 48 quod
242 466 169 48 moueri
360 466 169 48 quidem
479 466 169 48 potnt,
580 466 85 48 mo-

150 506 160 41 tionis
262 506 144 41 autem
358 506 224 41 principium
534 506 112 41 non
582 506 80 41 ha-

158 547 129 54 bet,
239 547 81 54 &
271 547 129 54 quod
351 547 177 54 mouetur
481 547 177 54 quidem,
593 547 65 54 ab

165 589 110 45 alio
234 589 137 45 autem,
330 589 96 45 sed
385 589 96 45 non
440 589 69 45 a
467 589 151 45 seipso,
563 589 96 45 ratio

156 628 149 38 nabile
260 628 104 38 est
320 628 104 38 svt
379 628 89 38 ne
424 628 223 38 necessarium
588 628 74 38 di-

161 668 153 44 camus,
268 668 76 44 &
298 668 168 44 tertium
421 668 138 44 esse,
512 668 122 44 quod
589 668 107 44 mo¬

159 709 118 45 uet
226 709 185 45 quidem,
361 709 118 45 cum
428 709 118 45 sit
479 709 185 45 immobile.

161 749 262 52 Quapropter
367 749 94 52 &
405 749 262 52 Anaxagoras
592 749 75 52 re

165 788 104 46 cte
224 788 133 46 dicit
313 788 148 46 mentem
417 788 237 46 impassibilem
610 788 89 46 in

160 829 168 54 quiens,
282 829 76 54 &
312 829 183 54 immistam
450 829 137 54 esse,
526 829 137 54 quoniam

158 877 158 37 motus
264 877 246 37 principium
457 877 158 37 ipsum
545 877 123 37 facit

158 913 112 49 esse.
232 913 87 49 sic
282 913 100 49 enim
344 913 125 49 vtique
431 913 112 49 solum
506 913 149 49 mouebit,
606 913 62 49 cum

150 958 110 36 sit
213 958 221 36 immobilis,
387 958 79 36 &
419 958 174 36 vincet,
545 958 110 36 cum
592 958 79 36 sit

127 996 215 38 immistus.

208 1036 85 63 Et
250 1036 85 63 de
293 1036 212 63 necessitate
462 1036 170 63 sequitur
575 1036 85 63 hoc.

159 1084 156 63 Necesse
272 1084 99 63 est
329 1084 99 63 eni
386 1084 114 63 tria
457 1084 128 63 esse,
542 1084 128 63 motum
613 1084 43 63 &

151 1142 204 36 motorem,
304 1142 85 36 &
338 1142 119 36 per
406 1142 136 36 quod
492 1142 170 36 mouet.
594 1142 68 36 Mo

159 1181 100 55 tum
216 1181 129 55 autem
302 1181 157 55 necesse
416 1181 100 55 est
473 1181 86 55 vt
502 1181 157 55 moueatur.

156 1225 74 58 &
186 1225 104 58 non
245 1225 104 58 est
305 1225 164 58 necesse
424 1225 89 58 vt
469 1225 164 58 moueat.
588 1225 74 58 &
602 1225 60 58 il

152 1269 105 61 lud
212 1269 105 61 per
272 1269 120 61 quod
347 1269 135 61 mouet
437 1269 150 61 motor,
527 1269 135 61 necesse

161 1316 98 55 est
217 1316 84 55 vt
259 1316 153 55 moueat:
370 1316 98 55 hoc
426 1316 112 55 enim
496 1316 125 55 etiam
565 1316 98 55 tras-

154 1364 190 46 mutatur:
297 1364 79 46 &
328 1364 111 46 cum
392 1364 111 46 hoc
455 1364 111 46 est
503 1364 158 46 coniucti

163 1411 113 58 cum
227 1411 145 58 moto.
324 1411 81 58 &
356 1411 113 58 hoc
421 1411 225 58 manifestum
582 1411 81 58 est

156 1453 86 61 in
199 1453 186 61 motoribus
342 1453 86 61 in
385 1453 129 61 loco:
471 1453 115 61 quia
528 1453 143 61 necessa-

160 1500 95 63 rio
215 1500 109 63 sunt
283 1500 177 63 contracta
419 1500 82 63 in
460 1500 136 63 aliquo
542 1500 123 63 spatio.

164 1549 134 61 illud
254 1549 134 61 autem
343 1549 119 61 quod
418 1549 149 61 mouet,
522 1549 119 61 non,
582 1549 89 61 quia

158 1605 131 50 illud
246 1605 102 50 per
304 1605 116 50 quod
376 1605 102 50 fit
435 1605 160 50 mouere,
551 1605 102 50 non
594 1605 73 50 mo-

163 1652 141 50 uetur
257 1652 172 50 omnino.
382 1652 109 50 Cum
444 1652 156 50 igitur
538 1652 125 50 inueni

162 1685 112 66 mus
226 1685 223 66 postremum,
401 1685 80 66 &
433 1685 112 66 est
497 1685 143 66 illud
576 1685 96 66 quod

162 1733 172 61 mouetur,
291 1733 100 61 sed
348 1733 86 61 in
391 1733 86 61 eo
434 1733 100 61 non
491 1733 100 61 est
534 1733 129 61 princi-

162 1781 110 62 piu
225 1781 157 62 motus:
335 1781 79 62 &
367 1781 205 62 inuenimus
509 1781 157 62 aliquid,

686 172 115 69 quod
757 172 172 69 mouetur,
887 172 101 69 sed
944 172 101 69 non
1002 172 86 69 ex
1045 172 129 69 alio,
1131 172 101 69 sed

675 223 89 64 ex
720 223 104 64 se,
779 223 74 64 &
809 223 104 64 est
868 223 134 64 primu
957 223 104 64 non
1017 223 178 64 ratione:
1136 223 59 64 ne

678 269 126 53 cesse
762 269 98 53 est
818 269 84 53 vt
860 269 154 53 tertium
972 269 112 53 etia
1042 269 112 53 sit,
1112 269 70 53 &
1126 269 70 53 est

674 311 140 62 illud
768 311 125 62 quod
846 311 156 62 mouet,
955 311 78 62 &
986 311 109 62 non
1032 311 156 62 mouetur.

680 364 102 62 Et
731 364 135 62 ideo
816 364 237 62 Anaxagoras
1002 364 152 62 etiam
1086 364 102 62 bene

681 413 139 53 dixit,
778 413 97 53 cum
834 413 139 53 dixit,
931 413 111 53 quod
987 413 208 53 intellioentia

681 464 94 42 non
734 464 161 42 mouetur,
855 464 134 42 neque,
949 464 147 42 recipit
1043 464 147 42 passione,

688 501 107 61 nec
749 501 214 61 admiscetur
917 501 107 61 cum
978 501 137 61 alio,
1069 501 107 61 cum
1115 501 76 61 po-

684 548 150 64 suerit
789 548 135 64 ipsam
879 548 210 64 principium
1043 548 150 64 motus.
1133 548 60 64 se

680 594 157 57 cundum
790 594 125 57 enim
868 594 125 57 hunc
947 594 141 57 modum
1040 594 125 57 solu
1103 594 94 57 erit

680 652 147 47 motor,
783 652 176 47 scilicet
916 652 88 47 vt
960 652 103 47 sit
1019 652 103 47 non
1077 652 147 47 motum:

681 689 95 49 &
719 689 228 49 secundum
890 689 152 49 hunc
984 689 171 49 modum
1079 689 114 49 erit

690 733 179 61 pminans,
824 733 179 61 scilicet
958 733 89 61 vt
1003 733 104 61 sit
1063 733 104 61 non
1107 733 75 61 ad

692 789 141 38 ixtum.

717 845 131 53 Idest,
809 845 65 53 &
835 845 118 53 recte
913 845 157 53 sequitur
1031 845 105 53 hoc,
1083 845 105 53 scili-

685 892 107 46 cet
746 892 92 46 vt
792 892 153 46 primus
899 892 138 46 motor
992 892 107 46 non
1038 892 153 46 moueatur

680 932 138 30 omnino
777 932 124 30 neque
859 932 96 30 per
914 932 96 30 se,
970 932 124 30 neque
1052 932 96 30 per
1094 932 96 30 acci-

682 962 126 40 dens
761 962 94 40 ex
808 962 126 40 hoc,
887 962 126 40 quod
966 962 157 40 dicam.
1060 962 126 40 Deinde

682 1001 165 49 incoepit
806 1001 165 49 inducere
929 1001 247 49 propositiones,
1121 1001 69 49 qui

686 1038 94 42 bus
739 1038 135 42 vtitur
834 1038 81 42 in
874 1038 94 42 hac
928 1038 229 42 declaratione,
1116 1038 67 42 &
1130 1038 67 42 di-

679 1085 109 30 xit:
747 1085 150 30 Necesse
856 1085 95 30 est
911 1085 122 30 enim,
992 1085 95 30 &c.
1046 1085 122 30 idest
1114 1085 82 30 mani

683 1114 141 50 festum
782 1114 113 50 enim
852 1114 99 50 est
909 1114 99 50 per
965 1114 99 50 se,
1022 1114 113 50 quod
1092 1114 85 50 in
1120 1114 71 50 re-

679 1150 116 43 bus,
752 1150 116 43 quae
825 1150 233 43 attribuuntur
1014 1150 146 43 motui,
1102 1150 87 43 sunt

685 1189 106 52 tria
751 1189 146 52 genera,
857 1189 159 52 scilicet
977 1189 133 52 motor,
1070 1189 66 52 &
1083 1189 106 52 illud,

686 1233 101 41 per
743 1233 115 41 quod
815 1233 130 41 mouet
902 1233 144 41 motor,
1003 1233 72 41 &
1031 1233 101 41 est
1075 1233 115 41 illud,

679 1268 130 40 quod
760 1268 195 40 sequitur
906 1268 195 40 motorem,
1053 1268 81 40 &
1069 1268 114 40 motum

680 1302 126 51 verbi
764 1302 140 51 gratia
862 1302 84 51 in
904 1302 168 51 animali.
1030 1302 154 51 quoniam
1128 1302 56 51 mo

680 1340 96 50 tor
735 1340 96 50 est
790 1340 137 50 anima,
886 1340 123 50 illud
968 1340 137 50 autem,
1064 1340 96 50 per
1105 1340 82 50 quod

681 1388 125 38 mouet
765 1388 112 38 iste
834 1388 139 38 motor,
932 1388 98 38 est
988 1388 181 38 musculus,
1113 1388 70 38 aut

686 1420 110 39 calor
759 1420 170 39 naturalis,
893 1420 85 39 qui
941 1420 85 39 est
990 1420 73 39 in
1027 1420 158 39 lacertis,
1136 1420 49 39 mo

685 1453 107 51 tum
746 1453 138 51 autem
838 1453 107 51 est
900 1453 169 51 corpus.
1022 1453 154 51 Deinde
1115 1453 61 51 in

686 1491 140 48 coepit
784 1491 140 48 dicere
882 1491 154 48 propria
981 1491 210 48 vniuscuiusque

681 1528 155 42 istorum
793 1528 155 42 generum
906 1528 141 42 trium,
1004 1528 70 42 &
1032 1528 141 42 dixit:
1117 1528 70 42 Mo-

681 1573 102 29 tum
740 1573 131 29 autem
827 1573 160 29 necesse
944 1573 102 29 est
1002 1573 88 29 vt
1032 1573 160 29 moueatur,

681 1603 103 48 &c.
740 1603 88 48 i.
784 1603 133 48 motum
873 1603 147 48 autem,
976 1603 118 48 quod
1049 1603 103 48 est
1094 1603 88 48 ter-

687 1644 120 39 tium,
767 1644 93 39 non
820 1644 93 39 est
873 1644 147 39 necesse
980 1644 80 39 vt
1020 1644 147 39 moueat,
1113 1644 80 39 quan

685 1676 84 46 do
727 1676 169 46 mouetur:
854 1676 98 46 sed
910 1676 127 46 forte
994 1676 141 46 mouet,
1093 1676 70 46 &
1107 1676 84 46 for-

688 1712 75 49 te
726 1712 101 49 non.
789 1712 63 49 &
814 1712 151 49 sequitur
927 1712 75 49 ex
965 1712 101 49 hoc,
1028 1712 101 49 quod
1078 1712 113 49 postre-

679 1749 124 38 mum
750 1749 159 38 motum
856 1749 106 38 in
909 1749 159 38 mundo
1015 1749 159 38 nihil
1103 1749 88 38 mo-

689 1788 99 38 uet
745 1788 155 38 omuino.
858 1788 85 38 &,
900 1788 85 38 si
942 1788 113 38 non,
999 1788 197 38 procederetur
