1416 2066
241 1181 87 53 Cum
290 1181 174 53 declarauit
427 1181 100 53 quod
489 1181 137 53 instans
589 1181 87 53 est
639 1181 87 53 in¬

207 1221 173 49 dliuisibile,
348 1221 86 49 vult
402 1221 151 49 declarare,
520 1221 86 49 quod
564 1221 140 49 impossibile

194 1261 87 37 est
243 1261 74 37 vt
280 1261 111 37 motus
355 1261 99 37 fiat
416 1261 74 37 in
454 1261 149 37 instanti
553 1261 149 37 declaratio

197 1300 76 47 ne
235 1300 166 47 perfecta.
363 1300 64 47 &
388 1300 166 47 praeponit
516 1300 76 47 ad
554 1300 89 47 hoc
605 1300 102 47 quod
656 1300 38 47 i

204 1341 170 45 qualibet
331 1341 128 45 parte
416 1341 184 45 temporis,
558 1341 85 45 in
601 1341 99 45 qua
643 1341 57 45 mo

198 1380 86 45 tus
247 1380 86 45 pot
296 1380 124 45 fieri,
383 1380 161 45 possibile
506 1380 86 45 est
556 1380 74 45 vt
593 1380 86 45 duo
630 1380 74 45 mota

197 1413 193 36 moueantur,
349 1413 110 36 vnum
418 1413 179 36 velocius,
555 1413 69 36 &
583 1413 110 36 alid
638 1413 69 36 tar

197 1447 114 43 dius.
273 1447 88 43 Cum
324 1447 126 43 igitur
412 1447 88 43 hoc
463 1447 126 43 fuerit
551 1447 152 43 positum,
665 1447 63 43 &

201 1486 220 46 posuerimus
374 1486 110 46 duo
437 1486 142 46 mota,
532 1486 126 46 vnum
595 1486 110 46 velo-

204 1524 116 39 tius,
281 1524 64 39 &
307 1524 116 39 aliud
384 1524 142 39 tardius
487 1524 129 39 moueri
577 1524 77 39 in
603 1524 103 39 instam

203 1565 68 48 ti
237 1565 79 48 per
282 1565 124 48 aliquod
372 1565 135 48 spatium,
473 1565 79 48 non
519 1565 79 48 est
564 1565 113 48 dubium
631 1565 68 48 quin

196 1600 150 42 tardius
306 1600 164 42 moueatur
429 1600 82 42 in
470 1600 109 42 illo
538 1600 96 42 per
579 1600 123 42 spatium

201 1637 117 50 minus.
283 1637 82 50 Et,
330 1637 82 50 cum
376 1637 163 50 posuerimus
505 1637 93 50 quod
563 1637 140 50 velocius
656 1637 47 50 mo

200 1677 127 37 nebitur
293 1677 81 37 per
339 1677 93 37 illd
397 1677 127 37 spatium
490 1677 116 37 minus:
571 1677 58 37 &
594 1677 104 37 motum
652 1677 46 37 ve

200 1716 118 38 locius
283 1716 130 38 mouetur
377 1716 82 38 per
424 1716 130 38 spatium
518 1716 106 38 minus
589 1716 71 38 in
613 1716 82 38 mino-

199 1757 70 46 ri
234 1757 116 46 tpere:
316 1757 163 46 manilestum
443 1757 81 46 est
490 1757 93 46 quod
548 1757 139 46 velocius
641 1757 58 46 per

200 1789 177 54 transibit
337 1789 95 54 hoc
391 1789 150 54 spatium
500 1789 82 54 in
541 1789 123 54 tpere
610 1789 95 54 mino

724 1181 69 45 ri
758 1181 149 45 instanti,
873 1181 92 45 quod
930 1181 80 45 est
976 1181 115 45 contra
1057 1181 138 45 positum.
1160 1181 57 45 &
1172 1181 57 45 sen

716 1221 86 50 mo
759 1221 115 50 eius
830 1221 86 50 in
873 1221 100 50 hoc
930 1221 172 50 capitulo
1059 1221 100 50 est
1102 1221 129 50 manife-

719 1259 93 51 stus
777 1259 69 51 Et
812 1259 81 51 iam
858 1259 162 51 declaratum
986 1259 81 51 est
1032 1259 93 51 quod
1078 1259 151 51 impossibile

720 1294 90 44 est
771 1294 77 44 vt
810 1294 115 44 motus
887 1294 103 44 fiat
951 1294 77 44 in
989 1294 154 44 instanti
1105 1294 77 44 ex
1130 1294 90 44 prae-

717 1332 141 52 dictis,
819 1332 153 52 scilicet
934 1332 102 52 quia
998 1332 102 52 omne
1062 1332 153 52 velocius
1164 1332 77 52 pos-

727 1372 122 47 sibile
812 1372 85 47 est
861 1372 122 47 ponere
946 1372 146 47 velocius
1055 1372 109 47 ipso,
1116 1372 109 47 quoniam

719 1409 89 49 non
770 1409 102 49 poet
834 1409 140 49 aliquis
935 1409 127 49 dicere
1024 1409 102 49 quod
1087 1409 127 49 illud,
1164 1409 63 49 quo

724 1445 111 52 nihil
798 1445 87 52 est
847 1445 161 52 velocius,
971 1445 87 52 est
1021 1445 124 52 illud,
1107 1445 99 52 quid
1157 1445 74 52 moue

724 1484 89 38 tur
775 1484 76 38 in
813 1484 166 38 instanti:
941 1484 64 38 &
966 1484 127 38 illud,
1056 1484 89 38 quo
1107 1484 115 38 nihil
1170 1484 64 38 est

728 1519 153 53 tardius,
843 1519 89 53 est
894 1519 127 53 illud,
983 1519 102 53 quod
1046 1519 140 53 mouetur
1148 1519 89 53 per
1186 1519 51 53 ma

722 1553 167 58 gnitudinem
853 1553 215 58 indiuisibilem.
1032 1553 72 58 &,
1068 1553 72 58 si
1104 1553 84 58 hoc
1140 1553 95 58 esset,

722 1597 89 51 non
773 1597 128 51 esset,
863 1597 166 51 proportio
990 1597 115 51 inter
1067 1597 115 51 illum
1131 1597 102 51 motum,

722 1637 56 45 &
744 1637 101 45 alios
811 1637 101 45 motus
879 1637 134 45 scilicet
979 1637 90 45 quod
1035 1637 78 45 est
1080 1637 67 45 in
1114 1637 112 45 maxima
1181 1637 56 45 ve-

711 1671 196 43 locitate,
862 1671 75 43 &
892 1671 151 43 maxima
998 1671 211 43 tarditate:
1148 1671 91 43 quia

720 1708 102 47 non
779 1708 102 47 est
837 1708 189 47 proportio
983 1708 131 47 inter
1070 1708 160 47 lineam,
1186 1708 73 47 &

730 1750 151 46 punctum.
844 1750 88 46 Sed
894 1750 113 46 notum
969 1750 88 46 est
1020 1750 88 46 per
1070 1750 75 46 se
1108 1750 101 46 quod
1158 1750 63 46 mot

722 1788 92 47 sutem
783 1788 185 47 proportionales
937 1788 123 47 secundum
1029 1788 133 47 velocius,
1132 1788 51 47 &
1142 1788 82 47 tardis
