1416 2066
149 180 134 47 iaut
233 180 202 47 expulsum
384 180 218 47 attiguum,
553 180 101 47 vt
586 180 101 47 vlti

173 229 109 38 mum
236 229 187 38 fluctuet
376 229 172 38 facere,
501 229 109 38 aut
548 229 125 38 alicu-

168 269 95 45 bi
216 269 143 45 alibi
311 269 175 45 aequale
438 269 159 45 mutari
549 269 95 45 ex
581 269 95 45 aere

173 313 101 42 in
224 313 151 42 aquam
324 313 101 42 vt
374 313 134 42 tota
458 313 151 42 moles
542 313 134 42 totius

168 350 189 44 aequalis
310 350 126 44 sit,
389 350 110 44 aut
452 350 142 44 nihil
531 350 142 44 moueri-

163 396 147 47 semper
266 396 118 47 enim
340 396 88 47 re
384 396 147 47 mutata
487 396 103 47 hoc
531 396 147 47 accidet,

176 444 124 32 nisi
253 444 248 32 circulariter
455 444 202 32 moueatur.
610 444 109 32 non

173 477 142 46 autem
268 477 157 46 semper
378 477 110 46 sit
441 477 94 46 in
488 477 189 46 circulum
614 477 63 46 lo

176 517 93 45 ci
222 517 186 45 mutatio,
362 517 109 45 sed
424 517 78 45 &
455 517 93 45 in
501 517 171 45 rectum.
610 517 78 45 hi-

173 565 161 41 igitur
286 565 177 41 propter
414 565 129 41 haec
495 565 161 41 vacuum
591 565 97 41 ali-

177 602 123 56 quid
254 602 123 56 esse
315 602 170 56 dicerent.

215 642 87 66 Et
259 642 102 66 nos
317 642 145 66 etiam,
419 642 87 66 si
463 642 102 66 non
521 642 160 66 dicimus
623 642 58 66 ua

172 692 120 62 cuum
247 692 135 62 esse,
337 692 135 62 tamen
427 692 165 62 dicimus
546 692 120 62 quod
606 692 75 62 il-

152 735 109 71 ula,
220 735 81 71 in
261 735 136 71 quibus
356 735 177 71 dubitatur
492 735 81 71 de
533 735 122 71 illo,
601 735 81 71 sunt

168 788 202 59 dubitada,
324 788 156 59 rectum
433 788 125 59 enim
511 788 125 59 fuit
573 788 109 59 dictu

169 836 128 63 quod,
254 836 85 63 si
297 836 100 63 non
354 836 142 63 fuerit
453 836 185 63 densitas,
596 836 71 63 &
610 836 71 63 ra-

172 885 128 45 ritas
257 885 100 45 non
314 885 114 45 erit
386 885 143 45 motus,
485 885 100 45 aut
542 885 143 45 coelum
628 885 57 45 ex

172 933 188 62 pelletur,
316 933 101 62 aut
374 933 145 62 semper
475 933 116 62 erit
533 933 145 62 aequali-

167 989 201 54 generatio
321 989 139 54 aquae
414 989 93 54 ex
460 989 139 54 aere,
553 989 77 54 &
568 989 108 54 aeri-

171 1029 94 62 ex
218 1029 141 62 aqua.
313 1029 110 62 sed
376 1029 220 62 manifestum
549 1029 110 62 est
596 1029 94 62 quod

170 1076 107 62 fit
231 1076 107 62 aer
292 1076 168 62 maioris
414 1076 244 62 quantitatis.
597 1076 92 62 vnde

164 1124 152 63 necesse
275 1124 110 63 est,
344 1124 83 63 si
385 1124 97 63 non
440 1124 138 63 fuerit
537 1124 97 63 hic
579 1124 110 63 aliqua

165 1173 222 61 constrictio,
345 1173 83 61 ut
387 1173 166 61 continua
498 1173 180 61 expellatur.

168 1223 79 63 &
200 1223 111 63 sic
263 1223 174 63 accidit
390 1223 190 63 postremo
533 1223 158 63 eorum,
628 1223 63 63 ad

166 1267 126 63 quem
245 1267 189 63 peruenit
387 1267 126 63 hoc,
466 1267 142 63 quasi
560 1267 95 63 in
592 1267 95 63 motu

171 1319 207 59 suffocari,
334 1319 103 59 aut
393 1319 89 59 in
437 1319 148 59 aliquo
540 1319 118 59 alio
599 1319 89 59 loco

168 1369 229 49 trasmutatur
351 1369 122 49 aqua
427 1369 214 49 aequaliter
595 1369 92 49 ex
626 1369 61 49 ae

168 1414 95 66 re,
223 1414 95 66 ita
277 1414 81 66 vt
317 1414 135 66 corpus
412 1414 162 66 vniuersi
534 1414 95 66 sit
575 1414 108 66 aequa-

164 1466 102 48 te,
223 1466 102 48 aut
281 1466 87 48 vt
325 1466 131 48 nihil
412 1466 189 48 moueatur.
558 1466 102 48 hoc
602 1466 87 48 enim

164 1516 177 63 sequitur,
301 1516 82 63 si
342 1516 136 63 semper
437 1516 218 63 transfertur,
601 1516 82 63 nisi

159 1565 236 61 transferatur
351 1565 251 61 circulariter.
557 1565 103 61 sed
601 1565 74 61 mo-

169 1612 100 62 tus
226 1612 100 62 non
283 1612 143 62 semper
383 1612 200 62 circularis
540 1612 114 62 est,
612 1612 100 62 sed

160 1661 198 63 quandoque
312 1661 168 63 rectus.
434 1661 107 63 per
495 1661 122 63 ista
556 1661 122 63 igitur

160 1709 185 62 dixerunt
298 1709 123 62 isti
376 1709 154 62 vacuum
468 1709 108 62 esse.

197 1780 109 41 Cum
260 1780 202 41 destruxit
415 1780 155 41 vacuum
524 1780 140 41 esse,
601 1780 78 41 in-

165 1821 138 55 coepit
262 1821 193 55 dissoluere
413 1821 207 55 quaestiones
565 1821 124 55 accidem

157 1861 96 45 tes
212 1861 83 45 in
254 1861 110 45 hoc,
323 1861 69 45 &
350 1861 138 45 dixit:
447 1861 83 45 Et
488 1861 96 45 nos
543 1861 138 45 etiam,
626 1861 55 45 si

697 179 95 47 non
752 179 163 47 dicimus,
874 179 95 47 &c.
928 179 81 47 i.
969 179 68 47 &
996 179 108 47 nos,
1063 179 81 47 si
1104 179 95 47 non
1145 179 81 47 di

695 228 129 39 cimus
781 228 143 39 vacuum
881 228 129 39 esse,
967 228 129 39 tamen
1039 228 172 39 concedimus

697 255 103 59 quod
762 255 116 59 illae
839 255 207 59 quaestiones,
1007 255 103 59 quae
1059 255 155 59 induxerunt

698 298 129 49 istos
783 298 86 49 ad
826 298 171 49 dicendum
955 298 143 49 vacuum
1055 298 129 49 esse,
1126 298 86 49 sunt

694 341 242 49 quaestiones,
891 341 91 49 in
936 341 152 49 quibus
1042 341 136 49 debet
1118 341 91 49 homo

696 377 185 41 dubitare,
838 377 71 41 &
866 377 114 41 quas
937 377 114 41 homo
1008 377 128 41 debet
1079 377 128 41 dissol-

700 416 111 42 uere.
774 416 99 42 D.d.
836 416 124 42 rectum
922 416 99 42 enim
984 416 86 42 &c.
1033 416 74 42 i.
1070 416 111 42 verum
1132 416 74 42 enim

702 459 79 39 est
747 459 90 39 hoc,
803 459 90 39 quod
860 459 135 39 dicetur,
961 459 101 39 quod,
1029 459 68 39 si
1062 459 147 39 densitas,
1175 459 56 39 &

700 501 130 38 aritas
791 501 91 38 non
843 501 156 38 fuerint,
960 501 156 38 sequitur
1077 501 91 38 aut
1129 501 78 38 vt
1155 501 52 38 mo

704 533 93 46 tus
757 533 227 46 translationis
944 533 133 46 rectus
1037 533 93 46 non
1090 533 107 46 sit,
1143 533 67 46 aut

704 573 75 49 si
741 573 137 49 fuerit,
841 573 175 49 expelletur
978 573 175 49 vniuersum.
1116 573 62 49 &
1128 573 75 49 simi

700 612 121 50 liter
780 612 121 50 etiam
861 612 174 50 sequitur,
995 612 94 50 aut
1048 612 81 50 vt
1075 612 121 50 genera-

704 649 90 42 tio
756 649 90 42 non
807 649 103 42 sit,
871 649 90 42 aut
922 649 116 42 totum
1000 649 193 42 expelletur,
1141 649 64 42 aut

704 694 81 46 vt
745 694 176 46 generatio
880 694 95 46 sit
934 694 81 46 in
975 694 176 46 elementis
1097 694 108 46 aequa-

705 728 92 42 liter
766 728 62 42 in
797 728 92 42 eodem
859 728 123 42 tempore,
951 728 123 42 scilicet
1043 728 82 42 quod
1094 728 62 42 si
1125 728 62 42 in
1146 728 62 42 ali-

699 765 103 54 qua
758 765 118 54 hora
832 765 191 54 generatur
979 765 88 54 ex
1023 765 133 54 vncia
1097 765 103 54 aquae

697 805 88 45 aer
748 805 75 45 in
785 805 126 45 aliquo
873 805 113 45 loco,
949 805 138 45 oportet
1049 805 75 45 vt
1087 805 101 45 illa
1137 805 63 45 ho-

702 845 84 55 ta
744 845 182 55 generetur
884 845 84 55 ex
926 845 112 55 aere
997 845 126 55 vncia
1081 845 126 55 aquae
1151 845 56 55 in

699 883 102 46 loco
763 883 115 46 alio.
840 883 179 46 D.incoepit
981 883 166 46 declarare
1096 883 115 46 quomodo

704 925 162 51 sequitur,
828 925 75 51 si
865 925 87 51 non
915 925 124 51 fuerit
1002 925 149 51 desitas,
1114 925 62 51 &
1126 925 87 51 gnera

704 965 90 50 tio
756 965 90 50 non
807 965 129 50 fuerit
898 965 193 50 aequaliter,
1052 965 90 50 aut
1104 965 77 50 vt
1130 965 77 50 vni-

705 1006 132 37 uersum
797 1006 198 37 expelletur,
955 1006 92 37 aut
1008 1006 79 37 vt
1048 1006 92 37 non
1100 1006 92 37 sit
1140 1006 66 37 hic

702 1040 116 53 motus
779 1040 206 53 gnerationis,
947 1040 116 53 neque
1011 1040 193 53 translationis

700 1084 143 39 rectus
800 1084 157 39 omnino,
914 1084 71 39 &
943 1084 143 39 dixit:
1043 1084 100 39 sed
1085 1084 129 39 manife-

708 1119 83 43 stum
759 1119 83 43 est,
811 1119 72 43 &c.
852 1119 62 43 i.
883 1119 52 43 &
904 1119 72 43 hoc
945 1119 72 43 est
987 1119 124 43 necesse,
1080 1119 124 43 scilicet
1163 1119 41 43 si

709 1157 90 55 non
761 1157 128 55 fuerit
850 1157 154 55 desitas,
966 1157 77 55 vt
1005 1157 90 55 non
1056 1157 90 55 sit
1107 1157 90 55 hic
1146 1157 64 55 ge-

701 1200 154 41 neratio,
816 1200 102 41 nisi
880 1200 192 41 aequaliter,
1034 1200 90 41 aut
1085 1200 77 41 vt
1111 1200 102 41 vniuer

706 1236 89 52 sum
757 1236 191 52 expellatur.
910 1236 140 52 quoniam
1012 1236 178 52 manifestum
1139 1236 76 52 est,

707 1284 103 44 cum
766 1284 103 44 aer
825 1284 191 44 generatur
971 1284 88 44 ex
1015 1284 147 44 aliqua
1103 1284 103 44 quan-

703 1317 125 47 titate
791 1317 125 47 aquae,
879 1317 100 47 quod
941 1317 100 47 erit
1004 1317 138 47 maioris
1091 1317 113 47 quanti-

707 1351 122 56 tatis
789 1351 122 56 aqua:
870 1351 68 56 &
897 1351 95 56 sic
951 1351 149 56 indiget
1046 1351 162 56 necessario

704 1396 121 38 maiori
789 1396 109 38 loco,
861 1396 97 38 quai
922 1396 85 38 sit
971 1396 109 38 locus
1043 1396 121 38 aquae,
1128 1396 73 38 ex
1152 1396 61 38 qua

706 1432 174 51 generatur.
842 1432 74 51 &,
879 1432 87 51 cum
929 1432 87 51 ita
978 1432 99 51 sit,
1040 1432 62 51 &
1065 1432 124 51 corpus
1140 1432 74 51 com-

703 1469 150 56 tinens
808 1469 135 56 aquam
898 1469 195 56 corruptam
1047 1469 105 56 non
1092 1469 120 56 potest

711 1507 178 55 constringi,
853 1507 95 55 ita,
913 1507 95 55 quod
972 1507 107 55 locus
1043 1507 154 55 impleatur
1150 1507 59 55 ae-

702 1547 90 54 ris
753 1547 167 54 generati,
882 1547 141 54 necesse
984 1547 90 54 est
1036 1547 77 54 vt
1074 1547 115 54 illud
1138 1547 77 54 cor-

710 1588 108 51 pus,
778 1588 108 51 quod
846 1588 162 51 contiuet
968 1588 135 51 aquam,
1062 1588 68 51 &
1076 1588 135 51 continua

705 1637 94 41 tur
758 1637 94 41 cum
812 1637 94 41 ea,
866 1637 202 41 expellatur,
1028 1637 121 41 donec
1096 1637 121 41 euacuet

709 1668 112 39 ocum
779 1668 169 39 aequalem
906 1668 127 39 aeri.
990 1668 84 39 &,
1032 1668 98 39 cum
1088 1668 98 39 hoc
1131 1668 84 39 cor-

703 1705 100 54 pus
760 1705 213 54 expelsatur,
930 1705 185 54 continget
1073 1705 85 54 ei
1115 1705 85 54 vt
1144 1705 71 54 ex-

699 1753 129 42 pellat
790 1753 129 42 aliud,
880 1753 65 42 &
906 1753 117 42 illud
984 1753 129 42 aliud,
1075 1753 65 42 &
1100 1753 91 42 sic
1139 1753 78 42 pro-

705 1784 162 43 cedetur,
826 1784 81 43 si
866 1784 94 43 non
920 1784 135 43 fuerit
1015 1784 162 43 desitas,
1123 1784 94 43 donec

697 1828 145 47 motus
794 1828 210 47 perueniat
955 1828 97 47 ad
1004 1828 145 47 totum
1085 1828 129 47 corpus

701 1862 190 44 continens:
850 1862 68 44 &
877 1862 95 44 sic
932 1862 149 44 accidit
1040 1862 81 44 ei
1067 1862 149 44 inundari,
