1416 2066
220 797 102 58 Cum
279 797 205 58 declarauit
440 797 219 58 impossibile
600 797 88 58 esse

185 845 108 46 quod
253 845 122 46 motor
334 845 149 46 finitus
443 845 135 46 moueat
537 845 149 46 aliquod
632 845 54 46 fi

187 880 121 51 nitum
267 880 108 51 tpre
334 880 175 51 infinito,
469 880 67 51 &
496 880 108 51 hoc,
563 880 108 51 quod
617 880 67 51 di-

182 919 117 50 cimus
260 919 117 50 motor
339 919 157 50 finitus,
456 919 209 50 Intelligimus
626 919 91 50 mo¬

183 961 138 44 torem
275 961 169 44 finitum
398 961 200 44 potentia,
552 961 77 44 &
567 961 123 44 magni-

182 997 158 38 tudine.
297 997 101 38 sed
354 997 101 38 hoc
412 997 158 38 quidem,
527 997 115 38 quod
584 997 101 38 motor

180 1037 96 37 cum
235 1037 138 37 fuerit
332 1037 151 37 corpus,
442 1037 96 37 sit
497 1037 151 37 finitae
593 1037 96 37 magni

182 1067 165 51 tudinis,
306 1067 96 51 iam
361 1067 165 51 probatum
484 1067 96 51 est
539 1067 82 51 in
567 1067 124 51 Tertio:

186 1105 94 46 quod
245 1105 106 46 autem
316 1105 130 46 finitae
411 1105 165 46 potentiae,
540 1105 83 46 cum
588 1105 83 46 sit
623 1105 71 46 cor-

186 1143 100 47 pus
243 1143 172 47 finitum,
372 1143 100 47 hoc
430 1143 144 47 nondum
516 1143 172 47 manifestum

190 1181 94 37 est,
249 1181 94 37 vult
308 1181 106 37 illud
379 1181 83 37 hic
426 1181 142 37 probare.
533 1181 83 37 Cum
580 1181 94 37 enim
627 1181 59 37 ha-

185 1217 106 42 buit
251 1217 106 42 quod
317 1217 119 42 omnis
397 1217 159 42 corporis
516 1217 159 42 potentia
623 1217 66 42 est

192 1255 144 43 finita,
297 1255 66 43 &
323 1255 144 43 adiuxit
428 1255 105 43 huic
481 1255 210 43 propositionem,

187 1292 93 52 quam
245 1292 104 52 prius
315 1292 139 52 probauit
419 1292 139 52 scilicet
523 1292 93 52 quod
581 1292 116 52 habens
651 1292 46 52 po

184 1340 154 30 tentiam
296 1340 154 30 finitam
408 1340 98 30 non
465 1340 112 30 pont
535 1340 140 30 mouere
619 1340 70 30 cor

188 1369 87 47 pus
237 1369 137 47 finitum
337 1369 112 47 tpere
411 1369 161 47 infinito,
535 1369 137 47 habebit
622 1369 62 47 qui

186 1407 96 43 hic
241 1407 137 43 motus,
337 1407 123 43 cuius
419 1407 137 43 tpens,
514 1407 82 43 vt
542 1407 150 43 demtratum

191 1451 88 42 est,
246 1451 77 42 est
290 1451 155 42 infinitum,
412 1451 77 42 non
456 1451 99 42 potnt
522 1451 99 42 fieri
589 1451 55 42 a
600 1451 88 42 corpo-

189 1478 90 44 re,
240 1478 128 44 neque:
330 1478 153 44 potentia
445 1478 77 44 in
483 1478 141 44 corpore
573 1478 115 44 existen

189 1518 74 44 te.
232 1518 63 44 Et
263 1518 105 44 dixit:
337 1518 84 44 Qnam
390 1518 95 44 autem
453 1518 147 44 ipossibile
569 1518 74 44 est
600 1518 95 44 omnino,

189 1557 78 43 &c.
233 1557 67 43 i.
267 1557 123 43 quoniam
356 1557 100 43 autem
423 1557 167 43 impossibile
556 1557 78 43 est
601 1557 67 43 in
623 1557 67 43 cor-

184 1597 120 48 pore
259 1597 195 48 composito
409 1597 90 48 ex
455 1597 180 48 materia,
590 1597 75 48 &
605 1597 90 48 for-

188 1631 90 43 ma,
240 1631 103 43 quod
304 1631 116 43 forma
382 1631 103 43 eius
446 1631 103 43 agat
510 1631 142 43 actione
601 1631 90 43 infi-

189 1673 110 41 nita,
262 1673 73 41 ex
299 1673 85 41 his
347 1673 146 41 patebit.
457 1673 146 41 Potentia
567 1673 98 41 enim
616 1673 73 41 haec

191 1710 117 49 dicta
269 1710 207 49 intelligenda
437 1710 91 49 est
489 1710 155 49 potentia
592 1710 91 49 acti-

191 1749 90 50 uia:
247 1749 134 50 potentia
348 1749 90 50 enim
404 1749 157 50 dupliciter
527 1749 146 50 dlicitur,
628 1749 67 50 acti

187 1782 80 44 na,
232 1782 138 44 scilicet
336 1782 57 44 &
359 1782 138 44 passiua.
462 1782 161 44 D.incoepit
577 1782 115 44 inducere

181 1822 271 52 propositiones,
406 1822 150 52 quibus
512 1822 165 52 conatus
617 1822 75 52 est

713 804 98 49 hoc,
774 804 148 49 probare,
885 804 61 49 &
909 804 123 49 dixit:
995 804 123 49 Sitque
1081 804 111 49 maior
1143 804 86 49 poten

714 841 103 48 tia,
778 841 90 48 &c.
830 841 90 48 sit
881 841 103 48 ergo
945 841 116 48 nobis
1022 841 141 48 primum,
1112 841 103 48 tanque

712 881 117 42 notum
790 881 91 42 per
842 881 91 42 se,
894 881 104 42 quod
959 881 117 42 maior
1036 881 156 42 potentia
1140 881 78 42 agit

707 922 180 35 actionem
842 922 180 35 aequalem
976 922 165 35 actioni
1081 922 135 35 minoris

713 963 174 40 potentiae
847 963 80 40 in
887 963 121 40 tpere
967 963 134 40 minori
1061 963 161 40 tempore,
1168 963 54 40 in

715 992 118 51 quoo
789 992 118 51 agit
863 992 148 51 fninor
967 992 133 51 illam
1040 992 163 51 actionem.

711 1029 137 53 Deinde
807 1029 137 53 dixit:
903 1029 151 53 Necesse
1013 1029 96 53 est
1068 1029 110 53 ergo
1123 1029 96 53 fini-

711 1069 108 50 tum,
779 1069 95 50 &c.
833 1069 81 50 i.
874 1069 95 50 cum
928 1069 135 50 igitur
1022 1069 122 50 maior
1090 1069 135 50 potentia

707 1109 122 47 agit
783 1109 184 47 actionem
921 1109 184 47 aequalem
1059 1109 168 47 actioni
1166 1109 61 47 po

707 1149 160 37 tentiae
824 1149 160 37 minoris
940 1149 87 37 in
984 1149 146 37 minori
1071 1149 146 37 tempore,

706 1188 153 40 decesse
818 1188 98 40 est
873 1188 84 40 in
915 1188 153 40 aequali
1027 1188 153 40 tempore
1124 1188 98 40 ipsam

702 1220 146 47 agere
799 1220 195 47 actionem
946 1220 179 47 maiorem
1076 1220 130 47 quam
1141 1220 81 47 mis

710 1255 116 43 nor.
783 1255 116 43 Vnde
856 1255 160 43 necesse
972 1255 102 43 est
1030 1255 116 43 quod
1088 1255 131 43 corpus,

711 1300 123 46 cuius
793 1300 164 46 potentia
916 1300 96 46 est
971 1300 178 46 infinita,
1108 1300 96 46 cum
1149 1300 68 46 ege

704 1332 98 53 rit
760 1332 84 53 in
802 1332 98 53 id,
858 1332 112 53 quod
928 1332 126 53 natum
1013 1332 98 53 est
1055 1332 168 53 susciperae

710 1367 168 55 actionem
836 1367 126 55 eius,
920 1367 84 55 vt
962 1367 98 55 cum
1019 1367 84 55 in
1047 1367 168 55 frigidaue-

707 1412 99 49 rit,
769 1412 87 49 aut
818 1412 198 49 calefecerit,
979 1412 99 49 agat
1041 1412 74 49 in
1078 1412 124 49 aliquo
1153 1412 74 49 tem-

709 1445 131 38 pote
791 1445 197 38 actionem
938 1445 148 38 muito
1037 1445 180 38 maiorem
1151 1445 66 38 a-

712 1479 134 56 ctione
805 1479 160 56 corporis
925 1479 134 56 finiri
1019 1479 80 56 in
1059 1479 107 56 idem
1112 1479 107 56 passi-

711 1520 112 51 bile
781 1520 84 51 in
823 1520 112 51 illo
892 1520 167 51 tempore.
1018 1520 139 51 Deinde
1101 1520 112 51 dixit:

711 1558 112 52 Non
775 1558 144 52 autem
871 1558 208 52 huiusmodi
1031 1558 160 52 potest
1127 1558 96 52 esse

714 1604 145 46 tempus.
819 1604 132 46 idest,
912 1604 132 46 corpus
1004 1604 132 46 autem,
1096 1604 119 46 cuius
1162 1604 53 46 po

714 1631 133 57 tentia
807 1631 93 57 est
860 1631 173 57 infinita,
993 1631 93 57 non
1046 1631 120 57 agere
1113 1631 106 57 porest

710 1672 177 42 actionem
843 1672 177 42 aequalem
975 1672 177 42 corporis
1093 1672 118 42 finita

713 1711 199 43 potentiae
866 1711 92 43 in
912 1711 168 43 tempore
1034 1711 153 43 ommno,
1141 1711 107 43 sed

709 1746 81 41 in
750 1746 176 41 iustanti,
885 1746 108 41 quod
953 1746 95 41 est
1007 1746 216 41 impossibile.
1169 1746 54 41 om

710 1785 108 50 nis
771 1785 123 50 enim
848 1785 261 50 transmutatio,
1063 1785 92 50 vt
1094 1785 123 50 demon-

704 1824 158 42 stratum
819 1824 115 42 est,
891 1824 101 42 est
948 1824 86 42 in
992 1824 173 42 tempore.
1107 1824 115 42 Deinde
