<?xml version="1.0" encoding="UTF-8"?>
<alto xmlns:xsi="http://www.w3.org/2001/XMLSchema-instance"
      xmlns="http://www.loc.gov/standards/alto/ns-v2#"
      xmlns:page="http://schema.primaresearch.org/PAGE/gts/pagecontent/2013-07-15"
      xsi:schemaLocation="http://www.loc.gov/standards/alto/ns-v2# http://www.loc.gov/standards/alto/alto.xsd">
   <Description>
      <MeasurementUnit>pixel</MeasurementUnit>
      <OCRProcessing ID="IdOcr">
         <ocrProcessingStep>
            <processingDateTime>2021-02-13T08:26:58.087-05:00</processingDateTime>
            <processingSoftware>
               <softwareCreator>READ COOP</softwareCreator>
               <softwareName>Transkribus</softwareName>
            </processingSoftware>
         </ocrProcessingStep>
      </OCRProcessing>
   </Description>
   <Tags/>
   <Layout>
      <Page ID="Page1" PHYSICAL_IMG_NR="1" HEIGHT="2066" WIDTH="1416">
         <TopMargin HEIGHT="0" WIDTH="1416" VPOS="0" HPOS="0"/>
         <LeftMargin HEIGHT="2066" WIDTH="0" VPOS="0" HPOS="0"/>
         <RightMargin HEIGHT="2066" WIDTH="0" VPOS="0" HPOS="1416"/>
         <BottomMargin HEIGHT="0" WIDTH="1416" VPOS="2066" HPOS="0"/>
         <PrintSpace HEIGHT="2066" WIDTH="1416" VPOS="0" HPOS="0">
            <TextBlock ID="TextRegion_1612040695201_988"
                       HEIGHT="1703"
                       WIDTH="496"
                       VPOS="130"
                       HPOS="180">
               <Shape>
                  <Polygon POINTS="180,130 676,130 676,1833 180,1833"/>
               </Shape>
               <TextLine ID="line_1612040695292_991"
                         BASELINE="219"
                         HEIGHT="49"
                         WIDTH="507"
                         VPOS="170"
                         HPOS="175">
                  <String HEIGHT="49"
                          WIDTH="145"
                          VPOS="170"
                          HPOS="161"
                          CONTENT="Deinde"/>
                  <SP HEIGHT="49" WIDTH="14" VPOS="170" HPOS="305"/>
                  <String HEIGHT="49"
                          WIDTH="145"
                          VPOS="170"
                          HPOS="262"
                          CONTENT="dicit:"/>
                  <SP HEIGHT="49" WIDTH="14" VPOS="170" HPOS="407"/>
                  <String HEIGHT="49"
                          WIDTH="159"
                          VPOS="170"
                          HPOS="363"
                          CONTENT="quoniam"/>
                  <SP HEIGHT="49" WIDTH="14" VPOS="170" HPOS="523"/>
                  <String HEIGHT="49"
                          WIDTH="188"
                          VPOS="170"
                          HPOS="479"
                          CONTENT="possibile"/>
                  <SP HEIGHT="49" WIDTH="14" VPOS="170" HPOS="668"/>
                  <String HEIGHT="49" WIDTH="72" VPOS="170" HPOS="610" CONTENT="est"/>
               </TextLine>
               <TextLine ID="r4l3"
                         BASELINE="258"
                         HEIGHT="44"
                         WIDTH="482"
                         VPOS="214"
                         HPOS="192">
                  <String HEIGHT="44" WIDTH="85" VPOS="214" HPOS="178" CONTENT="vt"/>
                  <SP HEIGHT="44" WIDTH="14" VPOS="214" HPOS="263"/>
                  <String HEIGHT="44" WIDTH="99" VPOS="214" HPOS="220" CONTENT="non"/>
                  <SP HEIGHT="44" WIDTH="14" VPOS="214" HPOS="320"/>
                  <String HEIGHT="44"
                          WIDTH="128"
                          VPOS="214"
                          HPOS="277"
                          CONTENT="albus"/>
                  <SP HEIGHT="44" WIDTH="14" VPOS="214" HPOS="405"/>
                  <String HEIGHT="44" WIDTH="99" VPOS="214" HPOS="362" CONTENT="sit"/>
                  <SP HEIGHT="44" WIDTH="14" VPOS="214" HPOS="461"/>
                  <String HEIGHT="44"
                          WIDTH="128"
                          VPOS="214"
                          HPOS="419"
                          CONTENT="homo,"/>
                  <SP HEIGHT="44" WIDTH="14" VPOS="214" HPOS="546"/>
                  <String HEIGHT="44" WIDTH="99" VPOS="214" HPOS="504" CONTENT="&amp;c."/>
                  <SP HEIGHT="44" WIDTH="14" VPOS="214" HPOS="603"/>
                  <String HEIGHT="44"
                          WIDTH="128"
                          VPOS="214"
                          HPOS="561"
                          CONTENT="idest"/>
                  <SP HEIGHT="44" WIDTH="14" VPOS="214" HPOS="688"/>
                  <String HEIGHT="44" WIDTH="43" VPOS="214" HPOS="631" CONTENT="&amp;"/>
               </TextLine>
               <TextLine ID="r4l4"
                         BASELINE="294"
                         HEIGHT="41"
                         WIDTH="489"
                         VPOS="253"
                         HPOS="190">
                  <String HEIGHT="41" WIDTH="101" VPOS="253" HPOS="176" CONTENT="est"/>
                  <SP HEIGHT="41" WIDTH="14" VPOS="253" HPOS="276"/>
                  <String HEIGHT="41"
                          WIDTH="187"
                          VPOS="253"
                          HPOS="233"
                          CONTENT="possibile"/>
                  <SP HEIGHT="41" WIDTH="14" VPOS="253" HPOS="420"/>
                  <String HEIGHT="41" WIDTH="86" VPOS="253" HPOS="377" CONTENT="vt"/>
                  <SP HEIGHT="41" WIDTH="14" VPOS="253" HPOS="463"/>
                  <String HEIGHT="41" WIDTH="101" VPOS="253" HPOS="420" CONTENT="hoc"/>
                  <SP HEIGHT="41" WIDTH="14" VPOS="253" HPOS="521"/>
                  <String HEIGHT="41"
                          WIDTH="216"
                          VPOS="253"
                          HPOS="463"
                          CONTENT="transmutetur,"/>
               </TextLine>
               <TextLine ID="r4l5"
                         BASELINE="334"
                         HEIGHT="40"
                         WIDTH="491"
                         VPOS="294"
                         HPOS="190">
                  <String HEIGHT="40"
                          WIDTH="106"
                          VPOS="294"
                          HPOS="177"
                          CONTENT="quia"/>
                  <SP HEIGHT="40" WIDTH="13" VPOS="294" HPOS="283"/>
                  <String HEIGHT="40" WIDTH="93" VPOS="294" HPOS="243" CONTENT="non"/>
                  <SP HEIGHT="40" WIDTH="13" VPOS="294" HPOS="336"/>
                  <String HEIGHT="40"
                          WIDTH="119"
                          VPOS="294"
                          HPOS="296"
                          CONTENT="album"/>
                  <SP HEIGHT="40" WIDTH="13" VPOS="294" HPOS="416"/>
                  <String HEIGHT="40" WIDTH="93" VPOS="294" HPOS="376" CONTENT="est"/>
                  <SP HEIGHT="40" WIDTH="13" VPOS="294" HPOS="469"/>
                  <String HEIGHT="40" WIDTH="93" VPOS="294" HPOS="429" CONTENT="ens"/>
                  <SP HEIGHT="40" WIDTH="13" VPOS="294" HPOS="522"/>
                  <String HEIGHT="40" WIDTH="80" VPOS="294" HPOS="482" CONTENT="in"/>
                  <SP HEIGHT="40" WIDTH="13" VPOS="294" HPOS="562"/>
                  <String HEIGHT="40"
                          WIDTH="119"
                          VPOS="294"
                          HPOS="522"
                          CONTENT="actu,"/>
                  <SP HEIGHT="40" WIDTH="13" VPOS="294" HPOS="641"/>
                  <String HEIGHT="40"
                          WIDTH="93"
                          VPOS="294"
                          HPOS="588"
                          CONTENT="verbi"/>
               </TextLine>
               <TextLine ID="r4l6"
                         BASELINE="377"
                         HEIGHT="44"
                         WIDTH="485"
                         VPOS="333"
                         HPOS="193">
                  <String HEIGHT="44"
                          WIDTH="156"
                          VPOS="333"
                          HPOS="177"
                          CONTENT="gratia"/>
                  <SP HEIGHT="44" WIDTH="16" VPOS="333" HPOS="334"/>
                  <String HEIGHT="44"
                          WIDTH="141"
                          VPOS="333"
                          HPOS="287"
                          CONTENT="homo:"/>
                  <SP HEIGHT="44" WIDTH="16" VPOS="333" HPOS="428"/>
                  <String HEIGHT="44" WIDTH="110" VPOS="333" HPOS="381" CONTENT="non"/>
                  <SP HEIGHT="44" WIDTH="16" VPOS="333" HPOS="490"/>
                  <String HEIGHT="44"
                          WIDTH="125"
                          VPOS="333"
                          HPOS="443"
                          CONTENT="homo"/>
                  <SP HEIGHT="44" WIDTH="16" VPOS="333" HPOS="568"/>
                  <String HEIGHT="44"
                          WIDTH="125"
                          VPOS="333"
                          HPOS="522"
                          CONTENT="vero"/>
                  <SP HEIGHT="44" WIDTH="16" VPOS="333" HPOS="647"/>
                  <String HEIGHT="44" WIDTH="110" VPOS="333" HPOS="600" CONTENT="non"/>
                  <SP HEIGHT="44" WIDTH="16" VPOS="333" HPOS="709"/>
                  <String HEIGHT="44" WIDTH="31" VPOS="333" HPOS="647" CONTENT=""/>
               </TextLine>
               <TextLine ID="r4l7"
                         BASELINE="402"
                         HEIGHT="38"
                         WIDTH="490"
                         VPOS="364"
                         HPOS="187">
                  <String HEIGHT="38" WIDTH="90" VPOS="364" HPOS="174" CONTENT="est"/>
                  <SP HEIGHT="38" WIDTH="13" VPOS="364" HPOS="264"/>
                  <String HEIGHT="38"
                          WIDTH="103"
                          VPOS="364"
                          HPOS="226"
                          CONTENT="ens."/>
                  <SP HEIGHT="38" WIDTH="13" VPOS="364" HPOS="329"/>
                  <String HEIGHT="38" WIDTH="77" VPOS="364" HPOS="290" CONTENT="in"/>
                  <SP HEIGHT="38" WIDTH="13" VPOS="364" HPOS="368"/>
                  <String HEIGHT="38"
                          WIDTH="116"
                          VPOS="364"
                          HPOS="329"
                          CONTENT="actu,"/>
                  <SP HEIGHT="38" WIDTH="13" VPOS="364" HPOS="445"/>
                  <String HEIGHT="38" WIDTH="90" VPOS="364" HPOS="406" CONTENT="sed"/>
                  <SP HEIGHT="38" WIDTH="13" VPOS="364" HPOS="496"/>
                  <String HEIGHT="38" WIDTH="77" VPOS="364" HPOS="458" CONTENT="in"/>
                  <SP HEIGHT="38" WIDTH="13" VPOS="364" HPOS="535"/>
                  <String HEIGHT="38"
                          WIDTH="168"
                          VPOS="364"
                          HPOS="496"
                          CONTENT="potentia."/>
                  <SP HEIGHT="38" WIDTH="13" VPOS="364" HPOS="664"/>
                  <String HEIGHT="38"
                          WIDTH="64"
                          VPOS="364"
                          HPOS="613"
                          CONTENT="De"
                          SUBS_TYPE="HypPart1"
                          SUBS_CONTENT="Deinde"/>
                  <HYP CONTENT="-"/>
               </TextLine>
               <TextLine ID="r4l8"
                         BASELINE="451"
                         HEIGHT="52"
                         WIDTH="485"
                         VPOS="399"
                         HPOS="191">
                  <String HEIGHT="52"
                          WIDTH="108"
                          VPOS="399"
                          HPOS="178"
                          CONTENT="inde"
                          SUBS_TYPE="HypPart2"
                          SUBS_CONTENT="Deinde"/>
                  <SP HEIGHT="52" WIDTH="13" VPOS="399" HPOS="285"/>
                  <String HEIGHT="52"
                          WIDTH="135"
                          VPOS="399"
                          HPOS="245"
                          CONTENT="dicit:"/>
                  <SP HEIGHT="52" WIDTH="13" VPOS="399" HPOS="380"/>
                  <String HEIGHT="52"
                          WIDTH="121"
                          VPOS="399"
                          HPOS="339"
                          CONTENT="illud"/>
                  <SP HEIGHT="52" WIDTH="13" VPOS="399" HPOS="460"/>
                  <String HEIGHT="52"
                          WIDTH="135"
                          VPOS="399"
                          HPOS="420"
                          CONTENT="autem,"/>
                  <SP HEIGHT="52" WIDTH="13" VPOS="399" HPOS="555"/>
                  <String HEIGHT="52"
                          WIDTH="108"
                          VPOS="399"
                          HPOS="514"
                          CONTENT="quod"/>
                  <SP HEIGHT="52" WIDTH="13" VPOS="399" HPOS="622"/>
                  <String HEIGHT="52"
                          WIDTH="108"
                          VPOS="399"
                          HPOS="568"
                          CONTENT="simpli"/>
               </TextLine>
               <TextLine ID="r4l9"
                         BASELINE="482"
                         HEIGHT="33"
                         WIDTH="485"
                         VPOS="449"
                         HPOS="188">
                  <String HEIGHT="33"
                          WIDTH="118"
                          VPOS="449"
                          HPOS="175"
                          CONTENT="citer"/>
                  <SP HEIGHT="33" WIDTH="13" VPOS="449" HPOS="293"/>
                  <String HEIGHT="33" WIDTH="92" VPOS="449" HPOS="254" CONTENT="non"/>
                  <SP HEIGHT="33" WIDTH="13" VPOS="449" HPOS="345"/>
                  <String HEIGHT="33"
                          WIDTH="105"
                          VPOS="449"
                          HPOS="306"
                          CONTENT="est,"/>
                  <SP HEIGHT="33" WIDTH="13" VPOS="449" HPOS="411"/>
                  <String HEIGHT="33" WIDTH="92" VPOS="449" HPOS="372" CONTENT="&amp;c."/>
                  <SP HEIGHT="33" WIDTH="13" VPOS="449" HPOS="463"/>
                  <String HEIGHT="33"
                          WIDTH="118"
                          VPOS="449"
                          HPOS="424"
                          CONTENT="idest"/>
                  <SP HEIGHT="33" WIDTH="13" VPOS="449" HPOS="542"/>
                  <String HEIGHT="33"
                          WIDTH="118"
                          VPOS="449"
                          HPOS="503"
                          CONTENT="illud"/>
                  <SP HEIGHT="33" WIDTH="13" VPOS="449" HPOS="621"/>
                  <String HEIGHT="33"
                          WIDTH="105"
                          VPOS="449"
                          HPOS="568"
                          CONTENT="autem,"/>
               </TextLine>
               <TextLine ID="r4l10"
                         BASELINE="522"
                         HEIGHT="46"
                         WIDTH="493"
                         VPOS="476"
                         HPOS="187">
                  <String HEIGHT="46"
                          WIDTH="116"
                          VPOS="476"
                          HPOS="173"
                          CONTENT="quod"/>
                  <SP HEIGHT="46" WIDTH="15" VPOS="476" HPOS="289"/>
                  <String HEIGHT="46" WIDTH="102" VPOS="476" HPOS="245" CONTENT="non"/>
                  <SP HEIGHT="46" WIDTH="15" VPOS="476" HPOS="347"/>
                  <String HEIGHT="46"
                          WIDTH="145"
                          VPOS="476"
                          HPOS="303"
                          CONTENT="potest"/>
                  <SP HEIGHT="46" WIDTH="15" VPOS="476" HPOS="448"/>
                  <String HEIGHT="46"
                          WIDTH="232"
                          VPOS="476"
                          HPOS="405"
                          CONTENT="demonstrari,"/>
                  <SP HEIGHT="46" WIDTH="15" VPOS="476" HPOS="637"/>
                  <String HEIGHT="46"
                          WIDTH="102"
                          VPOS="476"
                          HPOS="579"
                          CONTENT="idest"/>
               </TextLine>
               <TextLine ID="r4l11"
                         BASELINE="563"
                         HEIGHT="50"
                         WIDTH="490"
                         VPOS="513"
                         HPOS="187">
                  <String HEIGHT="50"
                          WIDTH="103"
                          VPOS="513"
                          HPOS="174"
                          CONTENT="quod"/>
                  <SP HEIGHT="50" WIDTH="13" VPOS="513" HPOS="277"/>
                  <String HEIGHT="50" WIDTH="90" VPOS="513" HPOS="239" CONTENT="non"/>
                  <SP HEIGHT="50" WIDTH="13" VPOS="513" HPOS="329"/>
                  <String HEIGHT="50" WIDTH="90" VPOS="513" HPOS="290" CONTENT="est"/>
                  <SP HEIGHT="50" WIDTH="13" VPOS="513" HPOS="380"/>
                  <String HEIGHT="50" WIDTH="90" VPOS="513" HPOS="342" CONTENT="ens"/>
                  <SP HEIGHT="50" WIDTH="13" VPOS="513" HPOS="432"/>
                  <String HEIGHT="50"
                          WIDTH="193"
                          VPOS="513"
                          HPOS="393"
                          CONTENT="simpliciter"/>
                  <SP HEIGHT="50" WIDTH="13" VPOS="513" HPOS="587"/>
                  <String HEIGHT="50"
                          WIDTH="142"
                          VPOS="513"
                          HPOS="535"
                          CONTENT="impossibi"/>
               </TextLine>
               <TextLine ID="r4l12"
                         BASELINE="601"
                         HEIGHT="45"
                         WIDTH="484"
                         VPOS="556"
                         HPOS="190">
                  <String HEIGHT="45" WIDTH="81" VPOS="556" HPOS="177" CONTENT="le"/>
                  <SP HEIGHT="45" WIDTH="13" VPOS="556" HPOS="257"/>
                  <String HEIGHT="45" WIDTH="94" VPOS="556" HPOS="217" CONTENT="est"/>
                  <SP HEIGHT="45" WIDTH="13" VPOS="556" HPOS="311"/>
                  <String HEIGHT="45"
                          WIDTH="134"
                          VPOS="556"
                          HPOS="271"
                          CONTENT="moueri"/>
                  <SP HEIGHT="45" WIDTH="13" VPOS="556" HPOS="405"/>
                  <String HEIGHT="45"
                          WIDTH="134"
                          VPOS="556"
                          HPOS="365"
                          CONTENT="omnino"/>
                  <SP HEIGHT="45" WIDTH="13" VPOS="556" HPOS="499"/>
                  <String HEIGHT="45" WIDTH="94" VPOS="556" HPOS="459" CONTENT="per"/>
                  <SP HEIGHT="45" WIDTH="13" VPOS="556" HPOS="553"/>
                  <String HEIGHT="45" WIDTH="94" VPOS="556" HPOS="513" CONTENT="se,"/>
                  <SP HEIGHT="45" WIDTH="13" VPOS="556" HPOS="607"/>
                  <String HEIGHT="45" WIDTH="94" VPOS="556" HPOS="566" CONTENT="aut"/>
                  <SP HEIGHT="45" WIDTH="13" VPOS="556" HPOS="661"/>
                  <String HEIGHT="45" WIDTH="67" VPOS="556" HPOS="607" CONTENT="per"/>
               </TextLine>
               <TextLine ID="r4l13"
                         BASELINE="626"
                         HEIGHT="37"
                         WIDTH="482"
                         VPOS="589"
                         HPOS="188">
                  <String HEIGHT="37"
                          WIDTH="190"
                          VPOS="589"
                          HPOS="173"
                          CONTENT="accidens."/>
                  <SP HEIGHT="37" WIDTH="15" VPOS="589" HPOS="363"/>
                  <String HEIGHT="37"
                          WIDTH="161"
                          VPOS="589"
                          HPOS="319"
                          CONTENT="quoniam"/>
                  <SP HEIGHT="37" WIDTH="15" VPOS="589" HPOS="480"/>
                  <String HEIGHT="37" WIDTH="102" VPOS="589" HPOS="436" CONTENT="non"/>
                  <SP HEIGHT="37" WIDTH="15" VPOS="589" HPOS="539"/>
                  <String HEIGHT="37"
                          WIDTH="117"
                          VPOS="589"
                          HPOS="495"
                          CONTENT="esse"/>
                  <SP HEIGHT="37" WIDTH="15" VPOS="589" HPOS="612"/>
                  <String HEIGHT="37" WIDTH="102" VPOS="589" HPOS="568" CONTENT="non"/>
                  <SP HEIGHT="37" WIDTH="15" VPOS="589" HPOS="670"/>
                  <String HEIGHT="37" WIDTH="58" VPOS="589" HPOS="612" CONTENT="mo"/>
               </TextLine>
               <TextLine ID="r4l14"
                         BASELINE="678"
                         HEIGHT="49"
                         WIDTH="485"
                         VPOS="629"
                         HPOS="188">
                  <String HEIGHT="49"
                          WIDTH="121"
                          VPOS="629"
                          HPOS="175"
                          CONTENT="uetur"/>
                  <SP HEIGHT="49" WIDTH="13" VPOS="629" HPOS="296"/>
                  <String HEIGHT="49" WIDTH="94" VPOS="629" HPOS="255" CONTENT="per"/>
                  <SP HEIGHT="49" WIDTH="13" VPOS="629" HPOS="350"/>
                  <String HEIGHT="49" WIDTH="94" VPOS="629" HPOS="309" CONTENT="se,"/>
                  <SP HEIGHT="49" WIDTH="13" VPOS="629" HPOS="404"/>
                  <String HEIGHT="49" WIDTH="67" VPOS="629" HPOS="363" CONTENT="&amp;"/>
                  <SP HEIGHT="49" WIDTH="13" VPOS="629" HPOS="431"/>
                  <String HEIGHT="49"
                          WIDTH="121"
                          VPOS="629"
                          HPOS="390"
                          CONTENT="nihil"/>
                  <SP HEIGHT="49" WIDTH="13" VPOS="629" HPOS="511"/>
                  <String HEIGHT="49" WIDTH="94" VPOS="629" HPOS="471" CONTENT="est"/>
                  <SP HEIGHT="49" WIDTH="13" VPOS="629" HPOS="565"/>
                  <String HEIGHT="49" WIDTH="94" VPOS="629" HPOS="525" CONTENT="hic"/>
                  <SP HEIGHT="49" WIDTH="13" VPOS="629" HPOS="619"/>
                  <String HEIGHT="49" WIDTH="94" VPOS="629" HPOS="579" CONTENT="ens"/>
                  <SP HEIGHT="49" WIDTH="13" VPOS="629" HPOS="673"/>
                  <String HEIGHT="49" WIDTH="54" VPOS="629" HPOS="619" CONTENT="in"/>
               </TextLine>
               <TextLine ID="r4l15"
                         BASELINE="707"
                         HEIGHT="44"
                         WIDTH="488"
                         VPOS="663"
                         HPOS="186">
                  <String HEIGHT="44"
                          WIDTH="137"
                          VPOS="663"
                          HPOS="171"
                          CONTENT="actu,"/>
                  <SP HEIGHT="44" WIDTH="15" VPOS="663" HPOS="308"/>
                  <String HEIGHT="44"
                          WIDTH="198"
                          VPOS="663"
                          HPOS="262"
                          CONTENT="subiectum"/>
                  <SP HEIGHT="44" WIDTH="15" VPOS="663" HPOS="461"/>
                  <String HEIGHT="44"
                          WIDTH="137"
                          VPOS="663"
                          HPOS="415"
                          CONTENT="motui"/>
                  <SP HEIGHT="44" WIDTH="15" VPOS="663" HPOS="552"/>
                  <String HEIGHT="44"
                          WIDTH="183"
                          VPOS="663"
                          HPOS="491"
                          CONTENT="demonstra"
                          SUBS_TYPE="HypPart1"
                          SUBS_CONTENT="demonstrato"/>
                  <HYP CONTENT="-"/>
               </TextLine>
               <TextLine ID="r4l16"
                         BASELINE="741"
                         HEIGHT="41"
                         WIDTH="490"
                         VPOS="700"
                         HPOS="188">
                  <String HEIGHT="41"
                          WIDTH="82"
                          VPOS="700"
                          HPOS="174"
                          CONTENT="to"
                          SUBS_TYPE="HypPart2"
                          SUBS_CONTENT="demonstrato"/>
                  <SP HEIGHT="41" WIDTH="14" VPOS="700" HPOS="256"/>
                  <String HEIGHT="41" WIDTH="82" VPOS="700" HPOS="215" CONTENT="de"/>
                  <SP HEIGHT="41" WIDTH="14" VPOS="700" HPOS="297"/>
                  <String HEIGHT="41"
                          WIDTH="177"
                          VPOS="700"
                          HPOS="256"
                          CONTENT="principio"/>
                  <SP HEIGHT="41" WIDTH="14" VPOS="700" HPOS="433"/>
                  <String HEIGHT="41"
                          WIDTH="109"
                          VPOS="700"
                          HPOS="392"
                          CONTENT="eius"/>
                  <SP HEIGHT="41" WIDTH="14" VPOS="700" HPOS="501"/>
                  <String HEIGHT="41"
                          WIDTH="123"
                          VPOS="700"
                          HPOS="460"
                          CONTENT="vsque"/>
                  <SP HEIGHT="41" WIDTH="14" VPOS="700" HPOS="583"/>
                  <String HEIGHT="41" WIDTH="82" VPOS="700" HPOS="542" CONTENT="ad"/>
                  <SP HEIGHT="41" WIDTH="14" VPOS="700" HPOS="624"/>
                  <String HEIGHT="41"
                          WIDTH="109"
                          VPOS="700"
                          HPOS="569"
                          CONTENT="finem."/>
               </TextLine>
               <TextLine ID="r4l17"
                         BASELINE="789"
                         HEIGHT="48"
                         WIDTH="468"
                         VPOS="741"
                         HPOS="205">
                  <String HEIGHT="48"
                          WIDTH="135"
                          VPOS="741"
                          HPOS="193"
                          CONTENT="Accidit"/>
                  <SP HEIGHT="48" WIDTH="12" VPOS="741" HPOS="328"/>
                  <String HEIGHT="48"
                          WIDTH="123"
                          VPOS="741"
                          HPOS="291"
                          CONTENT="igitur"/>
                  <SP HEIGHT="48" WIDTH="12" VPOS="741" HPOS="414"/>
                  <String HEIGHT="48" WIDTH="74" VPOS="741" HPOS="377" CONTENT="ex"/>
                  <SP HEIGHT="48" WIDTH="12" VPOS="741" HPOS="451"/>
                  <String HEIGHT="48" WIDTH="86" VPOS="741" HPOS="414" CONTENT="hoc"/>
                  <SP HEIGHT="48" WIDTH="12" VPOS="741" HPOS="501"/>
                  <String HEIGHT="48"
                          WIDTH="135"
                          VPOS="741"
                          HPOS="464"
                          CONTENT="dicere,"/>
                  <SP HEIGHT="48" WIDTH="12" VPOS="741" HPOS="599"/>
                  <String HEIGHT="48" WIDTH="99" VPOS="741" HPOS="562" CONTENT="quod"/>
                  <SP HEIGHT="48" WIDTH="12" VPOS="741" HPOS="661"/>
                  <String HEIGHT="48" WIDTH="62" VPOS="741" HPOS="611" CONTENT="non"/>
               </TextLine>
               <TextLine ID="r4l18"
                         BASELINE="819"
                         HEIGHT="37"
                         WIDTH="480"
                         VPOS="782"
                         HPOS="194">
                  <String HEIGHT="37" WIDTH="88" VPOS="782" HPOS="181" CONTENT="ens"/>
                  <SP HEIGHT="37" WIDTH="13" VPOS="782" HPOS="270"/>
                  <String HEIGHT="37"
                          WIDTH="139"
                          VPOS="782"
                          HPOS="232"
                          CONTENT="mouetur"/>
                  <SP HEIGHT="37" WIDTH="13" VPOS="782" HPOS="371"/>
                  <String HEIGHT="37" WIDTH="88" VPOS="782" HPOS="333" CONTENT="per"/>
                  <SP HEIGHT="37" WIDTH="13" VPOS="782" HPOS="421"/>
                  <String HEIGHT="37"
                          WIDTH="164"
                          VPOS="782"
                          HPOS="383"
                          CONTENT="accidens."/>
                  <SP HEIGHT="37" WIDTH="13" VPOS="782" HPOS="548"/>
                  <String HEIGHT="37"
                          WIDTH="126"
                          VPOS="782"
                          HPOS="510"
                          CONTENT="illlud"/>
                  <SP HEIGHT="37" WIDTH="13" VPOS="782" HPOS="636"/>
                  <String HEIGHT="37"
                          WIDTH="88"
                          VPOS="782"
                          HPOS="586"
                          CONTENT="enim,"/>
               </TextLine>
               <TextLine ID="r4l19"
                         BASELINE="865"
                         HEIGHT="53"
                         WIDTH="474"
                         VPOS="812"
                         HPOS="188">
                  <String HEIGHT="53"
                          WIDTH="105"
                          VPOS="812"
                          HPOS="175"
                          CONTENT="quod"/>
                  <SP HEIGHT="53" WIDTH="13" VPOS="812" HPOS="280"/>
                  <String HEIGHT="53" WIDTH="92" VPOS="812" HPOS="241" CONTENT="est"/>
                  <SP HEIGHT="53" WIDTH="13" VPOS="812" HPOS="333"/>
                  <String HEIGHT="53" WIDTH="92" VPOS="812" HPOS="293" CONTENT="per"/>
                  <SP HEIGHT="53" WIDTH="13" VPOS="812" HPOS="385"/>
                  <String HEIGHT="53"
                          WIDTH="171"
                          VPOS="812"
                          HPOS="346"
                          CONTENT="accidens,"/>
                  <SP HEIGHT="53" WIDTH="13" VPOS="812" HPOS="517"/>
                  <String HEIGHT="53"
                          WIDTH="145"
                          VPOS="812"
                          HPOS="478"
                          CONTENT="accidit"/>
                  <SP HEIGHT="53" WIDTH="13" VPOS="812" HPOS="623"/>
                  <String HEIGHT="53"
                          WIDTH="92"
                          VPOS="812"
                          HPOS="570"
                          CONTENT="entis"/>
               </TextLine>
               <TextLine ID="r4l20"
                         BASELINE="890"
                         HEIGHT="37"
                         WIDTH="490"
                         VPOS="853"
                         HPOS="188">
                  <String HEIGHT="37"
                          WIDTH="123"
                          VPOS="853"
                          HPOS="176"
                          CONTENT="illud,"/>
                  <SP HEIGHT="37" WIDTH="12" VPOS="853" HPOS="298"/>
                  <String HEIGHT="37" WIDTH="98" VPOS="853" HPOS="262" CONTENT="quod"/>
                  <SP HEIGHT="37" WIDTH="12" VPOS="853" HPOS="360"/>
                  <String HEIGHT="37" WIDTH="86" VPOS="853" HPOS="323" CONTENT="est"/>
                  <SP HEIGHT="37" WIDTH="12" VPOS="853" HPOS="409"/>
                  <String HEIGHT="37" WIDTH="86" VPOS="853" HPOS="372" CONTENT="per"/>
                  <SP HEIGHT="37" WIDTH="12" VPOS="853" HPOS="458"/>
                  <String HEIGHT="37" WIDTH="86" VPOS="853" HPOS="421" CONTENT="se."/>
                  <SP HEIGHT="37" WIDTH="12" VPOS="853" HPOS="507"/>
                  <String HEIGHT="37" WIDTH="74" VPOS="853" HPOS="470" CONTENT="&amp;,"/>
                  <SP HEIGHT="37" WIDTH="12" VPOS="853" HPOS="543"/>
                  <String HEIGHT="37" WIDTH="98" VPOS="853" HPOS="507" CONTENT="quia"/>
                  <SP HEIGHT="37" WIDTH="12" VPOS="853" HPOS="605"/>
                  <String HEIGHT="37" WIDTH="86" VPOS="853" HPOS="568" CONTENT="per"/>
                  <SP HEIGHT="37" WIDTH="12" VPOS="853" HPOS="654"/>
                  <String HEIGHT="37" WIDTH="86" VPOS="853" HPOS="617" CONTENT="non"/>
                  <SP HEIGHT="37" WIDTH="12" VPOS="853" HPOS="703"/>
                  <String HEIGHT="37" WIDTH="25" VPOS="853" HPOS="654" CONTENT=""/>
               </TextLine>
               <TextLine ID="r4l21"
                         BASELINE="931"
                         HEIGHT="43"
                         WIDTH="486"
                         VPOS="888"
                         HPOS="193">
                  <String HEIGHT="43" WIDTH="97" VPOS="888" HPOS="179" CONTENT="ens"/>
                  <SP HEIGHT="43" WIDTH="14" VPOS="888" HPOS="276"/>
                  <String HEIGHT="43" WIDTH="97" VPOS="888" HPOS="235" CONTENT="non"/>
                  <SP HEIGHT="43" WIDTH="14" VPOS="888" HPOS="332"/>
                  <String HEIGHT="43"
                          WIDTH="208"
                          VPOS="888"
                          HPOS="290"
                          CONTENT="simpliciter"/>
                  <SP HEIGHT="43" WIDTH="14" VPOS="888" HPOS="498"/>
                  <String HEIGHT="43"
                          WIDTH="194"
                          VPOS="888"
                          HPOS="457"
                          CONTENT="disponitur"/>
                  <SP HEIGHT="43" WIDTH="14" VPOS="888" HPOS="651"/>
                  <String HEIGHT="43"
                          WIDTH="83"
                          VPOS="888"
                          HPOS="596"
                          CONTENT="sub"
                          SUBS_TYPE="HypPart1"
                          SUBS_CONTENT="subiectum"/>
                  <HYP CONTENT="-"/>
               </TextLine>
               <TextLine ID="r4l22"
                         BASELINE="964"
                         HEIGHT="39"
                         WIDTH="483"
                         VPOS="925"
                         HPOS="192">
                  <String HEIGHT="39"
                          WIDTH="131"
                          VPOS="925"
                          HPOS="179"
                          CONTENT="iectum"
                          SUBS_TYPE="HypPart2"
                          SUBS_CONTENT="subiectum"/>
                  <SP HEIGHT="39" WIDTH="13" VPOS="925" HPOS="309"/>
                  <String HEIGHT="39" WIDTH="78" VPOS="925" HPOS="270" CONTENT="in"/>
                  <SP HEIGHT="39" WIDTH="13" VPOS="925" HPOS="349"/>
                  <String HEIGHT="39"
                          WIDTH="117"
                          VPOS="925"
                          HPOS="309"
                          CONTENT="actu,"/>
                  <SP HEIGHT="39" WIDTH="13" VPOS="925" HPOS="427"/>
                  <String HEIGHT="39" WIDTH="78" VPOS="925" HPOS="388" CONTENT="vt"/>
                  <SP HEIGHT="39" WIDTH="13" VPOS="925" HPOS="466"/>
                  <String HEIGHT="39" WIDTH="91" VPOS="925" HPOS="427" CONTENT="cum"/>
                  <SP HEIGHT="39" WIDTH="13" VPOS="925" HPOS="518"/>
                  <String HEIGHT="39"
                          WIDTH="157"
                          VPOS="925"
                          HPOS="479"
                          CONTENT="dicimus,"/>
                  <SP HEIGHT="39" WIDTH="13" VPOS="925" HPOS="636"/>
                  <String HEIGHT="39"
                          WIDTH="104"
                          VPOS="925"
                          HPOS="597"
                          CONTENT="quod"/>
                  <SP HEIGHT="39" WIDTH="13" VPOS="925" HPOS="701"/>
                  <String HEIGHT="39" WIDTH="26" VPOS="925" HPOS="649" CONTENT=""/>
               </TextLine>
               <TextLine ID="r4l23"
                         BASELINE="1003"
                         HEIGHT="39"
                         WIDTH="495"
                         VPOS="964"
                         HPOS="182">
                  <String HEIGHT="39"
                          WIDTH="110"
                          VPOS="964"
                          HPOS="168"
                          CONTENT="iste"/>
                  <SP HEIGHT="39" WIDTH="14" VPOS="964" HPOS="278"/>
                  <String HEIGHT="39"
                          WIDTH="110"
                          VPOS="964"
                          HPOS="237"
                          CONTENT="homo"/>
                  <SP HEIGHT="39" WIDTH="14" VPOS="964" HPOS="347"/>
                  <String HEIGHT="39" WIDTH="96" VPOS="964" HPOS="306" CONTENT="non"/>
                  <SP HEIGHT="39" WIDTH="14" VPOS="964" HPOS="402"/>
                  <String HEIGHT="39"
                          WIDTH="124"
                          VPOS="964"
                          HPOS="361"
                          CONTENT="albus"/>
                  <SP HEIGHT="39" WIDTH="14" VPOS="964" HPOS="485"/>
                  <String HEIGHT="39" WIDTH="96" VPOS="964" HPOS="443" CONTENT="fit"/>
                  <SP HEIGHT="39" WIDTH="14" VPOS="964" HPOS="540"/>
                  <String HEIGHT="39"
                          WIDTH="138"
                          VPOS="964"
                          HPOS="498"
                          CONTENT="albus,"/>
                  <SP HEIGHT="39" WIDTH="14" VPOS="964" HPOS="636"/>
                  <String HEIGHT="39"
                          WIDTH="96"
                          VPOS="964"
                          HPOS="581"
                          CONTENT="possi"/>
               </TextLine>
               <TextLine ID="r4l24"
                         BASELINE="1042"
                         HEIGHT="41"
                         WIDTH="485"
                         VPOS="1001"
                         HPOS="188">
                  <String HEIGHT="41"
                          WIDTH="102"
                          VPOS="1001"
                          HPOS="175"
                          CONTENT="bile"/>
                  <SP HEIGHT="41" WIDTH="13" VPOS="1001" HPOS="277"/>
                  <String HEIGHT="41" WIDTH="89" VPOS="1001" HPOS="239" CONTENT="est"/>
                  <SP HEIGHT="41" WIDTH="13" VPOS="1001" HPOS="328"/>
                  <String HEIGHT="41" WIDTH="77" VPOS="1001" HPOS="290" CONTENT="vt"/>
                  <SP HEIGHT="41" WIDTH="13" VPOS="1001" HPOS="367"/>
                  <String HEIGHT="41"
                          WIDTH="204"
                          VPOS="1001"
                          HPOS="328"
                          CONTENT="transmutatio"/>
                  <SP HEIGHT="41" WIDTH="13" VPOS="1001" HPOS="533"/>
                  <String HEIGHT="41"
                          WIDTH="166"
                          VPOS="1001"
                          HPOS="494"
                          CONTENT="tribuatur"/>
                  <SP HEIGHT="41" WIDTH="13" VPOS="1001" HPOS="660"/>
                  <String HEIGHT="41" WIDTH="64" VPOS="1001" HPOS="609" CONTENT="hic"/>
               </TextLine>
               <TextLine ID="r4l25"
                         BASELINE="1089"
                         HEIGHT="52"
                         WIDTH="493"
                         VPOS="1037"
                         HPOS="182">
                  <String HEIGHT="52" WIDTH="76" VPOS="1037" HPOS="169" CONTENT="ad"/>
                  <SP HEIGHT="52" WIDTH="13" VPOS="1037" HPOS="245"/>
                  <String HEIGHT="52" WIDTH="88" VPOS="1037" HPOS="207" CONTENT="non"/>
                  <SP HEIGHT="52" WIDTH="13" VPOS="1037" HPOS="296"/>
                  <String HEIGHT="52"
                          WIDTH="101"
                          VPOS="1037"
                          HPOS="258"
                          CONTENT="esse"/>
                  <SP HEIGHT="52" WIDTH="13" VPOS="1037" HPOS="359"/>
                  <String HEIGHT="52" WIDTH="88" VPOS="1037" HPOS="321" CONTENT="per"/>
                  <SP HEIGHT="52" WIDTH="13" VPOS="1037" HPOS="410"/>
                  <String HEIGHT="52"
                          WIDTH="164"
                          VPOS="1037"
                          HPOS="372"
                          CONTENT="accidens,"/>
                  <SP HEIGHT="52" WIDTH="13" VPOS="1037" HPOS="536"/>
                  <String HEIGHT="52"
                          WIDTH="152"
                          VPOS="1037"
                          HPOS="498"
                          CONTENT="scilicet"/>
                  <SP HEIGHT="52" WIDTH="13" VPOS="1037" HPOS="650"/>
                  <String HEIGHT="52" WIDTH="88" VPOS="1037" HPOS="612" CONTENT="per"/>
                  <SP HEIGHT="52" WIDTH="13" VPOS="1037" HPOS="700"/>
                  <String HEIGHT="52" WIDTH="25" VPOS="1037" HPOS="650" CONTENT=""/>
               </TextLine>
               <TextLine ID="r4l26"
                         BASELINE="1114"
                         HEIGHT="37"
                         WIDTH="486"
                         VPOS="1077"
                         HPOS="190">
                  <String HEIGHT="37"
                          WIDTH="122"
                          VPOS="1077"
                          HPOS="175"
                          CONTENT="suum"/>
                  <SP HEIGHT="37" WIDTH="15" VPOS="1077" HPOS="296"/>
                  <String HEIGHT="37"
                          WIDTH="213"
                          VPOS="1077"
                          HPOS="251"
                          CONTENT="subiectum,"/>
                  <SP HEIGHT="37" WIDTH="15" VPOS="1077" HPOS="463"/>
                  <String HEIGHT="37"
                          WIDTH="122"
                          VPOS="1077"
                          HPOS="418"
                          CONTENT="quod"/>
                  <SP HEIGHT="37" WIDTH="15" VPOS="1077" HPOS="539"/>
                  <String HEIGHT="37"
                          WIDTH="106"
                          VPOS="1077"
                          HPOS="494"
                          CONTENT="est"/>
                  <SP HEIGHT="37" WIDTH="15" VPOS="1077" HPOS="600"/>
                  <String HEIGHT="37"
                          WIDTH="106"
                          VPOS="1077"
                          HPOS="555"
                          CONTENT="ens"/>
                  <SP HEIGHT="37" WIDTH="15" VPOS="1077" HPOS="661"/>
                  <String HEIGHT="37" WIDTH="91" VPOS="1077" HPOS="615" CONTENT="in"/>
                  <SP HEIGHT="37" WIDTH="15" VPOS="1077" HPOS="706"/>
                  <String HEIGHT="37" WIDTH="30" VPOS="1077" HPOS="646" CONTENT=""/>
               </TextLine>
               <TextLine ID="r4l27"
                         BASELINE="1154"
                         HEIGHT="42"
                         WIDTH="498"
                         VPOS="1112"
                         HPOS="182">
                  <String HEIGHT="42"
                          WIDTH="118"
                          VPOS="1112"
                          HPOS="169"
                          CONTENT="actu."/>
                  <SP HEIGHT="42" WIDTH="13" VPOS="1112" HPOS="287"/>
                  <String HEIGHT="42" WIDTH="79" VPOS="1112" HPOS="248" CONTENT="ad"/>
                  <SP HEIGHT="42" WIDTH="13" VPOS="1112" HPOS="326"/>
                  <String HEIGHT="42" WIDTH="92" VPOS="1112" HPOS="287" CONTENT="non"/>
                  <SP HEIGHT="42" WIDTH="13" VPOS="1112" HPOS="379"/>
                  <String HEIGHT="42"
                          WIDTH="105"
                          VPOS="1112"
                          HPOS="339"
                          CONTENT="esse"/>
                  <SP HEIGHT="42" WIDTH="13" VPOS="1112" HPOS="444"/>
                  <String HEIGHT="42"
                          WIDTH="105"
                          VPOS="1112"
                          HPOS="405"
                          CONTENT="vero"/>
                  <SP HEIGHT="42" WIDTH="13" VPOS="1112" HPOS="510"/>
                  <String HEIGHT="42"
                          WIDTH="157"
                          VPOS="1112"
                          HPOS="470"
                          CONTENT="existens"/>
                  <SP HEIGHT="42" WIDTH="13" VPOS="1112" HPOS="628"/>
                  <String HEIGHT="42" WIDTH="79" VPOS="1112" HPOS="588" CONTENT="in"/>
                  <SP HEIGHT="42" WIDTH="13" VPOS="1112" HPOS="667"/>
                  <String HEIGHT="42" WIDTH="66" VPOS="1112" HPOS="614" CONTENT="sub"/>
               </TextLine>
               <TextLine ID="r4l28"
                         BASELINE="1198"
                         HEIGHT="49"
                         WIDTH="484"
                         VPOS="1149"
                         HPOS="189">
                  <String HEIGHT="49"
                          WIDTH="149"
                          VPOS="1149"
                          HPOS="177"
                          CONTENT="stantia,"/>
                  <SP HEIGHT="49" WIDTH="12" VPOS="1149" HPOS="326"/>
                  <String HEIGHT="49"
                          WIDTH="149"
                          VPOS="1149"
                          HPOS="288"
                          CONTENT="scilicet"/>
                  <SP HEIGHT="49" WIDTH="12" VPOS="1149" HPOS="437"/>
                  <String HEIGHT="49" WIDTH="74" VPOS="1149" HPOS="400" CONTENT="ex"/>
                  <SP HEIGHT="49" WIDTH="12" VPOS="1149" HPOS="474"/>
                  <String HEIGHT="49" WIDTH="87" VPOS="1149" HPOS="437" CONTENT="qua"/>
                  <SP HEIGHT="49" WIDTH="12" VPOS="1149" HPOS="524"/>
                  <String HEIGHT="49" WIDTH="87" VPOS="1149" HPOS="487" CONTENT="fit"/>
                  <SP HEIGHT="49" WIDTH="12" VPOS="1149" HPOS="574"/>
                  <String HEIGHT="49"
                          WIDTH="149"
                          VPOS="1149"
                          HPOS="524"
                          CONTENT="transmuta"
                          SUBS_TYPE="HypPart1"
                          SUBS_CONTENT="transmutatio"/>
                  <HYP CONTENT="-"/>
               </TextLine>
               <TextLine ID="r4l29"
                         BASELINE="1239"
                         HEIGHT="50"
                         WIDTH="484"
                         VPOS="1189"
                         HPOS="189">
                  <String HEIGHT="50"
                          WIDTH="87"
                          VPOS="1189"
                          HPOS="177"
                          CONTENT="tio"
                          SUBS_TYPE="HypPart2"
                          SUBS_CONTENT="transmutatio"/>
                  <SP HEIGHT="50" WIDTH="12" VPOS="1189" HPOS="263"/>
                  <String HEIGHT="50"
                          WIDTH="199"
                          VPOS="1189"
                          HPOS="226"
                          CONTENT="simpliciter,"/>
                  <SP HEIGHT="50" WIDTH="12" VPOS="1189" HPOS="425"/>
                  <String HEIGHT="50"
                          WIDTH="186"
                          VPOS="1189"
                          HPOS="388"
                          CONTENT="impossibile"/>
                  <SP HEIGHT="50" WIDTH="12" VPOS="1189" HPOS="574"/>
                  <String HEIGHT="50" WIDTH="87" VPOS="1189" HPOS="536" CONTENT="est"/>
                  <SP HEIGHT="50" WIDTH="12" VPOS="1189" HPOS="623"/>
                  <String HEIGHT="50" WIDTH="74" VPOS="1189" HPOS="586" CONTENT="vt"/>
                  <SP HEIGHT="50" WIDTH="12" VPOS="1189" HPOS="661"/>
                  <String HEIGHT="50"
                          WIDTH="62"
                          VPOS="1189"
                          HPOS="611"
                          CONTENT="at"
                          SUBS_TYPE="HypPart1"
                          SUBS_CONTENT="attribuatur"/>
                  <HYP CONTENT="-"/>
               </TextLine>
               <TextLine ID="r4l30"
                         BASELINE="1271"
                         HEIGHT="42"
                         WIDTH="482"
                         VPOS="1229"
                         HPOS="189">
                  <String HEIGHT="42"
                          WIDTH="174"
                          VPOS="1229"
                          HPOS="176"
                          CONTENT="tribuatur"
                          SUBS_TYPE="HypPart2"
                          SUBS_CONTENT="attribuatur"/>
                  <SP HEIGHT="42" WIDTH="13" VPOS="1229" HPOS="350"/>
                  <String HEIGHT="42"
                          WIDTH="214"
                          VPOS="1229"
                          HPOS="310"
                          CONTENT="transmutatio"/>
                  <SP HEIGHT="42" WIDTH="13" VPOS="1229" HPOS="524"/>
                  <String HEIGHT="42" WIDTH="94" VPOS="1229" HPOS="484" CONTENT="per"/>
                  <SP HEIGHT="42" WIDTH="13" VPOS="1229" HPOS="577"/>
                  <String HEIGHT="42"
                          WIDTH="147"
                          VPOS="1229"
                          HPOS="524"
                          CONTENT="accidens,"/>
               </TextLine>
               <TextLine ID="r4l31"
                         BASELINE="1306"
                         HEIGHT="34"
                         WIDTH="484"
                         VPOS="1272"
                         HPOS="189">
                  <String HEIGHT="34"
                          WIDTH="132"
                          VPOS="1272"
                          HPOS="174"
                          CONTENT="nedum"/>
                  <SP HEIGHT="34" WIDTH="15" VPOS="1272" HPOS="306"/>
                  <String HEIGHT="34"
                          WIDTH="103"
                          VPOS="1272"
                          HPOS="262"
                          CONTENT="per"/>
                  <SP HEIGHT="34" WIDTH="15" VPOS="1272" HPOS="365"/>
                  <String HEIGHT="34"
                          WIDTH="103"
                          VPOS="1272"
                          HPOS="321"
                          CONTENT="se,"/>
                  <SP HEIGHT="34" WIDTH="15" VPOS="1272" HPOS="424"/>
                  <String HEIGHT="34"
                          WIDTH="117"
                          VPOS="1272"
                          HPOS="380"
                          CONTENT="quia"/>
                  <SP HEIGHT="34" WIDTH="15" VPOS="1272" HPOS="497"/>
                  <String HEIGHT="34"
                          WIDTH="191"
                          VPOS="1272"
                          HPOS="453"
                          CONTENT="subiectum"/>
                  <SP HEIGHT="34" WIDTH="15" VPOS="1272" HPOS="644"/>
                  <String HEIGHT="34"
                          WIDTH="88"
                          VPOS="1272"
                          HPOS="585"
                          CONTENT="eius"/>
               </TextLine>
               <TextLine ID="r4l32"
                         BASELINE="1338"
                         HEIGHT="37"
                         WIDTH="490"
                         VPOS="1301"
                         HPOS="182">
                  <String HEIGHT="37" WIDTH="86" VPOS="1301" HPOS="170" CONTENT="est"/>
                  <SP HEIGHT="37" WIDTH="12" VPOS="1301" HPOS="256"/>
                  <String HEIGHT="37" WIDTH="86" VPOS="1301" HPOS="219" CONTENT="eus"/>
                  <SP HEIGHT="37" WIDTH="12" VPOS="1301" HPOS="305"/>
                  <String HEIGHT="37" WIDTH="74" VPOS="1301" HPOS="268" CONTENT="in"/>
                  <SP HEIGHT="37" WIDTH="12" VPOS="1301" HPOS="341"/>
                  <String HEIGHT="37"
                          WIDTH="159"
                          VPOS="1301"
                          HPOS="305"
                          CONTENT="potentia,"/>
                  <SP HEIGHT="37" WIDTH="12" VPOS="1301" HPOS="464"/>
                  <String HEIGHT="37" WIDTH="61" VPOS="1301" HPOS="427" CONTENT="&amp;"/>
                  <SP HEIGHT="37" WIDTH="12" VPOS="1301" HPOS="488"/>
                  <String HEIGHT="37" WIDTH="86" VPOS="1301" HPOS="452" CONTENT="ens"/>
                  <SP HEIGHT="37" WIDTH="12" VPOS="1301" HPOS="537"/>
                  <String HEIGHT="37"
                          WIDTH="110"
                          VPOS="1301"
                          HPOS="501"
                          CONTENT="illic"/>
                  <SP HEIGHT="37" WIDTH="12" VPOS="1301" HPOS="611"/>
                  <String HEIGHT="37" WIDTH="74" VPOS="1301" HPOS="574" CONTENT="in"/>
                  <SP HEIGHT="37" WIDTH="12" VPOS="1301" HPOS="648"/>
                  <String HEIGHT="37"
                          WIDTH="74"
                          VPOS="1301"
                          HPOS="599"
                          CONTENT="actu"/>
               </TextLine>
               <TextLine ID="r4l33"
                         BASELINE="1379"
                         HEIGHT="39"
                         WIDTH="492"
                         VPOS="1340"
                         HPOS="187">
                  <String HEIGHT="39"
                          WIDTH="108"
                          VPOS="1340"
                          HPOS="172"
                          CONTENT="non"/>
                  <SP HEIGHT="39" WIDTH="15" VPOS="1340" HPOS="279"/>
                  <String HEIGHT="39"
                          WIDTH="108"
                          VPOS="1340"
                          HPOS="233"
                          CONTENT="est"/>
                  <SP HEIGHT="39" WIDTH="15" VPOS="1340" HPOS="341"/>
                  <String HEIGHT="39"
                          WIDTH="123"
                          VPOS="1340"
                          HPOS="295"
                          CONTENT="idem"/>
                  <SP HEIGHT="39" WIDTH="15" VPOS="1340" HPOS="418"/>
                  <String HEIGHT="39"
                          WIDTH="246"
                          VPOS="1340"
                          HPOS="372"
                          CONTENT="demonstratum"/>
                  <SP HEIGHT="39" WIDTH="15" VPOS="1340" HPOS="618"/>
                  <String HEIGHT="39" WIDTH="92" VPOS="1340" HPOS="571" CONTENT="in"/>
                  <SP HEIGHT="39" WIDTH="15" VPOS="1340" HPOS="664"/>
                  <String HEIGHT="39" WIDTH="77" VPOS="1340" HPOS="602" CONTENT="dua"/>
               </TextLine>
               <TextLine ID="r4l34"
                         BASELINE="1418"
                         HEIGHT="43"
                         WIDTH="472"
                         VPOS="1375"
                         HPOS="185">
                  <String HEIGHT="43"
                          WIDTH="103"
                          VPOS="1375"
                          HPOS="170"
                          CONTENT="bus"/>
                  <SP HEIGHT="43" WIDTH="15" VPOS="1375" HPOS="274"/>
                  <String HEIGHT="43"
                          WIDTH="266"
                          VPOS="1375"
                          HPOS="229"
                          CONTENT="extremitatibus"/>
                  <SP HEIGHT="43" WIDTH="15" VPOS="1375" HPOS="495"/>
                  <String HEIGHT="43"
                          WIDTH="162"
                          VPOS="1375"
                          HPOS="451"
                          CONTENT="ciusdem"/>
                  <SP HEIGHT="43" WIDTH="15" VPOS="1375" HPOS="613"/>
                  <String HEIGHT="43"
                          WIDTH="103"
                          VPOS="1375"
                          HPOS="554"
                          CONTENT="motus"/>
               </TextLine>
               <TextLine ID="r4l35"
                         BASELINE="1461"
                         HEIGHT="41"
                         WIDTH="478"
                         VPOS="1420"
                         HPOS="186">
                  <String HEIGHT="41"
                          WIDTH="150"
                          VPOS="1420"
                          HPOS="172"
                          CONTENT="quoniam"/>
                  <SP HEIGHT="41" WIDTH="14" VPOS="1420" HPOS="323"/>
                  <String HEIGHT="41" WIDTH="96" VPOS="1420" HPOS="282" CONTENT="non"/>
                  <SP HEIGHT="41" WIDTH="14" VPOS="1420" HPOS="377"/>
                  <String HEIGHT="41"
                          WIDTH="109"
                          VPOS="1420"
                          HPOS="336"
                          CONTENT="aer,"/>
                  <SP HEIGHT="41" WIDTH="14" VPOS="1420" HPOS="445"/>
                  <String HEIGHT="41"
                          WIDTH="137"
                          VPOS="1420"
                          HPOS="405"
                          CONTENT="quando"/>
                  <SP HEIGHT="41" WIDTH="14" VPOS="1420" HPOS="541"/>
                  <String HEIGHT="41" WIDTH="96" VPOS="1420" HPOS="500" CONTENT="fit"/>
                  <SP HEIGHT="41" WIDTH="14" VPOS="1420" HPOS="596"/>
                  <String HEIGHT="41"
                          WIDTH="109"
                          VPOS="1420"
                          HPOS="555"
                          CONTENT="aer,"/>
                  <SP HEIGHT="41" WIDTH="14" VPOS="1420" HPOS="664"/>
                  <String HEIGHT="41" WIDTH="55" VPOS="1420" HPOS="609" CONTENT="ac"/>
               </TextLine>
               <TextLine ID="r4l36"
                         BASELINE="1502"
                         HEIGHT="50"
                         WIDTH="486"
                         VPOS="1452"
                         HPOS="193">
                  <String HEIGHT="50"
                          WIDTH="129"
                          VPOS="1452"
                          HPOS="179"
                          CONTENT="cidit"/>
                  <SP HEIGHT="50" WIDTH="14" VPOS="1452" HPOS="307"/>
                  <String HEIGHT="50"
                          WIDTH="186"
                          VPOS="1452"
                          HPOS="264"
                          CONTENT="quandoque"/>
                  <SP HEIGHT="50" WIDTH="14" VPOS="1452" HPOS="450"/>
                  <String HEIGHT="50"
                          WIDTH="129"
                          VPOS="1452"
                          HPOS="407"
                          CONTENT="aqua,"/>
                  <SP HEIGHT="50" WIDTH="14" VPOS="1452" HPOS="536"/>
                  <String HEIGHT="50"
                          WIDTH="129"
                          VPOS="1452"
                          HPOS="493"
                          CONTENT="verbi"/>
                  <SP HEIGHT="50" WIDTH="14" VPOS="1452" HPOS="622"/>
                  <String HEIGHT="50"
                          WIDTH="114"
                          VPOS="1452"
                          HPOS="565"
                          CONTENT="gratia"/>
               </TextLine>
               <TextLine ID="r4l37"
                         BASELINE="1541"
                         HEIGHT="51"
                         WIDTH="487"
                         VPOS="1490"
                         HPOS="190">
                  <String HEIGHT="51"
                          WIDTH="107"
                          VPOS="1490"
                          HPOS="175"
                          CONTENT="cum"/>
                  <SP HEIGHT="51" WIDTH="15" VPOS="1490" HPOS="281"/>
                  <String HEIGHT="51"
                          WIDTH="122"
                          VPOS="1490"
                          HPOS="236"
                          CONTENT="aqua"/>
                  <SP HEIGHT="51" WIDTH="15" VPOS="1490" HPOS="357"/>
                  <String HEIGHT="51"
                          WIDTH="244"
                          VPOS="1490"
                          HPOS="312"
                          CONTENT="corrumpitur,"/>
                  <SP HEIGHT="51" WIDTH="15" VPOS="1490" HPOS="555"/>
                  <String HEIGHT="51"
                          WIDTH="152"
                          VPOS="1490"
                          HPOS="510"
                          CONTENT="deinde"/>
                  <SP HEIGHT="51" WIDTH="15" VPOS="1490" HPOS="662"/>
                  <String HEIGHT="51" WIDTH="76" VPOS="1490" HPOS="601" CONTENT="sue"/>
               </TextLine>
               <TextLine ID="r4l38"
                         BASELINE="1578"
                         HEIGHT="52"
                         WIDTH="490"
                         VPOS="1526"
                         HPOS="191">
                  <String HEIGHT="52"
                          WIDTH="113"
                          VPOS="1526"
                          HPOS="178"
                          CONTENT="cedit"/>
                  <SP HEIGHT="52" WIDTH="13" VPOS="1526" HPOS="292"/>
                  <String HEIGHT="52" WIDTH="75" VPOS="1526" HPOS="254" CONTENT="ei"/>
                  <SP HEIGHT="52" WIDTH="13" VPOS="1526" HPOS="329"/>
                  <String HEIGHT="52"
                          WIDTH="101"
                          VPOS="1526"
                          HPOS="292"
                          CONTENT="aer."/>
                  <SP HEIGHT="52" WIDTH="13" VPOS="1526" HPOS="392"/>
                  <String HEIGHT="52"
                          WIDTH="101"
                          VPOS="1526"
                          HPOS="354"
                          CONTENT="ergo"/>
                  <SP HEIGHT="52" WIDTH="13" VPOS="1526" HPOS="455"/>
                  <String HEIGHT="52" WIDTH="88" VPOS="1526" HPOS="417" CONTENT="hic"/>
                  <SP HEIGHT="52" WIDTH="13" VPOS="1526" HPOS="505"/>
                  <String HEIGHT="52" WIDTH="88" VPOS="1526" HPOS="467" CONTENT="non"/>
                  <SP HEIGHT="52" WIDTH="13" VPOS="1526" HPOS="555"/>
                  <String HEIGHT="52" WIDTH="88" VPOS="1526" HPOS="518" CONTENT="est"/>
                  <SP HEIGHT="52" WIDTH="13" VPOS="1526" HPOS="606"/>
                  <String HEIGHT="52"
                          WIDTH="101"
                          VPOS="1526"
                          HPOS="568"
                          CONTENT="idem"/>
                  <SP HEIGHT="52" WIDTH="13" VPOS="1526" HPOS="668"/>
                  <String HEIGHT="52" WIDTH="63" VPOS="1526" HPOS="618" CONTENT="sub"/>
               </TextLine>
               <TextLine ID="r4l39"
                         BASELINE="1611"
                         HEIGHT="46"
                         WIDTH="492"
                         VPOS="1565"
                         HPOS="187">
                  <String HEIGHT="46"
                          WIDTH="137"
                          VPOS="1565"
                          HPOS="173"
                          CONTENT="iectum"/>
                  <SP HEIGHT="46" WIDTH="14" VPOS="1565" HPOS="310"/>
                  <String HEIGHT="46"
                          WIDTH="137"
                          VPOS="1565"
                          HPOS="269"
                          CONTENT="formae"/>
                  <SP HEIGHT="46" WIDTH="14" VPOS="1565" HPOS="406"/>
                  <String HEIGHT="46"
                          WIDTH="137"
                          VPOS="1565"
                          HPOS="365"
                          CONTENT="aquae,"/>
                  <SP HEIGHT="46" WIDTH="14" VPOS="1565" HPOS="501"/>
                  <String HEIGHT="46" WIDTH="68" VPOS="1565" HPOS="460" CONTENT="&amp;"/>
                  <SP HEIGHT="46" WIDTH="14" VPOS="1565" HPOS="529"/>
                  <String HEIGHT="46"
                          WIDTH="137"
                          VPOS="1565"
                          HPOS="488"
                          CONTENT="aeris,"/>
                  <SP HEIGHT="46" WIDTH="14" VPOS="1565" HPOS="624"/>
                  <String HEIGHT="46"
                          WIDTH="123"
                          VPOS="1565"
                          HPOS="583"
                          CONTENT="super"/>
                  <SP HEIGHT="46" WIDTH="14" VPOS="1565" HPOS="706"/>
                  <String HEIGHT="46" WIDTH="27" VPOS="1565" HPOS="652" CONTENT=""/>
               </TextLine>
               <TextLine ID="r4l40"
                         BASELINE="1652"
                         HEIGHT="47"
                         WIDTH="484"
                         VPOS="1605"
                         HPOS="184">
                  <String HEIGHT="47"
                          WIDTH="99"
                          VPOS="1605"
                          HPOS="172"
                          CONTENT="quid"/>
                  <SP HEIGHT="47" WIDTH="12" VPOS="1605" HPOS="271"/>
                  <String HEIGHT="47"
                          WIDTH="186"
                          VPOS="1605"
                          HPOS="234"
                          CONTENT="succedebant"/>
                  <SP HEIGHT="47" WIDTH="12" VPOS="1605" HPOS="420"/>
                  <String HEIGHT="47"
                          WIDTH="124"
                          VPOS="1605"
                          HPOS="383"
                          CONTENT="formae"/>
                  <SP HEIGHT="47" WIDTH="12" VPOS="1605" HPOS="507"/>
                  <String HEIGHT="47"
                          WIDTH="112"
                          VPOS="1605"
                          HPOS="469"
                          CONTENT="sibi,"/>
                  <SP HEIGHT="47" WIDTH="12" VPOS="1605" HPOS="581"/>
                  <String HEIGHT="47"
                          WIDTH="112"
                          VPOS="1605"
                          HPOS="544"
                          CONTENT="sicut"/>
                  <SP HEIGHT="47" WIDTH="12" VPOS="1605" HPOS="656"/>
                  <String HEIGHT="47"
                          WIDTH="62"
                          VPOS="1605"
                          HPOS="606"
                          CONTENT="al"
                          SUBS_TYPE="HypPart1"
                          SUBS_CONTENT="alpum,"/>
                  <HYP CONTENT="-"/>
               </TextLine>
               <TextLine ID="r4l41"
                         BASELINE="1682"
                         HEIGHT="43"
                         WIDTH="487"
                         VPOS="1639"
                         HPOS="194">
                  <String HEIGHT="43"
                          WIDTH="126"
                          VPOS="1639"
                          HPOS="178"
                          CONTENT="pum,"
                          SUBS_TYPE="HypPart2"
                          SUBS_CONTENT="alpum,"/>
                  <SP HEIGHT="43" WIDTH="16" VPOS="1639" HPOS="304"/>
                  <String HEIGHT="43" WIDTH="79" VPOS="1639" HPOS="257" CONTENT="&amp;"/>
                  <SP HEIGHT="43" WIDTH="16" VPOS="1639" HPOS="335"/>
                  <String HEIGHT="43"
                          WIDTH="157"
                          VPOS="1639"
                          HPOS="288"
                          CONTENT="niorum"/>
                  <SP HEIGHT="43" WIDTH="16" VPOS="1639" HPOS="445"/>
                  <String HEIGHT="43"
                          WIDTH="204"
                          VPOS="1639"
                          HPOS="398"
                          CONTENT="succedunt"/>
                  <SP HEIGHT="43" WIDTH="16" VPOS="1639" HPOS="602"/>
                  <String HEIGHT="43"
                          WIDTH="126"
                          VPOS="1639"
                          HPOS="555"
                          CONTENT="sibi"/>
                  <SP HEIGHT="43" WIDTH="16" VPOS="1639" HPOS="681"/>
                  <String HEIGHT="43" WIDTH="63" VPOS="1639" HPOS="618" CONTENT="in"/>
               </TextLine>
               <TextLine ID="r4l42"
                         BASELINE="1725"
                         HEIGHT="56"
                         WIDTH="495"
                         VPOS="1669"
                         HPOS="186">
                  <String HEIGHT="56"
                          WIDTH="215"
                          VPOS="1669"
                          HPOS="170"
                          CONTENT="indiuiduo"/>
                  <SP HEIGHT="56" WIDTH="17" VPOS="1669" HPOS="384"/>
                  <String HEIGHT="56"
                          WIDTH="264"
                          VPOS="1669"
                          HPOS="335"
                          CONTENT="demonstrato."/>
                  <SP HEIGHT="56" WIDTH="17" VPOS="1669" HPOS="599"/>
                  <String HEIGHT="56" WIDTH="83" VPOS="1669" HPOS="549" CONTENT="&amp;"/>
                  <SP HEIGHT="56" WIDTH="17" VPOS="1669" HPOS="632"/>
                  <String HEIGHT="56"
                          WIDTH="116"
                          VPOS="1669"
                          HPOS="566"
                          CONTENT="prima"/>
               </TextLine>
               <TextLine ID="r4l43"
                         BASELINE="1762"
                         HEIGHT="45"
                         WIDTH="487"
                         VPOS="1717"
                         HPOS="192">
                  <String HEIGHT="45"
                          WIDTH="153"
                          VPOS="1717"
                          HPOS="178"
                          CONTENT="nateria"/>
                  <SP HEIGHT="45" WIDTH="14" VPOS="1717" HPOS="331"/>
                  <String HEIGHT="45" WIDTH="97" VPOS="1717" HPOS="289" CONTENT="non"/>
                  <SP HEIGHT="45" WIDTH="14" VPOS="1717" HPOS="387"/>
                  <String HEIGHT="45" WIDTH="97" VPOS="1717" HPOS="345" CONTENT="est"/>
                  <SP HEIGHT="45" WIDTH="14" VPOS="1717" HPOS="442"/>
                  <String HEIGHT="45" WIDTH="83" VPOS="1717" HPOS="401" CONTENT="in"/>
                  <SP HEIGHT="45" WIDTH="14" VPOS="1717" HPOS="484"/>
                  <String HEIGHT="45"
                          WIDTH="125"
                          VPOS="1717"
                          HPOS="442"
                          CONTENT="actu."/>
                  <SP HEIGHT="45" WIDTH="14" VPOS="1717" HPOS="568"/>
                  <String HEIGHT="45" WIDTH="70" VPOS="1717" HPOS="526" CONTENT="&amp;"/>
                  <SP HEIGHT="45" WIDTH="14" VPOS="1717" HPOS="596"/>
                  <String HEIGHT="45"
                          WIDTH="111"
                          VPOS="1717"
                          HPOS="554"
                          CONTENT="quod"/>
                  <SP HEIGHT="45" WIDTH="14" VPOS="1717" HPOS="665"/>
                  <String HEIGHT="45" WIDTH="70" VPOS="1717" HPOS="609" CONTENT="non"/>
               </TextLine>
               <TextLine ID="r4l44"
                         BASELINE="1794"
                         HEIGHT="42"
                         WIDTH="484"
                         VPOS="1752"
                         HPOS="185">
                  <String HEIGHT="42" WIDTH="97" VPOS="1752" HPOS="171" CONTENT="est"/>
                  <SP HEIGHT="42" WIDTH="14" VPOS="1752" HPOS="268"/>
                  <String HEIGHT="42" WIDTH="83" VPOS="1752" HPOS="226" CONTENT="in"/>
                  <SP HEIGHT="42" WIDTH="14" VPOS="1752" HPOS="309"/>
                  <String HEIGHT="42"
                          WIDTH="111"
                          VPOS="1752"
                          HPOS="268"
                          CONTENT="actu"/>
                  <SP HEIGHT="42" WIDTH="14" VPOS="1752" HPOS="379"/>
                  <String HEIGHT="42"
                          WIDTH="207"
                          VPOS="1752"
                          HPOS="337"
                          CONTENT="impossibile"/>
                  <SP HEIGHT="42" WIDTH="14" VPOS="1752" HPOS="545"/>
                  <String HEIGHT="42" WIDTH="97" VPOS="1752" HPOS="503" CONTENT="est"/>
                  <SP HEIGHT="42" WIDTH="14" VPOS="1752" HPOS="600"/>
                  <String HEIGHT="42"
                          WIDTH="124"
                          VPOS="1752"
                          HPOS="545"
                          CONTENT="moueri"
                          SUBS_TYPE="HypPart1"
                          SUBS_CONTENT="moueri&amp;"/>
                  <HYP CONTENT="-"/>
               </TextLine>
               <TextLine ID="r4l45"
                         BASELINE="1842"
                         HEIGHT="53"
                         WIDTH="491"
                         VPOS="1789"
                         HPOS="190">
                  <String HEIGHT="53"
                          WIDTH="66"
                          VPOS="1789"
                          HPOS="177"
                          CONTENT="&amp;"
                          SUBS_TYPE="HypPart2"
                          SUBS_CONTENT="moueri&amp;"/>
                  <SP HEIGHT="53" WIDTH="13" VPOS="1789" HPOS="243"/>
                  <String HEIGHT="53"
                          WIDTH="119"
                          VPOS="1789"
                          HPOS="203"
                          CONTENT="quia,"/>
                  <SP HEIGHT="53" WIDTH="13" VPOS="1789" HPOS="323"/>
                  <String HEIGHT="53" WIDTH="93" VPOS="1789" HPOS="283" CONTENT="cum"/>
                  <SP HEIGHT="53" WIDTH="13" VPOS="1789" HPOS="376"/>
                  <String HEIGHT="53"
                          WIDTH="106"
                          VPOS="1789"
                          HPOS="336"
                          CONTENT="esse"/>
                  <SP HEIGHT="53" WIDTH="13" VPOS="1789" HPOS="442"/>
                  <String HEIGHT="53" WIDTH="93" VPOS="1789" HPOS="402" CONTENT="pri"/>
                  <SP HEIGHT="53" WIDTH="13" VPOS="1789" HPOS="495"/>
                  <String HEIGHT="53" WIDTH="93" VPOS="1789" HPOS="455" CONTENT="mae"/>
                  <SP HEIGHT="53" WIDTH="13" VPOS="1789" HPOS="548"/>
                  <String HEIGHT="53"
                          WIDTH="159"
                          VPOS="1789"
                          HPOS="508"
                          CONTENT="materiae"/>
                  <SP HEIGHT="53" WIDTH="13" VPOS="1789" HPOS="668"/>
                  <String HEIGHT="53" WIDTH="66" VPOS="1789" HPOS="615" CONTENT="non"/>
               </TextLine>
            </TextBlock>
            <TextBlock ID="r5" HEIGHT="1730" WIDTH="517" VPOS="140" HPOS="690">
               <Shape>
                  <Polygon POINTS="690,140 690,1870 1207,1870 1207,140"/>
               </Shape>
               <TextLine ID="r5l3"
                         BASELINE="226"
                         HEIGHT="53"
                         WIDTH="488"
                         VPOS="173"
                         HPOS="711">
                  <String HEIGHT="53"
                          WIDTH="207"
                          VPOS="173"
                          HPOS="696"
                          CONTENT="admiscetur"/>
                  <SP HEIGHT="53" WIDTH="15" VPOS="173" HPOS="903"/>
                  <String HEIGHT="53"
                          WIDTH="133"
                          VPOS="173"
                          HPOS="859"
                          CONTENT="actus"/>
                  <SP HEIGHT="53" WIDTH="15" VPOS="173" HPOS="992"/>
                  <String HEIGHT="53"
                          WIDTH="163"
                          VPOS="173"
                          HPOS="948"
                          CONTENT="omnino,"/>
                  <SP HEIGHT="53" WIDTH="15" VPOS="173" HPOS="1110"/>
                  <String HEIGHT="53"
                          WIDTH="148"
                          VPOS="173"
                          HPOS="1051"
                          CONTENT="impossi"
                          SUBS_TYPE="HypPart1"
                          SUBS_CONTENT="impossibile"/>
                  <HYP CONTENT="-"/>
               </TextLine>
               <TextLine ID="r5l4"
                         BASELINE="264"
                         HEIGHT="49"
                         WIDTH="491"
                         VPOS="215"
                         HPOS="710">
                  <String HEIGHT="49"
                          WIDTH="112"
                          VPOS="215"
                          HPOS="696"
                          CONTENT="bile"
                          SUBS_TYPE="HypPart2"
                          SUBS_CONTENT="impossibile"/>
                  <SP HEIGHT="49" WIDTH="14" VPOS="215" HPOS="808"/>
                  <String HEIGHT="49" WIDTH="98" VPOS="215" HPOS="766" CONTENT="est"/>
                  <SP HEIGHT="49" WIDTH="14" VPOS="215" HPOS="864"/>
                  <String HEIGHT="49" WIDTH="84" VPOS="215" HPOS="822" CONTENT="vt"/>
                  <SP HEIGHT="49" WIDTH="14" VPOS="215" HPOS="906"/>
                  <String HEIGHT="49"
                          WIDTH="182"
                          VPOS="215"
                          HPOS="864"
                          CONTENT="moueatur."/>
                  <SP HEIGHT="49" WIDTH="14" VPOS="215" HPOS="1047"/>
                  <String HEIGHT="49"
                          WIDTH="112"
                          VPOS="215"
                          HPOS="1005"
                          CONTENT="Quia"/>
                  <SP HEIGHT="49" WIDTH="14" VPOS="215" HPOS="1117"/>
                  <String HEIGHT="49"
                          WIDTH="112"
                          VPOS="215"
                          HPOS="1075"
                          CONTENT="ergo"/>
                  <SP HEIGHT="49" WIDTH="14" VPOS="215" HPOS="1187"/>
                  <String HEIGHT="49" WIDTH="84" VPOS="215" HPOS="1145" CONTENT="in"/>
                  <SP HEIGHT="49" WIDTH="14" VPOS="215" HPOS="1229"/>
                  <String HEIGHT="49" WIDTH="28" VPOS="215" HPOS="1173" CONTENT=""/>
               </TextLine>
               <TextLine ID="r5l5"
                         BASELINE="291"
                         HEIGHT="40"
                         WIDTH="471"
                         VPOS="251"
                         HPOS="708">
                  <String HEIGHT="40"
                          WIDTH="147"
                          VPOS="251"
                          HPOS="693"
                          CONTENT="duabus"/>
                  <SP HEIGHT="40" WIDTH="15" VPOS="251" HPOS="840"/>
                  <String HEIGHT="40"
                          WIDTH="265"
                          VPOS="251"
                          HPOS="796"
                          CONTENT="extremitatibus"/>
                  <SP HEIGHT="40" WIDTH="15" VPOS="251" HPOS="1061"/>
                  <String HEIGHT="40"
                          WIDTH="147"
                          VPOS="251"
                          HPOS="1017"
                          CONTENT="istius"/>
                  <SP HEIGHT="40" WIDTH="15" VPOS="251" HPOS="1164"/>
                  <String HEIGHT="40" WIDTH="74" VPOS="251" HPOS="1105" CONTENT="mot"/>
               </TextLine>
               <TextLine ID="r5l6"
                         BASELINE="330"
                         HEIGHT="40"
                         WIDTH="491"
                         VPOS="290"
                         HPOS="704">
                  <String HEIGHT="40"
                          WIDTH="155"
                          VPOS="290"
                          HPOS="691"
                          CONTENT="scilicet"/>
                  <SP HEIGHT="40" WIDTH="13" VPOS="290" HPOS="846"/>
                  <String HEIGHT="40"
                          WIDTH="220"
                          VPOS="290"
                          HPOS="807"
                          CONTENT="generationis,"/>
                  <SP HEIGHT="40" WIDTH="13" VPOS="290" HPOS="1027"/>
                  <String HEIGHT="40" WIDTH="65" VPOS="290" HPOS="988" CONTENT="&amp;"/>
                  <SP HEIGHT="40" WIDTH="13" VPOS="290" HPOS="1053"/>
                  <String HEIGHT="40"
                          WIDTH="194"
                          VPOS="290"
                          HPOS="1001"
                          CONTENT="corruptionis,"/>
               </TextLine>
               <TextLine ID="r5l7"
                         BASELINE="364"
                         HEIGHT="34"
                         WIDTH="485"
                         VPOS="330"
                         HPOS="708">
                  <String HEIGHT="34"
                          WIDTH="184"
                          VPOS="330"
                          HPOS="695"
                          CONTENT="existentis"/>
                  <SP HEIGHT="34" WIDTH="13" VPOS="330" HPOS="878"/>
                  <String HEIGHT="34" WIDTH="79" VPOS="330" HPOS="839" CONTENT="in"/>
                  <SP HEIGHT="34" WIDTH="13" VPOS="330" HPOS="918"/>
                  <String HEIGHT="34"
                          WIDTH="184"
                          VPOS="330"
                          HPOS="878"
                          CONTENT="substantia"/>
                  <SP HEIGHT="34" WIDTH="13" VPOS="330" HPOS="1062"/>
                  <String HEIGHT="34" WIDTH="92" VPOS="330" HPOS="1023" CONTENT="non"/>
                  <SP HEIGHT="34" WIDTH="13" VPOS="330" HPOS="1114"/>
                  <String HEIGHT="34" WIDTH="92" VPOS="330" HPOS="1075" CONTENT="est"/>
                  <SP HEIGHT="34" WIDTH="13" VPOS="330" HPOS="1167"/>
                  <String HEIGHT="34"
                          WIDTH="79"
                          VPOS="330"
                          HPOS="1114"
                          CONTENT="ali"
                          SUBS_TYPE="HypPart1"
                          SUBS_CONTENT="aliquod"/>
                  <HYP CONTENT="-"/>
               </TextLine>
               <TextLine ID="r5l8"
                         BASELINE="413"
                         HEIGHT="48"
                         WIDTH="480"
                         VPOS="365"
                         HPOS="715">
                  <String HEIGHT="48"
                          WIDTH="124"
                          VPOS="365"
                          HPOS="700"
                          CONTENT="quod"
                          SUBS_TYPE="HypPart2"
                          SUBS_CONTENT="aliquod"/>
                  <SP HEIGHT="48" WIDTH="15" VPOS="365" HPOS="823"/>
                  <String HEIGHT="48"
                          WIDTH="124"
                          VPOS="365"
                          HPOS="777"
                          CONTENT="idem"/>
                  <SP HEIGHT="48" WIDTH="15" VPOS="365" HPOS="901"/>
                  <String HEIGHT="48"
                          WIDTH="248"
                          VPOS="365"
                          HPOS="854"
                          CONTENT="demonstratum"/>
                  <SP HEIGHT="48" WIDTH="15" VPOS="365" HPOS="1102"/>
                  <String HEIGHT="48"
                          WIDTH="155"
                          VPOS="365"
                          HPOS="1040"
                          CONTENT="disposi"
                          SUBS_TYPE="HypPart1"
                          SUBS_CONTENT="dispositum"/>
                  <HYP CONTENT="-"/>
               </TextLine>
               <TextLine ID="r5l9"
                         BASELINE="449"
                         HEIGHT="44"
                         WIDTH="498"
                         VPOS="405"
                         HPOS="711">
                  <String HEIGHT="44"
                          WIDTH="112"
                          VPOS="405"
                          HPOS="695"
                          CONTENT="tum"
                          SUBS_TYPE="HypPart2"
                          SUBS_CONTENT="dispositum"/>
                  <SP HEIGHT="44" WIDTH="16" VPOS="405" HPOS="807"/>
                  <String HEIGHT="44" WIDTH="112" VPOS="405" HPOS="759" CONTENT="per"/>
                  <SP HEIGHT="44" WIDTH="16" VPOS="405" HPOS="872"/>
                  <String HEIGHT="44"
                          WIDTH="145"
                          VPOS="405"
                          HPOS="823"
                          CONTENT="motum"/>
                  <SP HEIGHT="44" WIDTH="16" VPOS="405" HPOS="968"/>
                  <String HEIGHT="44" WIDTH="80" VPOS="405" HPOS="920" CONTENT="a"/>
                  <SP HEIGHT="44" WIDTH="16" VPOS="405" HPOS="1000"/>
                  <String HEIGHT="44"
                          WIDTH="209"
                          VPOS="405"
                          HPOS="952"
                          CONTENT="principio"/>
                  <SP HEIGHT="44" WIDTH="16" VPOS="405" HPOS="1161"/>
                  <String HEIGHT="44"
                          WIDTH="112"
                          VPOS="405"
                          HPOS="1097"
                          CONTENT="vsque"/>
               </TextLine>
               <TextLine ID="r5l10"
                         BASELINE="488"
                         HEIGHT="51"
                         WIDTH="497"
                         VPOS="437"
                         HPOS="706">
                  <String HEIGHT="51" WIDTH="83" VPOS="437" HPOS="692" CONTENT="ad"/>
                  <SP HEIGHT="51" WIDTH="14" VPOS="437" HPOS="775"/>
                  <String HEIGHT="51"
                          WIDTH="124"
                          VPOS="437"
                          HPOS="734"
                          CONTENT="finem"/>
                  <SP HEIGHT="51" WIDTH="14" VPOS="437" HPOS="858"/>
                  <String HEIGHT="51"
                          WIDTH="124"
                          VPOS="437"
                          HPOS="816"
                          CONTENT="eius,"/>
                  <SP HEIGHT="51" WIDTH="14" VPOS="437" HPOS="941"/>
                  <String HEIGHT="51" WIDTH="69" VPOS="437" HPOS="899" CONTENT="&amp;"/>
                  <SP HEIGHT="51" WIDTH="14" VPOS="437" HPOS="968"/>
                  <String HEIGHT="51"
                          WIDTH="138"
                          VPOS="437"
                          HPOS="927"
                          CONTENT="dixit:"/>
                  <SP HEIGHT="51" WIDTH="14" VPOS="437" HPOS="1065"/>
                  <String HEIGHT="51"
                          WIDTH="110"
                          VPOS="437"
                          HPOS="1024"
                          CONTENT="ergo"/>
                  <SP HEIGHT="51" WIDTH="14" VPOS="437" HPOS="1134"/>
                  <String HEIGHT="51"
                          WIDTH="124"
                          VPOS="437"
                          HPOS="1079"
                          CONTENT="impossi"/>
               </TextLine>
               <TextLine ID="r5l11"
                         BASELINE="526"
                         HEIGHT="43"
                         WIDTH="492"
                         VPOS="483"
                         HPOS="715">
                  <String HEIGHT="43"
                          WIDTH="109"
                          VPOS="483"
                          HPOS="701"
                          CONTENT="pile"/>
                  <SP HEIGHT="43" WIDTH="14" VPOS="483" HPOS="811"/>
                  <String HEIGHT="43" WIDTH="96" VPOS="483" HPOS="770" CONTENT="est"/>
                  <SP HEIGHT="43" WIDTH="14" VPOS="483" HPOS="865"/>
                  <String HEIGHT="43" WIDTH="82" VPOS="483" HPOS="824" CONTENT="vt"/>
                  <SP HEIGHT="43" WIDTH="14" VPOS="483" HPOS="906"/>
                  <String HEIGHT="43"
                          WIDTH="178"
                          VPOS="483"
                          HPOS="865"
                          CONTENT="generatio"/>
                  <SP HEIGHT="43" WIDTH="14" VPOS="483" HPOS="1043"/>
                  <String HEIGHT="43" WIDTH="96" VPOS="483" HPOS="1002" CONTENT="sit"/>
                  <SP HEIGHT="43" WIDTH="14" VPOS="483" HPOS="1098"/>
                  <String HEIGHT="43"
                          WIDTH="137"
                          VPOS="483"
                          HPOS="1057"
                          CONTENT="motus:"/>
                  <SP HEIGHT="43" WIDTH="14" VPOS="483" HPOS="1193"/>
                  <String HEIGHT="43"
                          WIDTH="68"
                          VPOS="483"
                          HPOS="1139"
                          CONTENT="de"
                          SUBS_TYPE="HypPart1"
                          SUBS_CONTENT="deinde"/>
                  <HYP CONTENT="-"/>
               </TextLine>
               <TextLine ID="r5l12"
                         BASELINE="554"
                         HEIGHT="43"
                         WIDTH="493"
                         VPOS="511"
                         HPOS="708">
                  <String HEIGHT="43"
                          WIDTH="116"
                          VPOS="511"
                          HPOS="694"
                          CONTENT="inde"
                          SUBS_TYPE="HypPart2"
                          SUBS_CONTENT="deinde"/>
                  <SP HEIGHT="43" WIDTH="15" VPOS="511" HPOS="810"/>
                  <String HEIGHT="43" WIDTH="102" VPOS="511" HPOS="766" CONTENT="ded"/>
                  <SP HEIGHT="43" WIDTH="15" VPOS="511" HPOS="868"/>
                  <String HEIGHT="43" WIDTH="87" VPOS="511" HPOS="824" CONTENT="it"/>
                  <SP HEIGHT="43" WIDTH="15" VPOS="511" HPOS="911"/>
                  <String HEIGHT="43"
                          WIDTH="145"
                          VPOS="511"
                          HPOS="868"
                          CONTENT="causam"/>
                  <SP HEIGHT="43" WIDTH="15" VPOS="511" HPOS="1013"/>
                  <String HEIGHT="43" WIDTH="87" VPOS="511" HPOS="969" CONTENT="in"/>
                  <SP HEIGHT="43" WIDTH="15" VPOS="511" HPOS="1056"/>
                  <String HEIGHT="43"
                          WIDTH="116"
                          VPOS="511"
                          HPOS="1013"
                          CONTENT="hoc,"/>
                  <SP HEIGHT="43" WIDTH="15" VPOS="511" HPOS="1129"/>
                  <String HEIGHT="43" WIDTH="73" VPOS="511" HPOS="1085" CONTENT="&amp;"/>
                  <SP HEIGHT="43" WIDTH="15" VPOS="511" HPOS="1158"/>
                  <String HEIGHT="43"
                          WIDTH="102"
                          VPOS="511"
                          HPOS="1100"
                          CONTENT="dixit"/>
               </TextLine>
               <TextLine ID="r5l13"
                         BASELINE="601"
                         HEIGHT="52"
                         WIDTH="498"
                         VPOS="549"
                         HPOS="709">
                  <String HEIGHT="52"
                          WIDTH="140"
                          VPOS="549"
                          HPOS="696"
                          CONTENT="quoniam"/>
                  <SP HEIGHT="52" WIDTH="13" VPOS="549" HPOS="837"/>
                  <String HEIGHT="52" WIDTH="89" VPOS="549" HPOS="798" CONTENT="non"/>
                  <SP HEIGHT="52" WIDTH="13" VPOS="549" HPOS="888"/>
                  <String HEIGHT="52" WIDTH="89" VPOS="549" HPOS="849" CONTENT="ens"/>
                  <SP HEIGHT="52" WIDTH="13" VPOS="549" HPOS="939"/>
                  <String HEIGHT="52" WIDTH="89" VPOS="549" HPOS="901" CONTENT="est"/>
                  <SP HEIGHT="52" WIDTH="13" VPOS="549" HPOS="990"/>
                  <String HEIGHT="52"
                          WIDTH="128"
                          VPOS="549"
                          HPOS="952"
                          CONTENT="illud,"/>
                  <SP HEIGHT="52" WIDTH="13" VPOS="549" HPOS="1079"/>
                  <String HEIGHT="52"
                          WIDTH="102"
                          VPOS="549"
                          HPOS="1041"
                          CONTENT="quod"/>
                  <SP HEIGHT="52" WIDTH="13" VPOS="549" HPOS="1143"/>
                  <String HEIGHT="52"
                          WIDTH="115"
                          VPOS="549"
                          HPOS="1092"
                          CONTENT="genera"
                          SUBS_TYPE="HypPart1"
                          SUBS_CONTENT="generatur."/>
                  <HYP CONTENT="-"/>
               </TextLine>
               <TextLine ID="r5l14"
                         BASELINE="641"
                         HEIGHT="46"
                         WIDTH="491"
                         VPOS="595"
                         HPOS="708">
                  <String HEIGHT="46"
                          WIDTH="101"
                          VPOS="595"
                          HPOS="695"
                          CONTENT="tur."
                          SUBS_TYPE="HypPart2"
                          SUBS_CONTENT="generatur."/>
                  <SP HEIGHT="46" WIDTH="13" VPOS="595" HPOS="796"/>
                  <String HEIGHT="46"
                          WIDTH="113"
                          VPOS="595"
                          HPOS="758"
                          CONTENT="idest"/>
                  <SP HEIGHT="46" WIDTH="13" VPOS="595" HPOS="872"/>
                  <String HEIGHT="46" WIDTH="63" VPOS="595" HPOS="834" CONTENT="&amp;"/>
                  <SP HEIGHT="46" WIDTH="13" VPOS="595" HPOS="897"/>
                  <String HEIGHT="46"
                          WIDTH="113"
                          VPOS="595"
                          HPOS="859"
                          CONTENT="causa"/>
                  <SP HEIGHT="46" WIDTH="13" VPOS="595" HPOS="972"/>
                  <String HEIGHT="46" WIDTH="76" VPOS="595" HPOS="935" CONTENT="in"/>
                  <SP HEIGHT="46" WIDTH="13" VPOS="595" HPOS="1010"/>
                  <String HEIGHT="46"
                          WIDTH="101"
                          VPOS="595"
                          HPOS="972"
                          CONTENT="hoc,"/>
                  <SP HEIGHT="46" WIDTH="13" VPOS="595" HPOS="1073"/>
                  <String HEIGHT="46"
                          WIDTH="101"
                          VPOS="595"
                          HPOS="1035"
                          CONTENT="quod"/>
                  <SP HEIGHT="46" WIDTH="13" VPOS="595" HPOS="1136"/>
                  <String HEIGHT="46"
                          WIDTH="113"
                          VPOS="595"
                          HPOS="1086"
                          CONTENT="genera"
                          SUBS_TYPE="HypPart1"
                          SUBS_CONTENT="generatio"/>
                  <HYP CONTENT="-"/>
               </TextLine>
               <TextLine ID="r5l15"
                         BASELINE="667"
                         HEIGHT="41"
                         WIDTH="501"
                         VPOS="626"
                         HPOS="706">
                  <String HEIGHT="41"
                          WIDTH="95"
                          VPOS="626"
                          HPOS="692"
                          CONTENT="tio"
                          SUBS_TYPE="HypPart2"
                          SUBS_CONTENT="generatio"/>
                  <SP HEIGHT="41" WIDTH="14" VPOS="626" HPOS="787"/>
                  <String HEIGHT="41" WIDTH="81" VPOS="626" HPOS="747" CONTENT="in"/>
                  <SP HEIGHT="41" WIDTH="14" VPOS="626" HPOS="828"/>
                  <String HEIGHT="41"
                          WIDTH="190"
                          VPOS="626"
                          HPOS="787"
                          CONTENT="substantia"/>
                  <SP HEIGHT="41" WIDTH="14" VPOS="626" HPOS="977"/>
                  <String HEIGHT="41" WIDTH="95" VPOS="626" HPOS="936" CONTENT="non"/>
                  <SP HEIGHT="41" WIDTH="14" VPOS="626" HPOS="1031"/>
                  <String HEIGHT="41" WIDTH="95" VPOS="626" HPOS="990" CONTENT="est"/>
                  <SP HEIGHT="41" WIDTH="14" VPOS="626" HPOS="1085"/>
                  <String HEIGHT="41"
                          WIDTH="135"
                          VPOS="626"
                          HPOS="1045"
                          CONTENT="motus,"/>
                  <SP HEIGHT="41" WIDTH="14" VPOS="626" HPOS="1180"/>
                  <String HEIGHT="41"
                          WIDTH="81"
                          VPOS="626"
                          HPOS="1126"
                          CONTENT="est,"/>
               </TextLine>
               <TextLine ID="r5l16"
                         BASELINE="715"
                         HEIGHT="53"
                         WIDTH="496"
                         VPOS="662"
                         HPOS="706">
                  <String HEIGHT="53"
                          WIDTH="140"
                          VPOS="662"
                          HPOS="693"
                          CONTENT="quoniam"/>
                  <SP HEIGHT="53" WIDTH="13" VPOS="662" HPOS="833"/>
                  <String HEIGHT="53"
                          WIDTH="165"
                          VPOS="662"
                          HPOS="795"
                          CONTENT="generatum"/>
                  <SP HEIGHT="53" WIDTH="13" VPOS="662" HPOS="960"/>
                  <String HEIGHT="53" WIDTH="76" VPOS="662" HPOS="922" CONTENT="in"/>
                  <SP HEIGHT="53" WIDTH="13" VPOS="662" HPOS="999"/>
                  <String HEIGHT="53" WIDTH="76" VPOS="662" HPOS="960" CONTENT="ea"/>
                  <SP HEIGHT="53" WIDTH="13" VPOS="662" HPOS="1037"/>
                  <String HEIGHT="53" WIDTH="89" VPOS="662" HPOS="999" CONTENT="est"/>
                  <SP HEIGHT="53" WIDTH="13" VPOS="662" HPOS="1088"/>
                  <String HEIGHT="53" WIDTH="89" VPOS="662" HPOS="1049" CONTENT="non"/>
                  <SP HEIGHT="53" WIDTH="13" VPOS="662" HPOS="1138"/>
                  <String HEIGHT="53" WIDTH="89" VPOS="662" HPOS="1100" CONTENT="ens"/>
                  <SP HEIGHT="53" WIDTH="13" VPOS="662" HPOS="1189"/>
                  <String HEIGHT="53" WIDTH="64" VPOS="662" HPOS="1138" CONTENT="sim"/>
               </TextLine>
               <TextLine ID="r5l17"
                         BASELINE="750"
                         HEIGHT="49"
                         WIDTH="486"
                         VPOS="701"
                         HPOS="715">
                  <String HEIGHT="49"
                          WIDTH="137"
                          VPOS="701"
                          HPOS="704"
                          CONTENT="pliciter,"/>
                  <SP HEIGHT="49" WIDTH="11" VPOS="701" HPOS="842"/>
                  <String HEIGHT="49" WIDTH="53" VPOS="701" HPOS="810" CONTENT="&amp;"/>
                  <SP HEIGHT="49" WIDTH="11" VPOS="701" HPOS="863"/>
                  <String HEIGHT="49" WIDTH="74" VPOS="701" HPOS="831" CONTENT="est"/>
                  <SP HEIGHT="49" WIDTH="11" VPOS="701" HPOS="905"/>
                  <String HEIGHT="49" WIDTH="74" VPOS="701" HPOS="873" CONTENT="ens"/>
                  <SP HEIGHT="49" WIDTH="11" VPOS="701" HPOS="947"/>
                  <String HEIGHT="49" WIDTH="63" VPOS="701" HPOS="916" CONTENT="in"/>
                  <SP HEIGHT="49" WIDTH="11" VPOS="701" HPOS="979"/>
                  <String HEIGHT="49"
                          WIDTH="137"
                          VPOS="701"
                          HPOS="947"
                          CONTENT="potentia,"/>
                  <SP HEIGHT="49" WIDTH="11" VPOS="701" HPOS="1085"/>
                  <String HEIGHT="49"
                          WIDTH="106"
                          VPOS="701"
                          HPOS="1053"
                          CONTENT="quando"/>
                  <SP HEIGHT="49" WIDTH="11" VPOS="701" HPOS="1159"/>
                  <String HEIGHT="49"
                          WIDTH="85"
                          VPOS="701"
                          HPOS="1116"
                          CONTENT="trans"
                          SUBS_TYPE="HypPart1"
                          SUBS_CONTENT="transmutatur,"/>
                  <HYP CONTENT="-"/>
               </TextLine>
               <TextLine ID="r5l18"
                         BASELINE="779"
                         HEIGHT="38"
                         WIDTH="489"
                         VPOS="741"
                         HPOS="708">
                  <String HEIGHT="38"
                          WIDTH="163"
                          VPOS="741"
                          HPOS="694"
                          CONTENT="mutatur,"
                          SUBS_TYPE="HypPart2"
                          SUBS_CONTENT="transmutatur,"/>
                  <SP HEIGHT="38" WIDTH="14" VPOS="741" HPOS="857"/>
                  <String HEIGHT="38" WIDTH="68" VPOS="741" HPOS="817" CONTENT="&amp;"/>
                  <SP HEIGHT="38" WIDTH="14" VPOS="741" HPOS="885"/>
                  <String HEIGHT="38"
                          WIDTH="109"
                          VPOS="741"
                          HPOS="844"
                          CONTENT="exit"/>
                  <SP HEIGHT="38" WIDTH="14" VPOS="741" HPOS="953"/>
                  <String HEIGHT="38" WIDTH="82" VPOS="741" HPOS="912" CONTENT="de"/>
                  <SP HEIGHT="38" WIDTH="14" VPOS="741" HPOS="993"/>
                  <String HEIGHT="38"
                          WIDTH="163"
                          VPOS="741"
                          HPOS="953"
                          CONTENT="potentia"/>
                  <SP HEIGHT="38" WIDTH="14" VPOS="741" HPOS="1116"/>
                  <String HEIGHT="38" WIDTH="82" VPOS="741" HPOS="1075" CONTENT="in"/>
                  <SP HEIGHT="38" WIDTH="14" VPOS="741" HPOS="1156"/>
                  <String HEIGHT="38"
                          WIDTH="95"
                          VPOS="741"
                          HPOS="1102"
                          CONTENT="actum"/>
               </TextLine>
               <TextLine ID="r5l19"
                         BASELINE="826"
                         HEIGHT="53"
                         WIDTH="484"
                         VPOS="773"
                         HPOS="714">
                  <String HEIGHT="53"
                          WIDTH="111"
                          VPOS="773"
                          HPOS="700"
                          CONTENT="quod"/>
                  <SP HEIGHT="53" WIDTH="14" VPOS="773" HPOS="811"/>
                  <String HEIGHT="53" WIDTH="97" VPOS="773" HPOS="769" CONTENT="non"/>
                  <SP HEIGHT="53" WIDTH="14" VPOS="773" HPOS="866"/>
                  <String HEIGHT="53" WIDTH="97" VPOS="773" HPOS="825" CONTENT="est"/>
                  <SP HEIGHT="53" WIDTH="14" VPOS="773" HPOS="921"/>
                  <String HEIGHT="53" WIDTH="97" VPOS="773" HPOS="880" CONTENT="ita"/>
                  <SP HEIGHT="53" WIDTH="14" VPOS="773" HPOS="977"/>
                  <String HEIGHT="53" WIDTH="83" VPOS="773" HPOS="935" CONTENT="in"/>
                  <SP HEIGHT="53" WIDTH="14" VPOS="773" HPOS="1018"/>
                  <String HEIGHT="53"
                          WIDTH="207"
                          VPOS="773"
                          HPOS="977"
                          CONTENT="generatione"/>
                  <SP HEIGHT="53" WIDTH="14" VPOS="773" HPOS="1184"/>
                  <String HEIGHT="53"
                          WIDTH="69"
                          VPOS="773"
                          HPOS="1129"
                          CONTENT="ac"
                          SUBS_TYPE="HypPart1"
                          SUBS_CONTENT="accidentium."/>
                  <HYP CONTENT="-"/>
               </TextLine>
               <TextLine ID="r5l20"
                         BASELINE="850"
                         HEIGHT="37"
                         WIDTH="495"
                         VPOS="813"
                         HPOS="711">
                  <String HEIGHT="37"
                          WIDTH="217"
                          VPOS="813"
                          HPOS="696"
                          CONTENT="cidentium."
                          SUBS_TYPE="HypPart2"
                          SUBS_CONTENT="accidentium."/>
                  <SP HEIGHT="37" WIDTH="15" VPOS="813" HPOS="912"/>
                  <String HEIGHT="37"
                          WIDTH="248"
                          VPOS="813"
                          HPOS="866"
                          CONTENT="transmutatum"/>
                  <SP HEIGHT="37" WIDTH="15" VPOS="813" HPOS="1113"/>
                  <String HEIGHT="37"
                          WIDTH="124"
                          VPOS="813"
                          HPOS="1067"
                          CONTENT="enim"/>
                  <SP HEIGHT="37" WIDTH="15" VPOS="813" HPOS="1191"/>
                  <String HEIGHT="37" WIDTH="93" VPOS="813" HPOS="1144" CONTENT="in"/>
                  <SP HEIGHT="37" WIDTH="15" VPOS="813" HPOS="1237"/>
                  <String HEIGHT="37" WIDTH="31" VPOS="813" HPOS="1175" CONTENT=""/>
               </TextLine>
               <TextLine ID="r5l21"
                         BASELINE="890"
                         HEIGHT="39"
                         WIDTH="494"
                         VPOS="851"
                         HPOS="709">
                  <String HEIGHT="39" WIDTH="76" VPOS="851" HPOS="696" CONTENT="ea"/>
                  <SP HEIGHT="39" WIDTH="13" VPOS="851" HPOS="772"/>
                  <String HEIGHT="39" WIDTH="89" VPOS="851" HPOS="734" CONTENT="est"/>
                  <SP HEIGHT="39" WIDTH="13" VPOS="851" HPOS="823"/>
                  <String HEIGHT="39" WIDTH="76" VPOS="851" HPOS="785" CONTENT="in"/>
                  <SP HEIGHT="39" WIDTH="13" VPOS="851" HPOS="861"/>
                  <String HEIGHT="39"
                          WIDTH="114"
                          VPOS="851"
                          HPOS="823"
                          CONTENT="actu,"/>
                  <SP HEIGHT="39" WIDTH="13" VPOS="851" HPOS="937"/>
                  <String HEIGHT="39"
                          WIDTH="114"
                          VPOS="851"
                          HPOS="899"
                          CONTENT="licet"/>
                  <SP HEIGHT="39" WIDTH="13" VPOS="851" HPOS="1013"/>
                  <String HEIGHT="39"
                          WIDTH="215"
                          VPOS="851"
                          HPOS="975"
                          CONTENT="transimutetur"/>
                  <SP HEIGHT="39" WIDTH="13" VPOS="851" HPOS="1190"/>
                  <String HEIGHT="39"
                          WIDTH="63"
                          VPOS="851"
                          HPOS="1140"
                          CONTENT="se"
                          SUBS_TYPE="HypPart1"
                          SUBS_CONTENT="secundum"/>
                  <HYP CONTENT="-"/>
               </TextLine>
               <TextLine ID="r5l22"
                         BASELINE="937"
                         HEIGHT="48"
                         WIDTH="492"
                         VPOS="889"
                         HPOS="714">
                  <String HEIGHT="48"
                          WIDTH="133"
                          VPOS="889"
                          HPOS="701"
                          CONTENT="cundum"
                          SUBS_TYPE="HypPart2"
                          SUBS_CONTENT="secundum"/>
                  <SP HEIGHT="48" WIDTH="13" VPOS="889" HPOS="834"/>
                  <String HEIGHT="48"
                          WIDTH="106"
                          VPOS="889"
                          HPOS="794"
                          CONTENT="quod"/>
                  <SP HEIGHT="48" WIDTH="13" VPOS="889" HPOS="900"/>
                  <String HEIGHT="48" WIDTH="93" VPOS="889" HPOS="860" CONTENT="est"/>
                  <SP HEIGHT="48" WIDTH="13" VPOS="889" HPOS="953"/>
                  <String HEIGHT="48" WIDTH="80" VPOS="889" HPOS="913" CONTENT="in"/>
                  <SP HEIGHT="48" WIDTH="13" VPOS="889" HPOS="993"/>
                  <String HEIGHT="48"
                          WIDTH="173"
                          VPOS="889"
                          HPOS="953"
                          CONTENT="potentia."/>
                  <SP HEIGHT="48" WIDTH="13" VPOS="889" HPOS="1126"/>
                  <String HEIGHT="48" WIDTH="93" VPOS="889" HPOS="1086" CONTENT="Et,"/>
                  <SP HEIGHT="48" WIDTH="13" VPOS="889" HPOS="1179"/>
                  <String HEIGHT="48"
                          WIDTH="80"
                          VPOS="889"
                          HPOS="1126"
                          CONTENT="quia"/>
               </TextLine>
               <TextLine ID="r5l23"
                         BASELINE="975"
                         HEIGHT="49"
                         WIDTH="498"
                         VPOS="926"
                         HPOS="706">
                  <String HEIGHT="49"
                          WIDTH="131"
                          VPOS="926"
                          HPOS="693"
                          CONTENT="dixit,"/>
                  <SP HEIGHT="49" WIDTH="13" VPOS="926" HPOS="824"/>
                  <String HEIGHT="49"
                          WIDTH="105"
                          VPOS="926"
                          HPOS="785"
                          CONTENT="quod"/>
                  <SP HEIGHT="49" WIDTH="13" VPOS="926" HPOS="889"/>
                  <String HEIGHT="49"
                          WIDTH="210"
                          VPOS="926"
                          HPOS="850"
                          CONTENT="transmutatio"/>
                  <SP HEIGHT="49" WIDTH="13" VPOS="926" HPOS="1060"/>
                  <String HEIGHT="49" WIDTH="79" VPOS="926" HPOS="1021" CONTENT="in"/>
                  <SP HEIGHT="49" WIDTH="13" VPOS="926" HPOS="1099"/>
                  <String HEIGHT="49"
                          WIDTH="157"
                          VPOS="926"
                          HPOS="1047"
                          CONTENT="substantia"/>
               </TextLine>
               <TextLine ID="r5l24"
                         BASELINE="1013"
                         HEIGHT="49"
                         WIDTH="498"
                         VPOS="964"
                         HPOS="705">
                  <String HEIGHT="49" WIDTH="97" VPOS="964" HPOS="691" CONTENT="est"/>
                  <SP HEIGHT="49" WIDTH="14" VPOS="964" HPOS="788"/>
                  <String HEIGHT="49" WIDTH="83" VPOS="964" HPOS="747" CONTENT="de"/>
                  <SP HEIGHT="49" WIDTH="14" VPOS="964" HPOS="829"/>
                  <String HEIGHT="49" WIDTH="97" VPOS="964" HPOS="788" CONTENT="non"/>
                  <SP HEIGHT="49" WIDTH="14" VPOS="964" HPOS="885"/>
                  <String HEIGHT="49"
                          WIDTH="111"
                          VPOS="964"
                          HPOS="843"
                          CONTENT="ente"/>
                  <SP HEIGHT="49" WIDTH="14" VPOS="964" HPOS="954"/>
                  <String HEIGHT="49"
                          WIDTH="221"
                          VPOS="964"
                          HPOS="913"
                          CONTENT="simpliciter,"/>
                  <SP HEIGHT="49" WIDTH="14" VPOS="964" HPOS="1134"/>
                  <String HEIGHT="49" WIDTH="69" VPOS="964" HPOS="1092" CONTENT="&amp;"/>
                  <SP HEIGHT="49" WIDTH="14" VPOS="964" HPOS="1162"/>
                  <String HEIGHT="49"
                          WIDTH="111"
                          VPOS="964"
                          HPOS="1120"
                          CONTENT="quod"/>
                  <SP HEIGHT="49" WIDTH="14" VPOS="964" HPOS="1231"/>
                  <String HEIGHT="49" WIDTH="28" VPOS="964" HPOS="1175" CONTENT=""/>
               </TextLine>
               <TextLine ID="r5l25"
                         BASELINE="1042"
                         HEIGHT="38"
                         WIDTH="491"
                         VPOS="1004"
                         HPOS="706">
                  <String HEIGHT="38" WIDTH="88" VPOS="1004" HPOS="693" CONTENT="est"/>
                  <SP HEIGHT="38" WIDTH="13" VPOS="1004" HPOS="782"/>
                  <String HEIGHT="38"
                          WIDTH="113"
                          VPOS="1004"
                          HPOS="744"
                          CONTENT="causa"/>
                  <SP HEIGHT="38" WIDTH="13" VPOS="1004" HPOS="857"/>
                  <String HEIGHT="38" WIDTH="76" VPOS="1004" HPOS="819" CONTENT="in"/>
                  <SP HEIGHT="38" WIDTH="13" VPOS="1004" HPOS="895"/>
                  <String HEIGHT="38"
                          WIDTH="101"
                          VPOS="1004"
                          HPOS="857"
                          CONTENT="hoc,"/>
                  <SP HEIGHT="38" WIDTH="13" VPOS="1004" HPOS="958"/>
                  <String HEIGHT="38"
                          WIDTH="101"
                          VPOS="1004"
                          HPOS="920"
                          CONTENT="quod"/>
                  <SP HEIGHT="38" WIDTH="13" VPOS="1004" HPOS="1021"/>
                  <String HEIGHT="38"
                          WIDTH="201"
                          VPOS="1004"
                          HPOS="983"
                          CONTENT="transmutatio"/>
                  <SP HEIGHT="38" WIDTH="13" VPOS="1004" HPOS="1184"/>
                  <String HEIGHT="38" WIDTH="76" VPOS="1004" HPOS="1147" CONTENT="in"/>
                  <SP HEIGHT="38" WIDTH="13" VPOS="1004" HPOS="1222"/>
                  <String HEIGHT="38" WIDTH="25" VPOS="1004" HPOS="1172" CONTENT=""/>
               </TextLine>
               <TextLine ID="r5l26"
                         BASELINE="1089"
                         HEIGHT="53"
                         WIDTH="498"
                         VPOS="1036"
                         HPOS="709">
                  <String HEIGHT="53" WIDTH="88" VPOS="1036" HPOS="694" CONTENT="ea"/>
                  <SP HEIGHT="53" WIDTH="15" VPOS="1036" HPOS="782"/>
                  <String HEIGHT="53"
                          WIDTH="103"
                          VPOS="1036"
                          HPOS="738"
                          CONTENT="non"/>
                  <SP HEIGHT="53" WIDTH="15" VPOS="1036" HPOS="841"/>
                  <String HEIGHT="53"
                          WIDTH="103"
                          VPOS="1036"
                          HPOS="797"
                          CONTENT="est"/>
                  <SP HEIGHT="53" WIDTH="15" VPOS="1036" HPOS="899"/>
                  <String HEIGHT="53"
                          WIDTH="146"
                          VPOS="1036"
                          HPOS="855"
                          CONTENT="motus,"/>
                  <SP HEIGHT="53" WIDTH="15" VPOS="1036" HPOS="1002"/>
                  <String HEIGHT="53" WIDTH="73" VPOS="1036" HPOS="958" CONTENT="&amp;"/>
                  <SP HEIGHT="53" WIDTH="15" VPOS="1036" HPOS="1031"/>
                  <String HEIGHT="53"
                          WIDTH="190"
                          VPOS="1036"
                          HPOS="987"
                          CONTENT="generatio"/>
                  <SP HEIGHT="53" WIDTH="15" VPOS="1036" HPOS="1178"/>
                  <String HEIGHT="53"
                          WIDTH="88"
                          VPOS="1036"
                          HPOS="1119"
                          CONTENT="eius"/>
               </TextLine>
               <TextLine ID="r5l27"
                         BASELINE="1122"
                         HEIGHT="46"
                         WIDTH="495"
                         VPOS="1076"
                         HPOS="706">
                  <String HEIGHT="46" WIDTH="99" VPOS="1076" HPOS="692" CONTENT="est"/>
                  <SP HEIGHT="46" WIDTH="14" VPOS="1076" HPOS="791"/>
                  <String HEIGHT="46" WIDTH="71" VPOS="1076" HPOS="748" CONTENT="a"/>
                  <SP HEIGHT="46" WIDTH="14" VPOS="1076" HPOS="819"/>
                  <String HEIGHT="46" WIDTH="99" VPOS="1076" HPOS="777" CONTENT="non"/>
                  <SP HEIGHT="46" WIDTH="14" VPOS="1076" HPOS="876"/>
                  <String HEIGHT="46"
                          WIDTH="113"
                          VPOS="1076"
                          HPOS="833"
                          CONTENT="ente"/>
                  <SP HEIGHT="46" WIDTH="14" VPOS="1076" HPOS="946"/>
                  <String HEIGHT="46" WIDTH="99" VPOS="1076" HPOS="904" CONTENT="per"/>
                  <SP HEIGHT="46" WIDTH="14" VPOS="1076" HPOS="1003"/>
                  <String HEIGHT="46"
                          WIDTH="184"
                          VPOS="1076"
                          HPOS="961"
                          CONTENT="accidens,"/>
                  <SP HEIGHT="46" WIDTH="14" VPOS="1076" HPOS="1144"/>
                  <String HEIGHT="46" WIDTH="71" VPOS="1076" HPOS="1102" CONTENT="&amp;"/>
                  <SP HEIGHT="46" WIDTH="14" VPOS="1076" HPOS="1173"/>
                  <String HEIGHT="46"
                          WIDTH="85"
                          VPOS="1076"
                          HPOS="1116"
                          CONTENT="Gene"/>
               </TextLine>
               <TextLine ID="r5l28"
                         BASELINE="1161"
                         HEIGHT="58"
                         WIDTH="500"
                         VPOS="1103"
                         HPOS="705">
                  <String HEIGHT="58"
                          WIDTH="113"
                          VPOS="1103"
                          HPOS="693"
                          CONTENT="ratio"/>
                  <SP HEIGHT="58" WIDTH="13" VPOS="1103" HPOS="805"/>
                  <String HEIGHT="58"
                          WIDTH="100"
                          VPOS="1103"
                          HPOS="768"
                          CONTENT="eius"/>
                  <SP HEIGHT="58" WIDTH="13" VPOS="1103" HPOS="868"/>
                  <String HEIGHT="58" WIDTH="75" VPOS="1103" HPOS="830" CONTENT="ab"/>
                  <SP HEIGHT="58" WIDTH="13" VPOS="1103" HPOS="905"/>
                  <String HEIGHT="58"
                          WIDTH="100"
                          VPOS="1103"
                          HPOS="868"
                          CONTENT="ente"/>
                  <SP HEIGHT="58" WIDTH="13" VPOS="1103" HPOS="968"/>
                  <String HEIGHT="58" WIDTH="75" VPOS="1103" HPOS="930" CONTENT="in"/>
                  <SP HEIGHT="58" WIDTH="13" VPOS="1103" HPOS="1005"/>
                  <String HEIGHT="58"
                          WIDTH="150"
                          VPOS="1103"
                          HPOS="968"
                          CONTENT="potentia"/>
                  <SP HEIGHT="58" WIDTH="13" VPOS="1103" HPOS="1118"/>
                  <String HEIGHT="58"
                          WIDTH="88"
                          VPOS="1103"
                          HPOS="1080"
                          CONTENT="est"/>
                  <SP HEIGHT="58" WIDTH="13" VPOS="1103" HPOS="1168"/>
                  <String HEIGHT="58"
                          WIDTH="100"
                          VPOS="1103"
                          HPOS="1130"
                          CONTENT="per"/>
                  <SP HEIGHT="58" WIDTH="13" VPOS="1103" HPOS="1230"/>
                  <String HEIGHT="58" WIDTH="25" VPOS="1103" HPOS="1180" CONTENT=""/>
               </TextLine>
               <TextLine ID="r5l29"
                         BASELINE="1201"
                         HEIGHT="53"
                         WIDTH="494"
                         VPOS="1148"
                         HPOS="707">
                  <String HEIGHT="53" WIDTH="86" VPOS="1148" HPOS="695" CONTENT="se,"/>
                  <SP HEIGHT="53" WIDTH="12" VPOS="1148" HPOS="781"/>
                  <String HEIGHT="53"
                          WIDTH="161"
                          VPOS="1148"
                          HPOS="744"
                          CONTENT="incaepit,"/>
                  <SP HEIGHT="53" WIDTH="12" VPOS="1148" HPOS="905"/>
                  <String HEIGHT="53"
                          WIDTH="111"
                          VPOS="1148"
                          HPOS="868"
                          CONTENT="quasi"/>
                  <SP HEIGHT="53" WIDTH="12" VPOS="1148" HPOS="979"/>
                  <String HEIGHT="53"
                          WIDTH="161"
                          VPOS="1148"
                          HPOS="942"
                          CONTENT="excusando"/>
                  <SP HEIGHT="53" WIDTH="12" VPOS="1148" HPOS="1102"/>
                  <String HEIGHT="53" WIDTH="74" VPOS="1148" HPOS="1065" CONTENT="se"/>
                  <SP HEIGHT="53" WIDTH="12" VPOS="1148" HPOS="1139"/>
                  <String HEIGHT="53" WIDTH="74" VPOS="1148" HPOS="1102" CONTENT="in"/>
                  <SP HEIGHT="53" WIDTH="12" VPOS="1148" HPOS="1176"/>
                  <String HEIGHT="53"
                          WIDTH="74"
                          VPOS="1148"
                          HPOS="1127"
                          CONTENT="hoc,"/>
               </TextLine>
               <TextLine ID="r5l30"
                         BASELINE="1234"
                         HEIGHT="38"
                         WIDTH="493"
                         VPOS="1196"
                         HPOS="703">
                  <String HEIGHT="38"
                          WIDTH="99"
                          VPOS="1196"
                          HPOS="691"
                          CONTENT="quod"/>
                  <SP HEIGHT="38" WIDTH="12" VPOS="1196" HPOS="789"/>
                  <String HEIGHT="38"
                          WIDTH="111"
                          VPOS="1196"
                          HPOS="752"
                          CONTENT="dedit"/>
                  <SP HEIGHT="38" WIDTH="12" VPOS="1196" HPOS="863"/>
                  <String HEIGHT="38"
                          WIDTH="123"
                          VPOS="1196"
                          HPOS="826"
                          CONTENT="causam"/>
                  <SP HEIGHT="38" WIDTH="12" VPOS="1196" HPOS="950"/>
                  <String HEIGHT="38"
                          WIDTH="136"
                          VPOS="1196"
                          HPOS="913"
                          CONTENT="illius,"/>
                  <SP HEIGHT="38" WIDTH="12" VPOS="1196" HPOS="1048"/>
                  <String HEIGHT="38"
                          WIDTH="99"
                          VPOS="1196"
                          HPOS="1011"
                          CONTENT="quod"/>
                  <SP HEIGHT="38" WIDTH="12" VPOS="1196" HPOS="1110"/>
                  <String HEIGHT="38"
                          WIDTH="136"
                          VPOS="1196"
                          HPOS="1060"
                          CONTENT="generatio"/>
               </TextLine>
               <TextLine ID="r5l31"
                         BASELINE="1276"
                         HEIGHT="52"
                         WIDTH="495"
                         VPOS="1224"
                         HPOS="710">
                  <String HEIGHT="52"
                          WIDTH="212"
                          VPOS="1224"
                          HPOS="696"
                          CONTENT="simpliciter"/>
                  <SP HEIGHT="52" WIDTH="14" VPOS="1224" HPOS="908"/>
                  <String HEIGHT="52" WIDTH="99" VPOS="1224" HPOS="866" CONTENT="non"/>
                  <SP HEIGHT="52" WIDTH="14" VPOS="1224" HPOS="965"/>
                  <String HEIGHT="52" WIDTH="99" VPOS="1224" HPOS="922" CONTENT="est"/>
                  <SP HEIGHT="52" WIDTH="14" VPOS="1224" HPOS="1021"/>
                  <String HEIGHT="52"
                          WIDTH="141"
                          VPOS="1224"
                          HPOS="979"
                          CONTENT="motus,"/>
                  <SP HEIGHT="52" WIDTH="14" VPOS="1224" HPOS="1120"/>
                  <String HEIGHT="52"
                          WIDTH="113"
                          VPOS="1224"
                          HPOS="1078"
                          CONTENT="quae"/>
                  <SP HEIGHT="52" WIDTH="14" VPOS="1224" HPOS="1191"/>
                  <String HEIGHT="52"
                          WIDTH="71"
                          VPOS="1224"
                          HPOS="1134"
                          CONTENT="est"/>
               </TextLine>
               <TextLine ID="r5l32"
                         BASELINE="1310"
                         HEIGHT="50"
                         WIDTH="488"
                         VPOS="1260"
                         HPOS="711">
                  <String HEIGHT="50"
                          WIDTH="128"
                          VPOS="1260"
                          HPOS="698"
                          CONTENT="causa,"/>
                  <SP HEIGHT="50" WIDTH="13" VPOS="1260" HPOS="827"/>
                  <String HEIGHT="50"
                          WIDTH="154"
                          VPOS="1260"
                          HPOS="788"
                          CONTENT="scilicet"/>
                  <SP HEIGHT="50" WIDTH="13" VPOS="1260" HPOS="942"/>
                  <String HEIGHT="50"
                          WIDTH="103"
                          VPOS="1260"
                          HPOS="904"
                          CONTENT="quia"/>
                  <SP HEIGHT="50" WIDTH="13" VPOS="1260" HPOS="1006"/>
                  <String HEIGHT="50" WIDTH="90" VPOS="1260" HPOS="968" CONTENT="est"/>
                  <SP HEIGHT="50" WIDTH="13" VPOS="1260" HPOS="1058"/>
                  <String HEIGHT="50"
                          WIDTH="116"
                          VPOS="1260"
                          HPOS="1019"
                          CONTENT="quasi"/>
                  <SP HEIGHT="50" WIDTH="13" VPOS="1260" HPOS="1135"/>
                  <String HEIGHT="50"
                          WIDTH="116"
                          VPOS="1260"
                          HPOS="1083"
                          CONTENT="transmu"/>
               </TextLine>
               <TextLine ID="r5l33"
                         BASELINE="1339"
                         HEIGHT="39"
                         WIDTH="493"
                         VPOS="1300"
                         HPOS="709">
                  <String HEIGHT="39"
                          WIDTH="120"
                          VPOS="1300"
                          HPOS="696"
                          CONTENT="tatio"/>
                  <SP HEIGHT="39" WIDTH="13" VPOS="1300" HPOS="816"/>
                  <String HEIGHT="39" WIDTH="80" VPOS="1300" HPOS="776" CONTENT="ex"/>
                  <SP HEIGHT="39" WIDTH="13" VPOS="1300" HPOS="856"/>
                  <String HEIGHT="39" WIDTH="93" VPOS="1300" HPOS="816" CONTENT="non"/>
                  <SP HEIGHT="39" WIDTH="13" VPOS="1300" HPOS="909"/>
                  <String HEIGHT="39"
                          WIDTH="120"
                          VPOS="1300"
                          HPOS="869"
                          CONTENT="esse,"/>
                  <SP HEIGHT="39" WIDTH="13" VPOS="1300" HPOS="989"/>
                  <String HEIGHT="39" WIDTH="67" VPOS="1300" HPOS="949" CONTENT="&amp;"/>
                  <SP HEIGHT="39" WIDTH="13" VPOS="1300" HPOS="1015"/>
                  <String HEIGHT="39" WIDTH="93" VPOS="1300" HPOS="975" CONTENT="est"/>
                  <SP HEIGHT="39" WIDTH="13" VPOS="1300" HPOS="1069"/>
                  <String HEIGHT="39"
                          WIDTH="120"
                          VPOS="1300"
                          HPOS="1029"
                          CONTENT="causa"/>
                  <SP HEIGHT="39" WIDTH="13" VPOS="1300" HPOS="1149"/>
                  <String HEIGHT="39"
                          WIDTH="93"
                          VPOS="1300"
                          HPOS="1109"
                          CONTENT="per"/>
                  <SP HEIGHT="39" WIDTH="13" VPOS="1300" HPOS="1202"/>
                  <String HEIGHT="39" WIDTH="53" VPOS="1300" HPOS="1149" CONTENT="ac"/>
               </TextLine>
               <TextLine ID="r5l34"
                         BASELINE="1386"
                         HEIGHT="52"
                         WIDTH="493"
                         VPOS="1334"
                         HPOS="711">
                  <String HEIGHT="52"
                          WIDTH="136"
                          VPOS="1334"
                          HPOS="699"
                          CONTENT="cidens,"/>
                  <SP HEIGHT="52" WIDTH="12" VPOS="1334" HPOS="834"/>
                  <String HEIGHT="52" WIDTH="62" VPOS="1334" HPOS="797" CONTENT="&amp;"/>
                  <SP HEIGHT="52" WIDTH="12" VPOS="1334" HPOS="859"/>
                  <String HEIGHT="52"
                          WIDTH="123"
                          VPOS="1334"
                          HPOS="822"
                          CONTENT="dixit:"/>
                  <SP HEIGHT="52" WIDTH="12" VPOS="1334" HPOS="945"/>
                  <String HEIGHT="52"
                          WIDTH="148"
                          VPOS="1334"
                          HPOS="908"
                          CONTENT="quoniam,"/>
                  <SP HEIGHT="52" WIDTH="12" VPOS="1334" HPOS="1056"/>
                  <String HEIGHT="52" WIDTH="74" VPOS="1334" HPOS="1019" CONTENT="si"/>
                  <SP HEIGHT="52" WIDTH="12" VPOS="1334" HPOS="1093"/>
                  <String HEIGHT="52"
                          WIDTH="123"
                          VPOS="1334"
                          HPOS="1056"
                          CONTENT="illud,"/>
                  <SP HEIGHT="52" WIDTH="12" VPOS="1334" HPOS="1179"/>
                  <String HEIGHT="52"
                          WIDTH="74"
                          VPOS="1334"
                          HPOS="1130"
                          CONTENT="quid"/>
               </TextLine>
               <TextLine ID="r5l35"
                         BASELINE="1423"
                         HEIGHT="50"
                         WIDTH="497"
                         VPOS="1373"
                         HPOS="704">
                  <String HEIGHT="50" WIDTH="97" VPOS="1373" HPOS="690" CONTENT="est"/>
                  <SP HEIGHT="50" WIDTH="14" VPOS="1373" HPOS="787"/>
                  <String HEIGHT="50" WIDTH="97" VPOS="1373" HPOS="745" CONTENT="per"/>
                  <SP HEIGHT="50" WIDTH="14" VPOS="1373" HPOS="842"/>
                  <String HEIGHT="50"
                          WIDTH="179"
                          VPOS="1373"
                          HPOS="801"
                          CONTENT="accidens,"/>
                  <SP HEIGHT="50" WIDTH="14" VPOS="1373" HPOS="980"/>
                  <String HEIGHT="50" WIDTH="97" VPOS="1373" HPOS="939" CONTENT="&amp;c."/>
                  <SP HEIGHT="50" WIDTH="14" VPOS="1373" HPOS="1035"/>
                  <String HEIGHT="50"
                          WIDTH="124"
                          VPOS="1373"
                          HPOS="994"
                          CONTENT="idest"/>
                  <SP HEIGHT="50" WIDTH="14" VPOS="1373" HPOS="1118"/>
                  <String HEIGHT="50"
                          WIDTH="138"
                          VPOS="1373"
                          HPOS="1063"
                          CONTENT="diximus,"/>
               </TextLine>
               <TextLine ID="r5l36"
                         BASELINE="1459"
                         HEIGHT="40"
                         WIDTH="498"
                         VPOS="1419"
                         HPOS="706">
                  <String HEIGHT="40"
                          WIDTH="105"
                          VPOS="1419"
                          HPOS="693"
                          CONTENT="quod"/>
                  <SP HEIGHT="40" WIDTH="13" VPOS="1419" HPOS="798"/>
                  <String HEIGHT="40"
                          WIDTH="170"
                          VPOS="1419"
                          HPOS="758"
                          CONTENT="generatio"/>
                  <SP HEIGHT="40" WIDTH="13" VPOS="1419" HPOS="929"/>
                  <String HEIGHT="40"
                          WIDTH="197"
                          VPOS="1419"
                          HPOS="889"
                          CONTENT="simpliciter"/>
                  <SP HEIGHT="40" WIDTH="13" VPOS="1419" HPOS="1086"/>
                  <String HEIGHT="40"
                          WIDTH="92"
                          VPOS="1419"
                          HPOS="1047"
                          CONTENT="est"/>
                  <SP HEIGHT="40" WIDTH="13" VPOS="1419" HPOS="1138"/>
                  <String HEIGHT="40" WIDTH="79" VPOS="1419" HPOS="1099" CONTENT="de"/>
                  <SP HEIGHT="40" WIDTH="13" VPOS="1419" HPOS="1178"/>
                  <String HEIGHT="40"
                          WIDTH="92"
                          VPOS="1419"
                          HPOS="1138"
                          CONTENT="non"/>
                  <SP HEIGHT="40" WIDTH="13" VPOS="1419" HPOS="1230"/>
                  <String HEIGHT="40" WIDTH="26" VPOS="1419" HPOS="1178" CONTENT=""/>
               </TextLine>
               <TextLine ID="r5l37"
                         BASELINE="1500"
                         HEIGHT="54"
                         WIDTH="506"
                         VPOS="1446"
                         HPOS="703">
                  <String HEIGHT="54"
                          WIDTH="109"
                          VPOS="1446"
                          HPOS="689"
                          CONTENT="ente"/>
                  <SP HEIGHT="54" WIDTH="14" VPOS="1446" HPOS="799"/>
                  <String HEIGHT="54"
                          WIDTH="219"
                          VPOS="1446"
                          HPOS="758"
                          CONTENT="simpliciter,"/>
                  <SP HEIGHT="54" WIDTH="14" VPOS="1446" HPOS="977"/>
                  <String HEIGHT="54"
                          WIDTH="109"
                          VPOS="1446"
                          HPOS="935"
                          CONTENT="etsi"/>
                  <SP HEIGHT="54" WIDTH="14" VPOS="1446" HPOS="1045"/>
                  <String HEIGHT="54"
                          WIDTH="178"
                          VPOS="1446"
                          HPOS="1004"
                          CONTENT="generatum"/>
                  <SP HEIGHT="54" WIDTH="14" VPOS="1446" HPOS="1182"/>
                  <String HEIGHT="54"
                          WIDTH="96"
                          VPOS="1446"
                          HPOS="1141"
                          CONTENT="per"/>
                  <SP HEIGHT="54" WIDTH="14" VPOS="1446" HPOS="1236"/>
                  <String HEIGHT="54" WIDTH="27" VPOS="1446" HPOS="1182" CONTENT=""/>
               </TextLine>
               <TextLine ID="r5l38"
                         BASELINE="1530"
                         HEIGHT="44"
                         WIDTH="492"
                         VPOS="1486"
                         HPOS="710">
                  <String HEIGHT="44" WIDTH="68" VPOS="1486" HPOS="696" CONTENT="e"/>
                  <SP HEIGHT="44" WIDTH="14" VPOS="1486" HPOS="765"/>
                  <String HEIGHT="44" WIDTH="96" VPOS="1486" HPOS="724" CONTENT="est"/>
                  <SP HEIGHT="44" WIDTH="14" VPOS="1486" HPOS="819"/>
                  <String HEIGHT="44" WIDTH="82" VPOS="1486" HPOS="778" CONTENT="de"/>
                  <SP HEIGHT="44" WIDTH="14" VPOS="1486" HPOS="860"/>
                  <String HEIGHT="44"
                          WIDTH="109"
                          VPOS="1486"
                          HPOS="819"
                          CONTENT="ente"/>
                  <SP HEIGHT="44" WIDTH="14" VPOS="1486" HPOS="929"/>
                  <String HEIGHT="44" WIDTH="82" VPOS="1486" HPOS="888" CONTENT="in"/>
                  <SP HEIGHT="44" WIDTH="14" VPOS="1486" HPOS="970"/>
                  <String HEIGHT="44"
                          WIDTH="178"
                          VPOS="1486"
                          HPOS="929"
                          CONTENT="potentia,"/>
                  <SP HEIGHT="44" WIDTH="14" VPOS="1486" HPOS="1106"/>
                  <String HEIGHT="44" WIDTH="68" VPOS="1486" HPOS="1065" CONTENT="&amp;"/>
                  <SP HEIGHT="44" WIDTH="14" VPOS="1486" HPOS="1134"/>
                  <String HEIGHT="44" WIDTH="82" VPOS="1486" HPOS="1093" CONTENT="de"/>
                  <SP HEIGHT="44" WIDTH="14" VPOS="1486" HPOS="1175"/>
                  <String HEIGHT="44"
                          WIDTH="96"
                          VPOS="1486"
                          HPOS="1134"
                          CONTENT="non"/>
                  <SP HEIGHT="44" WIDTH="14" VPOS="1486" HPOS="1229"/>
                  <String HEIGHT="44" WIDTH="27" VPOS="1486" HPOS="1175" CONTENT=""/>
               </TextLine>
               <TextLine ID="r5l39"
                         BASELINE="1570"
                         HEIGHT="38"
                         WIDTH="494"
                         VPOS="1532"
                         HPOS="708">
                  <String HEIGHT="38"
                          WIDTH="99"
                          VPOS="1532"
                          HPOS="696"
                          CONTENT="ente"/>
                  <SP HEIGHT="38" WIDTH="12" VPOS="1532" HPOS="794"/>
                  <String HEIGHT="38" WIDTH="86" VPOS="1532" HPOS="757" CONTENT="per"/>
                  <SP HEIGHT="38" WIDTH="12" VPOS="1532" HPOS="844"/>
                  <String HEIGHT="38"
                          WIDTH="124"
                          VPOS="1532"
                          HPOS="807"
                          CONTENT="accice"/>
                  <SP HEIGHT="38" WIDTH="12" VPOS="1532" HPOS="930"/>
                  <String HEIGHT="38" WIDTH="86" VPOS="1532" HPOS="893" CONTENT="is,"/>
                  <SP HEIGHT="38" WIDTH="12" VPOS="1532" HPOS="980"/>
                  <String HEIGHT="38"
                          WIDTH="99"
                          VPOS="1532"
                          HPOS="943"
                          CONTENT="quia"/>
                  <SP HEIGHT="38" WIDTH="12" VPOS="1532" HPOS="1041"/>
                  <String HEIGHT="38"
                          WIDTH="124"
                          VPOS="1532"
                          HPOS="1004"
                          CONTENT="dicer:"/>
                  <SP HEIGHT="38" WIDTH="12" VPOS="1532" HPOS="1128"/>
                  <String HEIGHT="38"
                          WIDTH="99"
                          VPOS="1532"
                          HPOS="1091"
                          CONTENT="quod"/>
                  <SP HEIGHT="38" WIDTH="12" VPOS="1532" HPOS="1190"/>
                  <String HEIGHT="38" WIDTH="74" VPOS="1532" HPOS="1153" CONTENT="in"/>
                  <SP HEIGHT="38" WIDTH="12" VPOS="1532" HPOS="1227"/>
                  <String HEIGHT="38" WIDTH="25" VPOS="1532" HPOS="1177" CONTENT=""/>
               </TextLine>
               <TextLine ID="r5l40"
                         BASELINE="1611"
                         HEIGHT="46"
                         WIDTH="497"
                         VPOS="1565"
                         HPOS="708">
                  <String HEIGHT="46"
                          WIDTH="102"
                          VPOS="1565"
                          HPOS="693"
                          CONTENT="non"/>
                  <SP HEIGHT="46" WIDTH="15" VPOS="1565" HPOS="796"/>
                  <String HEIGHT="46"
                          WIDTH="117"
                          VPOS="1565"
                          HPOS="752"
                          CONTENT="ente"/>
                  <SP HEIGHT="46" WIDTH="15" VPOS="1565" HPOS="869"/>
                  <String HEIGHT="46"
                          WIDTH="219"
                          VPOS="1565"
                          HPOS="825"
                          CONTENT="simpliciter"/>
                  <SP HEIGHT="46" WIDTH="15" VPOS="1565" HPOS="1044"/>
                  <String HEIGHT="46"
                          WIDTH="102"
                          VPOS="1565"
                          HPOS="1000"
                          CONTENT="est"/>
                  <SP HEIGHT="46" WIDTH="15" VPOS="1565" HPOS="1103"/>
                  <String HEIGHT="46"
                          WIDTH="161"
                          VPOS="1565"
                          HPOS="1044"
                          CONTENT="generatio"/>
               </TextLine>
               <TextLine ID="r5l41"
                         BASELINE="1641"
                         HEIGHT="42"
                         WIDTH="497"
                         VPOS="1599"
                         HPOS="706">
                  <String HEIGHT="42"
                          WIDTH="191"
                          VPOS="1599"
                          HPOS="693"
                          CONTENT="simpliciter"/>
                  <SP HEIGHT="42" WIDTH="13" VPOS="1599" HPOS="884"/>
                  <String HEIGHT="42" WIDTH="89" VPOS="1599" HPOS="846" CONTENT="est"/>
                  <SP HEIGHT="42" WIDTH="13" VPOS="1599" HPOS="935"/>
                  <String HEIGHT="42"
                          WIDTH="127"
                          VPOS="1599"
                          HPOS="897"
                          CONTENT="verum,"/>
                  <SP HEIGHT="42" WIDTH="13" VPOS="1599" HPOS="1025"/>
                  <String HEIGHT="42"
                          WIDTH="115"
                          VPOS="1599"
                          HPOS="986"
                          CONTENT="licet"/>
                  <SP HEIGHT="42" WIDTH="13" VPOS="1599" HPOS="1101"/>
                  <String HEIGHT="42"
                          WIDTH="89"
                          VPOS="1599"
                          HPOS="1063"
                          CONTENT="sit"/>
                  <SP HEIGHT="42" WIDTH="13" VPOS="1599" HPOS="1152"/>
                  <String HEIGHT="42"
                          WIDTH="89"
                          VPOS="1599"
                          HPOS="1114"
                          CONTENT="per"/>
                  <SP HEIGHT="42" WIDTH="13" VPOS="1599" HPOS="1203"/>
                  <String HEIGHT="42" WIDTH="51" VPOS="1599" HPOS="1152" CONTENT="ac"/>
               </TextLine>
               <TextLine ID="r5l42"
                         BASELINE="1688"
                         HEIGHT="44"
                         WIDTH="491"
                         VPOS="1644"
                         HPOS="710">
                  <String HEIGHT="44"
                          WIDTH="146"
                          VPOS="1644"
                          HPOS="697"
                          CONTENT="cidens."/>
                  <SP HEIGHT="44" WIDTH="13" VPOS="1644" HPOS="843"/>
                  <String HEIGHT="44" WIDTH="66" VPOS="1644" HPOS="803" CONTENT="&amp;"/>
                  <SP HEIGHT="44" WIDTH="13" VPOS="1644" HPOS="869"/>
                  <String HEIGHT="44"
                          WIDTH="119"
                          VPOS="1644"
                          HPOS="829"
                          CONTENT="quasi"/>
                  <SP HEIGHT="44" WIDTH="13" VPOS="1644" HPOS="949"/>
                  <String HEIGHT="44"
                          WIDTH="133"
                          VPOS="1644"
                          HPOS="909"
                          CONTENT="dicit:"/>
                  <SP HEIGHT="44" WIDTH="13" VPOS="1644" HPOS="1042"/>
                  <String HEIGHT="44" WIDTH="66" VPOS="1644" HPOS="1002" CONTENT="&amp;"/>
                  <SP HEIGHT="44" WIDTH="13" VPOS="1644" HPOS="1068"/>
                  <String HEIGHT="44"
                          WIDTH="146"
                          VPOS="1644"
                          HPOS="1028"
                          CONTENT="diximus"/>
                  <SP HEIGHT="44" WIDTH="13" VPOS="1644" HPOS="1174"/>
                  <String HEIGHT="44"
                          WIDTH="80"
                          VPOS="1644"
                          HPOS="1121"
                          CONTENT="quod"/>
               </TextLine>
               <TextLine ID="r5l43"
                         BASELINE="1727"
                         HEIGHT="51"
                         WIDTH="496"
                         VPOS="1676"
                         HPOS="708">
                  <String HEIGHT="51"
                          WIDTH="117"
                          VPOS="1676"
                          HPOS="695"
                          CONTENT="causa"/>
                  <SP HEIGHT="51" WIDTH="13" VPOS="1676" HPOS="812"/>
                  <String HEIGHT="51" WIDTH="78" VPOS="1676" HPOS="773" CONTENT="in"/>
                  <SP HEIGHT="51" WIDTH="13" VPOS="1676" HPOS="852"/>
                  <String HEIGHT="51"
                          WIDTH="104"
                          VPOS="1676"
                          HPOS="812"
                          CONTENT="hoc,"/>
                  <SP HEIGHT="51" WIDTH="13" VPOS="1676" HPOS="917"/>
                  <String HEIGHT="51"
                          WIDTH="104"
                          VPOS="1676"
                          HPOS="878"
                          CONTENT="quod"/>
                  <SP HEIGHT="51" WIDTH="13" VPOS="1676" HPOS="982"/>
                  <String HEIGHT="51" WIDTH="78" VPOS="1676" HPOS="943" CONTENT="in"/>
                  <SP HEIGHT="51" WIDTH="13" VPOS="1676" HPOS="1021"/>
                  <String HEIGHT="51"
                          WIDTH="196"
                          VPOS="1676"
                          HPOS="982"
                          CONTENT="generatione"/>
                  <SP HEIGHT="51" WIDTH="13" VPOS="1676" HPOS="1178"/>
                  <String HEIGHT="51"
                          WIDTH="91"
                          VPOS="1676"
                          HPOS="1139"
                          CONTENT="non"/>
                  <SP HEIGHT="51" WIDTH="13" VPOS="1676" HPOS="1230"/>
                  <String HEIGHT="51" WIDTH="26" VPOS="1676" HPOS="1178" CONTENT=""/>
               </TextLine>
               <TextLine ID="r5l44"
                         BASELINE="1761"
                         HEIGHT="45"
                         WIDTH="494"
                         VPOS="1716"
                         HPOS="712">
                  <String HEIGHT="45" WIDTH="93" VPOS="1716" HPOS="699" CONTENT="est"/>
                  <SP HEIGHT="45" WIDTH="13" VPOS="1716" HPOS="792"/>
                  <String HEIGHT="45"
                          WIDTH="134"
                          VPOS="1716"
                          HPOS="752"
                          CONTENT="motus,"/>
                  <SP HEIGHT="45" WIDTH="13" VPOS="1716" HPOS="886"/>
                  <String HEIGHT="45"
                          WIDTH="107"
                          VPOS="1716"
                          HPOS="846"
                          CONTENT="quia"/>
                  <SP HEIGHT="45" WIDTH="13" VPOS="1716" HPOS="952"/>
                  <String HEIGHT="45" WIDTH="93" VPOS="1716" HPOS="912" CONTENT="est"/>
                  <SP HEIGHT="45" WIDTH="13" VPOS="1716" HPOS="1006"/>
                  <String HEIGHT="45" WIDTH="80" VPOS="1716" HPOS="966" CONTENT="de"/>
                  <SP HEIGHT="45" WIDTH="13" VPOS="1716" HPOS="1046"/>
                  <String HEIGHT="45"
                          WIDTH="93"
                          VPOS="1716"
                          HPOS="1006"
                          CONTENT="non"/>
                  <SP HEIGHT="45" WIDTH="13" VPOS="1716" HPOS="1099"/>
                  <String HEIGHT="45"
                          WIDTH="120"
                          VPOS="1716"
                          HPOS="1059"
                          CONTENT="ente,"/>
                  <SP HEIGHT="45" WIDTH="13" VPOS="1716" HPOS="1179"/>
                  <String HEIGHT="45" WIDTH="67" VPOS="1716" HPOS="1139" CONTENT="&amp;"/>
                  <SP HEIGHT="45" WIDTH="13" VPOS="1716" HPOS="1206"/>
                  <String HEIGHT="45" WIDTH="53" VPOS="1716" HPOS="1153" CONTENT="ip"/>
               </TextLine>
               <TextLine ID="r5l45"
                         BASELINE="1793"
                         HEIGHT="43"
                         WIDTH="497"
                         VPOS="1750"
                         HPOS="710">
                  <String HEIGHT="43" WIDTH="92" VPOS="1750" HPOS="697" CONTENT="sum"/>
                  <SP HEIGHT="43" WIDTH="13" VPOS="1750" HPOS="788"/>
                  <String HEIGHT="43"
                          WIDTH="105"
                          VPOS="1750"
                          HPOS="749"
                          CONTENT="esse"/>
                  <SP HEIGHT="43" WIDTH="13" VPOS="1750" HPOS="854"/>
                  <String HEIGHT="43" WIDTH="78" VPOS="1750" HPOS="815" CONTENT="de"/>
                  <SP HEIGHT="43" WIDTH="13" VPOS="1750" HPOS="893"/>
                  <String HEIGHT="43" WIDTH="92" VPOS="1750" HPOS="854" CONTENT="non"/>
                  <SP HEIGHT="43" WIDTH="13" VPOS="1750" HPOS="945"/>
                  <String HEIGHT="43"
                          WIDTH="105"
                          VPOS="1750"
                          HPOS="906"
                          CONTENT="ente"/>
                  <SP HEIGHT="43" WIDTH="13" VPOS="1750" HPOS="1011"/>
                  <String HEIGHT="43" WIDTH="92" VPOS="1750" HPOS="972" CONTENT="est"/>
                  <SP HEIGHT="43" WIDTH="13" VPOS="1750" HPOS="1063"/>
                  <String HEIGHT="43"
                          WIDTH="92"
                          VPOS="1750"
                          HPOS="1024"
                          CONTENT="per"/>
                  <SP HEIGHT="43" WIDTH="13" VPOS="1750" HPOS="1115"/>
                  <String HEIGHT="43"
                          WIDTH="144"
                          VPOS="1750"
                          HPOS="1063"
                          CONTENT="accidens,"/>
               </TextLine>
               <TextLine ID="r5l46"
                         BASELINE="1834"
                         HEIGHT="46"
                         WIDTH="500"
                         VPOS="1788"
                         HPOS="711">
                  <String HEIGHT="46" WIDTH="71" VPOS="1788" HPOS="697" CONTENT="&amp;"/>
                  <SP HEIGHT="46" WIDTH="14" VPOS="1788" HPOS="768"/>
                  <String HEIGHT="46"
                          WIDTH="100"
                          VPOS="1788"
                          HPOS="725"
                          CONTENT="non"/>
                  <SP HEIGHT="46" WIDTH="14" VPOS="1788" HPOS="825"/>
                  <String HEIGHT="46"
                          WIDTH="257"
                          VPOS="1788"
                          HPOS="782"
                          CONTENT="essentialiter."/>
                  <SP HEIGHT="46" WIDTH="14" VPOS="1788" HPOS="1040"/>
                  <String HEIGHT="46" WIDTH="71" VPOS="1788" HPOS="997" CONTENT="&amp;"/>
                  <SP HEIGHT="46" WIDTH="14" VPOS="1788" HPOS="1068"/>
                  <String HEIGHT="46"
                          WIDTH="129"
                          VPOS="1788"
                          HPOS="1025"
                          CONTENT="causa"/>
                  <SP HEIGHT="46" WIDTH="14" VPOS="1788" HPOS="1154"/>
                  <String HEIGHT="46"
                          WIDTH="114"
                          VPOS="1788"
                          HPOS="1097"
                          CONTENT="essen"/>
               </TextLine>
            </TextBlock>
         </PrintSpace>
      </Page>
   </Layout>
</alto>
