1420 2070
157 836 96 54 Cum
212 836 191 54 declarauit
362 836 109 54 quod
431 836 109 54 omne
486 836 191 54 transmutatum

170 878 237 47 transmutabatur,
369 878 137 47 anteque
457 878 212 47 transmutaretur,

167 925 133 43 quoniam
264 925 97 43 omne
324 925 194 43 transmutatum
482 925 85 43 est
531 925 73 43 in
555 925 121 43 tempore,

169 957 71 37 &
197 957 113 37 omne
268 957 142 37 tempus
367 957 99 37 est
424 957 198 37 didisibile
580 957 85 37 in
622 957 85 37 in

165 993 171 41 finitum,
293 993 199 41 declarauit
449 993 100 41 hoc
506 993 114 41 idem
577 993 100 41 per
620 993 57 41 ma

164 1029 215 50 gnitudinem,
336 1029 72 50 &
364 1029 143 50 dixit:
465 1029 86 50 Et
508 1029 129 50 etiam
580 1029 100 50 decla

172 1066 130 41 ratum
258 1066 101 41 est
316 1066 115 41 hoc,
388 1066 101 41 &c.
445 1066 86 41 i.
489 1066 72 41 &
503 1066 173 41 declaratum

175 1109 91 45 est
227 1109 131 45 illud,
319 1109 104 45 quod
384 1109 209 45 declarauimus
554 1109 91 45 per
593 1109 78 45 tenm

164 1142 124 51 pus,
242 1142 109 51 per
304 1142 264 51 magnitudinem:
522 1142 78 51 &
553 1142 109 51 hoc
599 1142 78 51 est

172 1181 83 49 in
214 1181 209 49 transmutato
381 1181 83 49 in
423 1181 125 49 loco,
506 1181 70 49 &
534 1181 83 49 in
562 1181 111 49 quanti

173 1219 117 40 tate.
251 1219 65 40 &
277 1219 104 40 ista
343 1219 183 40 declaratio
486 1219 91 40 est
525 1219 144 40 manifesti

177 1256 91 52 or,
229 1256 143 52 quoniam
333 1256 169 52 magnitudo
462 1256 91 52 est
501 1256 169 52 manifestior

170 1296 74 42 in
207 1296 98 42 hoc,
268 1296 98 42 quod
330 1296 197 42 transmutatio
490 1296 86 42 sit
539 1296 123 42 talis:
613 1296 62 42 sed

178 1334 85 40 non
226 1334 85 40 est
275 1334 85 40 ita
323 1334 72 40 in
359 1334 145 40 tempore.
468 1334 72 40 Et
504 1334 109 40 Alex.
576 1334 72 40 d.
601 1334 72 40 quod

171 1367 90 52 non
222 1367 166 52 intendit,
350 1367 102 52 quod
414 1367 192 52 declaratio,
568 1367 102 52 quae
619 1367 64 52 est

177 1405 81 54 ex
218 1405 217 54 magnitudine,
394 1405 95 54 est
449 1405 203 54 manifestior
598 1405 81 54 quai

171 1444 113 54 illa,
247 1444 101 54 quae
310 1444 88 54 est
360 1444 76 54 ex
398 1444 151 54 tempore,
511 1444 88 54 cum
549 1444 126 54 vtrumque

173 1483 92 42 sit
225 1483 184 42 continuum,
370 1483 92 42 sed
422 1483 184 42 intendebat
566 1483 105 42 quod
619 1483 52 42 de

170 1523 185 48 claratio,
312 1523 114 48 quae
384 1523 100 48 est
441 1523 86 48 in
484 1523 157 48 motibus
583 1523 86 48 quan

175 1560 132 42 titatis,
274 1560 77 42 est
318 1560 176 42 manifestior,
461 1560 88 42 quae
516 1560 88 42 quae
571 1560 77 42 est
615 1560 66 42 in
637 1560 44 42 mo

174 1598 121 49 tibus
254 1598 201 49 qualitatis.
415 1598 67 49 &
442 1598 121 49 verba
522 1598 121 49 Alex.
589 1598 94 49 suiit

177 1633 114 54 ista.
253 1633 63 54 &
278 1633 114 54 etiam
354 1633 101 54 hoc,
417 1633 101 54 quod
480 1633 139 54 diximus
568 1633 114 54 declara

177 1673 126 49 bitur
261 1673 126 49 magis
345 1673 84 49 in
387 1673 154 49 spatio.
499 1673 98 49 nam
541 1673 140 49 spatium,

180 1708 88 47 in
224 1708 102 47 quo
283 1708 234 47 transnutatum
458 1708 219 47 transmutatur,

173 1749 97 51 est
229 1749 194 51 continuum.
381 1749 111 51 D.d.
451 1749 222 51 Transmutetur
617 1749 56 51 ig

180 1785 80 56 tur
225 1785 137 56 aliquid,
328 1785 80 56 &c.
374 1785 69 56 i.
408 1785 126 56 ponatur
500 1785 114 56 igitur
568 1785 103 56 aliquid

174 1823 193 59 transmutari
329 1823 90 59 per
380 1823 129 59 aliqui
471 1823 206 59 magnitudiuem
625 1823 52 59 de

696 836 54 54 c
718 836 65 54 ad
750 836 87 54 per,
805 836 130 54 sequitur
902 836 108 54 igitur
978 836 76 54 vt,
1022 836 65 54 si
1054 836 98 54 inter
1108 836 98 54 punctum

692 885 74 36 c,
729 885 61 36 &
753 885 86 36 pro
802 885 86 36 non
851 885 123 36 fuerit
937 885 110 36 linea
1011 885 196 36 diuisibilis,
1158 885 49 36 vt

690 917 213 45 indiuisibile
863 917 133 45 tanuat
956 917 226 45 indiuisibile:
1129 917 80 45 quid

689 947 86 62 est
738 947 197 62 impossibile.
898 947 99 62 D.d.
960 947 136 62 necesse
1059 947 86 62 est
1108 947 99 62 ergo
1158 947 49 62 vt

697 992 114 42 inter
773 992 101 42 illa
837 992 89 42 sit
887 992 177 42 magnitudo.
1027 992 76 42 i.
1065 992 76 42 &,
1103 992 89 42 cum
1141 992 63 42 sit

695 1024 180 58 impossibile
839 1024 192 58 indiuisibile
995 1024 108 58 sequi
1055 1024 144 58 indiuisibi

697 1068 92 41 le,
749 1068 144 41 necesse
854 1068 92 41 est
907 1068 79 41 vt
946 1068 118 41 inter
1025 1068 144 41 vltimum
1116 1068 92 41 indi-

691 1112 190 41 uisibile,
838 1112 88 41 ex
881 1112 102 41 quo
940 1112 132 41 motum
1028 1112 175 41 mouetur,
1159 1112 73 41 &

694 1143 247 55 indiuisibile,
898 1143 87 55 ad
941 1143 116 55 quod
1014 1143 174 55 mouetur,
1130 1143 73 55 sit

694 1183 185 44 magnitudo
836 1183 213 44 diuisibilis
1006 1183 85 44 in
1035 1183 170 44 infinitum.

696 1220 78 53 &,
735 1220 91 53 cum
787 1220 130 53 posuit
878 1220 104 53 hoc,
943 1220 130 53 dixit:
1035 1220 104 53 ergo
1087 1220 117 53 transmu

695 1261 149 38 tabatur,
806 1261 87 38 &c.
856 1261 74 38 i.
893 1261 74 38 &,
930 1261 87 38 cum
980 1261 112 38 inter
1054 1261 74 38 c,
1091 1261 62 38 &
1116 1261 74 38 po
1141 1261 62 38 sit

695 1298 159 51 magnitudo
817 1298 122 51 semper
902 1298 195 51 diuisibilis,
1061 1298 61 51 &
1085 1298 73 51 in
1110 1298 85 51 quasi

697 1336 99 40 bet
753 1336 212 40 magnitudine
923 1336 127 40 earum
993 1336 226 40 transmutatur:.

695 1375 206 37 transmutatum,
864 1375 133 37 necesse
961 1375 85 37 est
1010 1375 97 37 quod
1058 1375 133 37 transmuta

692 1408 104 53 batur
762 1408 139 53 antequae
866 1408 174 53 trasmutetur
1005 1408 70 53 de
1040 1408 81 53 cin
1087 1408 70 53 p.
1121 1408 70 53 Et
1145 1408 46 53 si

688 1447 140 54 militer
790 1447 153 54 sequitur
905 1447 77 54 in
944 1447 102 54 omni
1007 1447 128 54 vltimo
1084 1447 115 54 vstimo-

700 1490 73 47 tum,
746 1490 91 47 quibus
809 1490 100 47 diuidit
883 1490 110 47 scilicet
965 1490 73 47 quod
1010 1490 100 47 necesse
1083 1490 64 47 est
1120 1490 73 47 quod
1156 1490 37 47 ip

691 1525 92 50 sum
743 1525 250 50 transmutabatur,
954 1525 144 50 anteque
1046 1525 144 50 transmuta

704 1564 70 50 tum
744 1564 70 50 sit
784 1564 60 50 in
815 1564 81 50 ipso
865 1564 121 50 scilicet
956 1564 111 50 anteque
1036 1564 151 50 pertrafscat
1147 1564 50 50 il-

694 1598 88 44 lam
745 1598 214 44 magnitudinem.
921 1598 101 44 vnde
983 1598 151 44 necensse
1096 1598 101 44 est,
1147 1598 50 44 vt

701 1636 111 54 dixit,
779 1636 89 54 quod
835 1636 111 54 illud,
913 1636 89 54 quod
968 1636 78 54 iam
1013 1636 167 54 trasmutatum
1135 1636 56 54 est

698 1673 119 51 prius
777 1673 238 51 transmutabatur
976 1673 119 51 Quam,
1055 1673 79 51 si
1095 1673 93 51 hoc
1135 1673 66 51 non

698 1712 129 43 esset.
789 1712 65 43 a
814 1712 103 43 tunc
879 1712 194 43 inueniretur
1034 1712 116 43 finis
1099 1712 90 43 trans

697 1752 206 38 mutationis
859 1752 118 38 sine
932 1752 279 38 transmutatione:
1153 1752 44 38 &

694 1787 86 44 sic
743 1787 185 44 inueniretur
891 1787 111 44 finis
965 1787 99 44 sine
1026 1787 86 44 eo,
1076 1787 111 44 cuius
1137 1787 62 44 est

698 1824 130 42 finis
784 1824 115 42 quod
856 1824 101 42 est
914 1824 231 42 impossibile.
1087 1824 115 42 bnihil
