1416 2066
161 180 146 54 aliquid,
270 180 61 54 &
294 180 85 54 non
343 180 182 54 priuationem
489 180 170 54 simpereir,
622 180 85 54 sed

176 222 127 44 inane,
265 222 64 44 &
291 222 140 44 vacuum,
392 222 165 44 contingit
520 222 76 44 vt
558 222 89 44 sit
596 222 89 44 dimen

174 261 113 54 sio.
244 261 113 54 ergo
315 261 226 54 significatum
499 261 127 54 huius
569 261 99 54 nomi-

180 300 73 53 nis
221 300 114 53 vacuum,
304 300 124 53 secundum
397 300 83 53 quod
449 300 83 53 ipsi
501 300 166 53 intelligunt,
625 300 52 53 est

172 338 184 42 dimensio,
314 338 85 42 in
356 338 99 42 qua
413 338 99 42 non
469 338 99 42 est
526 338 142 42 corpus
611 338 71 42 sen

176 380 138 38 sibile.
277 380 63 38 &
302 380 150 38 intendit
415 380 88 38 per
465 380 188 38 dimensionem
603 380 75 38 tres

174 415 231 46 dimensiones.
361 415 116 46 D.d.
434 415 72 46 &
462 415 116 46 ideo
520 415 159 46 videbant,

173 459 91 39 &c.
225 459 78 39 i.
264 459 78 39 &,
303 459 104 39 quia
368 459 195 39 opinabantur
524 459 104 39 quod
576 459 104 39 vacuum

177 494 85 52 est
226 494 122 52 illud,
311 494 73 52 in
348 494 85 52 quo
396 494 85 52 non
445 494 85 52 est
494 494 134 52 aliquid
579 494 98 52 senfi-

182 533 114 37 bile,
259 533 64 37 &
284 533 89 37 aer
335 533 89 37 est
386 533 216 37 insensibilis,
551 533 127 37 credide-

183 573 92 52 runt
240 573 92 52 quod
298 573 104 52 illa,
367 573 92 52 quae
424 573 92 52 sunt
482 573 104 52 plena
551 573 104 52 aere,
608 573 69 52 sunt

186 613 135 50 vacua.
280 613 108 50 D.d.
347 613 94 50 Non
401 613 135 50 igitur
496 613 162 50 opoitet,
604 613 67 50 &c.

179 650 67 40 i.
212 650 67 40 &,
246 650 78 40 cum
291 650 78 40 sit
335 650 157 40 declaratum
458 650 134 40 secundum
548 650 134 40 opinionem,

175 693 134 49 eorum,
268 693 107 49 quod
335 693 214 49 significatum
509 693 121 49 huius
576 693 94 49 nomi-

180 726 92 44 nis
232 726 131 44 vacuum
324 726 105 44 apud
390 726 92 44 eos
443 726 92 44 est
495 726 171 44 dimensio,
626 726 79 44 in

175 765 102 46 qua
234 765 102 46 non
292 765 102 46 est
351 765 146 46 corpus
453 765 205 46 sensibile,
600 765 73 46 non

178 811 156 40 oportet
291 811 170 40 volentes
419 811 227 40 contradicere
590 811 85 40 huic

180 845 162 50 opinioni
301 845 108 50 vera
369 845 243 50 contradictione
558 845 122 50 declara

180 885 70 51 re
215 885 93 51 quod
273 885 81 51 aer
320 885 81 51 est
367 885 128 51 aliquid
460 885 128 51 corpus,
553 885 81 51 sed
588 885 81 51 decla

178 925 110 48 rare
247 925 110 48 quod
316 925 97 48 non
371 925 110 48 sunt
440 925 97 48 hic
482 925 179 48 dimensiones

171 961 105 41 ter
231 961 224 41 dimensiones
410 961 179 41 corporum
530 961 134 41 existen

183 1004 86 51 tium
237 1004 65 51 in
269 1004 86 51 eis,
323 1004 97 51 neque
388 1004 151 51 separatae,
507 1004 129 51 secundum
593 1004 86 51 opinio

176 1041 87 43 nem
225 1041 161 43 dicentium
349 1041 99 43 quod
410 1041 124 43 vacuum
497 1041 161 43 inuenitur
608 1041 62 43 ex-

180 1084 87 49 tra
229 1084 112 49 omnia
304 1084 150 49 corpora,
417 1084 62 49 &
442 1084 87 49 per
492 1084 87 49 se:
542 1084 112 49 neque
604 1084 75 49 exi-

179 1120 141 53 stentes
282 1120 115 53 omnes
359 1120 77 53 in
397 1120 103 53 actu
461 1120 77 53 in
500 1120 192 53 corporibus,
641 1120 38 53 &

177 1159 77 43 si
216 1159 90 43 non
267 1159 180 43 separentur
409 1159 64 43 a
434 1159 193 43 corporibus:
589 1159 90 43 sed
628 1159 51 43 in

176 1205 119 45 nuitur
259 1205 59 45 a
283 1205 166 45 corporibus
413 1205 95 45 ita,
472 1205 95 45 quod
532 1205 119 45 nullum
603 1205 71 45 cor-

183 1236 87 47 pus
232 1236 87 47 sit
282 1236 161 47 continuum
406 1236 74 47 in
443 1236 87 47 rei
492 1236 161 47 veritate,
604 1236 74 47 nisi

180 1280 142 47 secundum
287 1280 130 47 sensum:
381 1280 83 47 sed
429 1280 71 47 in
464 1280 130 47 omnibus
547 1280 118 47 corporib

175 1317 118 49 sunt
249 1317 177 49 foramina
382 1317 133 49 plena
471 1317 148 49 vacuo,
574 1317 89 49 vt
604 1317 74 49 De-

157 1357 204 45 mociitus,
314 1357 78 45 &
346 1357 204 45 Leucippus
487 1357 188 45 intendunt,

176 1394 72 55 &
204 1394 130 55 multi
291 1394 116 55 alii
364 1394 203 55 loquentium
523 1394 87 55 de
552 1394 116 55 Natura

177 1431 114 43 D.d.
248 1431 128 43 neque
334 1431 100 43 est
391 1431 143 43 anquid
491 1431 128 43 extra
562 1431 114 43 corpus

180 1477 119 38 totale,
266 1477 75 38 &c.
310 1477 65 38 i.
342 1477 54 38 &
363 1477 129 38 secundum
460 1477 75 38 hoc
504 1477 151 38 destruetur
611 1477 65 38 etia

171 1512 146 42 opinio
273 1512 189 42 dicentium
419 1512 116 42 quod
492 1512 131 42 extra
565 1512 116 42 mundum

182 1551 93 49 est
235 1551 133 49 vacuum
328 1551 187 49 infinitum,
475 1551 67 49 &
502 1551 107 49 quod
568 1551 80 49 in
595 1551 80 49 cor-

169 1594 117 47 pore
242 1594 146 47 totius
344 1594 102 47 non
403 1594 102 47 est
461 1594 146 47 vacuum
563 1594 73 47 &
578 1594 102 47 inten

177 1629 118 53 debat
256 1629 171 53 declarare
387 1629 118 53 quod,
466 1629 92 53 cum
505 1629 171 53 destruxerit

171 1669 241 50 significatum
367 1669 136 50 huius
457 1669 166 50 nominis
563 1669 120 50 vacuum

172 1709 218 45 destruentur
346 1709 131 45 omnes
433 1709 189 45 opiniones
563 1709 116 45 dictae

180 1749 86 50 de
223 1749 144 50 vacuo.
323 1749 101 50 qui
381 1749 129 50 autem
467 1749 115 50 vult
525 1749 158 50 destruere

174 1786 136 48 vacuum
269 1786 95 48 per
324 1786 108 48 hoc,
391 1786 108 48 quod
459 1786 95 48 aer
513 1786 95 48 est
554 1786 122 48 corpus,

167 1825 109 50 non
230 1825 188 50 destruit
371 1825 125 50 nisi
449 1825 125 50 vnam
511 1825 172 50 opinionem

173 1866 244 47 particularem
371 1866 92 47 de
402 1866 122 47 vacuo.

733 179 81 56 Hi
774 179 135 56 igitur
869 179 95 56 non
923 179 162 56 secundum
1044 179 135 56 portas
1139 179 81 56 ad
1166 179 54 56 iI

699 232 185 48 problema
837 232 215 48 occurrunt,
1006 232 108 48 sed
1052 232 154 48 affirmam

695 269 105 45 tes
755 269 120 45 esse
830 269 150 45 magis.
935 269 150 45 dicunt
1040 269 135 45 autem
1115 269 90 45 vnum

693 313 146 44 quidem,
799 313 106 44 quod
865 313 119 44 motus
944 313 159 44 secundum
1063 313 119 44 locum
1143 313 93 44 non

706 364 135 43 vtique
800 364 122 43 erit.
881 364 95 43 hic
935 364 122 43 autem
1016 364 95 43 est
1070 364 135 43 latio,
1151 364 54 43 et

688 396 259 46 augmentatio.
898 396 113 46 non
963 396 129 46 enim
1027 396 178 46 videbitur

695 436 150 54 vtique
800 436 135 54 motus
890 436 135 54 esse,
980 436 90 54 si
1025 436 105 54 non
1085 436 105 54 sit
1130 436 75 54 va-

694 483 137 39 cuum.
785 483 152 39 plenum
891 483 122 39 enim
967 483 106 39 non
1028 483 137 39 posse
1104 483 91 39 suf-

692 517 160 53 cipere.
808 517 87 53 si
851 517 116 53 vero
924 517 203 53 suscipiat,
1069 517 131 53 sintque

695 565 111 45 duo
759 565 95 45 in
806 565 159 45 eodem,
917 565 127 45 cont
997 565 143 45 inget
1076 565 127 45 vtique

694 613 91 38 et
739 613 197 38 quotlibet
891 613 137 38 simul
982 613 122 38 esse
1043 613 152 38 corpora.

697 650 258 40 differentiam
907 650 129 40 enim
987 650 177 40 propter
1100 650 97 40 quam

694 693 96 46 non
749 693 137 46 vtique
845 693 110 46 erit
914 693 110 46 quod
982 693 137 46 dictum
1079 693 110 46 est,
1133 693 69 46 non

696 732 113 45 est
761 732 178 45 dicere.
890 732 97 45 Si
939 732 146 45 autem
1020 732 178 45 contingat

689 773 131 45 hoc,
770 773 82 45 &
803 773 180 45 minimum
934 773 212 45 suscipiet
1081 773 114 45 maxi-

689 821 138 38 mum.
775 821 155 38 multa
878 821 172 38 namque
999 821 155 38 parua
1085 821 121 38 ipsum

683 857 186 49 magnum
814 857 149 49 est,
907 857 186 49 quare,
1037 857 112 49 si
1075 857 130 49 multa

693 899 175 52 aequalia
824 899 189 52 contingit
970 899 87 52 in
1013 899 131 52 eodem
1086 899 102 52 esse,

691 944 85 50 &
725 944 153 50 multa
810 944 220 50 inaequalia.

743 981 113 62 isti
813 981 113 62 vero
884 981 98 62 non
940 981 253 62 contradixerunt
1137 981 70 62 si-

699 1034 197 56 vnificato
850 1034 182 56 secundum
987 1034 121 56 quod
1047 1034 152 56 oportet.

693 1081 186 65 dicentes
833 1081 124 65 vero
911 1081 155 65 vacuum
1020 1081 140 65 esse,
1097 1081 109 65 sermo

704 1132 122 57 eorum
785 1132 95 57 est
839 1132 243 57 conuententior.
1041 1132 135 57 dicunt
1122 1132 81 57 enim

695 1180 136 63 primo
785 1180 120 63 quod
861 1180 136 63 motus
951 1180 166 63 localis
1056 1180 151 63 impossi-

695 1226 117 64 bile
769 1226 103 64 est
827 1226 88 64 vt
871 1226 103 64 sit
930 1226 117 64 sine
1004 1226 147 64 vacuo,
1106 1226 73 64 &
1121 1226 88 64 iste

693 1277 142 61 motus
788 1277 111 61 est
851 1277 237 61 translatio,
1041 1277 79 61 &
1057 1277 142 61 augmen-

694 1325 136 59 tum,
779 1325 85 59 &
813 1325 238 59 diminutio.
982 1325 221 59 existimatur

692 1372 117 66 enim
766 1372 117 66 quod
839 1372 190 66 impossile
985 1372 103 66 est
1044 1372 88 66 vt
1088 1372 103 66 sit
1132 1372 73 66 mo-

696 1422 110 61 tus,
765 1422 110 61 nisi
833 1422 96 61 sit
888 1422 151 61 vacuum.
998 1422 137 61 plenum
1093 1422 110 61 enim
1148 1422 55 61 im

697 1468 176 63 possibile
833 1468 95 63 est
887 1468 163 63 recipere
1009 1468 163 63 aliquid,
1118 1468 81 63 quo-

696 1517 123 61 niam,
778 1517 82 61 si
820 1517 164 61 recipit,
943 1517 110 61 erit
1011 1517 178 61 possibile
1135 1517 68 61 duo

700 1565 159 62 corpora
815 1565 116 62 esse
887 1565 87 62 in
931 1565 130 62 eodem
1017 1565 130 62 loco,
1104 1565 72 62 &
1118 1565 87 62 plu-

692 1613 80 68 ra
732 1613 172 68 quodlibet
864 1613 159 68 insimul.
984 1613 80 68 no
1023 1613 106 68 enim
1090 1613 93 68 pot
1129 1613 80 68 ali-

701 1660 110 62 quis
770 1660 137 62 dicere
866 1660 110 62 quod
935 1660 124 62 inter
1017 1660 110 62 hoc,
1086 1660 82 62 et
1113 1660 96 62 illud

701 1709 96 66 est
756 1709 220 66 differentia,
935 1709 152 66 propter
1046 1709 110 66 quam
1115 1709 83 66 no
1142 1709 69 66 pot

698 1758 108 65 esse,
770 1758 108 65 sicut
842 1758 60 65 e
866 1758 120 65 dictu.
950 1758 84 65 Et,
997 1758 72 65 cu
1033 1758 84 65 ita
1081 1758 96 65 sit,
1129 1758 84 65 possi

694 1812 114 63 bile
765 1812 100 63 est
822 1812 86 63 vt
865 1812 128 63 minia
950 1812 128 63 rerum
1036 1812 171 63 recipiat
1150 1812 57 63 ma

699 1861 159 62 ximam.
810 1861 159 62 magnum
922 1861 127 62 enim
1001 1861 207 62 diuiditur
1144 1861 64 62 in
