1416 2066
204 180 86 39 aut
253 180 134 39 finitum
350 180 147 39 scilicet
460 180 73 39 vt
497 180 147 39 moueatur
595 180 134 39 infinitum

220 226 97 43 per
275 226 179 43 infinitum
413 226 83 43 in
455 226 97 43 tem
510 226 110 43 pore
579 226 152 43 finito.
676 226 55 43 Et

224 256 106 49 dixit:
299 256 128 49 quoniam,
395 256 64 49 si
427 256 160 49 transiuerit
554 256 149 49 infinitum,
661 256 53 49 per

223 293 134 49 transibit
326 293 93 49 etiam
387 293 124 49 finitum,
480 293 62 49 i.
511 293 124 49 quoniam,
604 293 72 49 cum
634 293 93 49 positum

218 330 91 52 sit
270 330 168 52 infinitum
399 330 194 52 pertransire
555 330 142 52 spatium
645 330 78 52 fini

215 366 88 52 tum
266 366 75 52 in
303 366 113 52 tpere
378 366 163 52 infinito,
504 366 138 52 necesse
604 366 88 52 est
654 366 75 52 vt
679 366 50 52 fi

207 406 131 48 nitum
295 406 219 48 pertranseat
470 406 161 48 spatium
572 406 161 48 infinitum

214 442 82 40 in
255 442 150 40 tempore
364 442 150 40 finito:
473 442 109 40 quod
541 442 95 40 est
582 442 136 40 impossi-

213 477 111 52 bile,
286 477 74 52 vt
323 477 172 52 declaratum
459 477 98 52 est.
520 477 98 52 D.d.
581 477 135 52 quoniam
680 477 74 52 in

214 516 154 47 infinito
330 516 90 47 est
381 516 154 47 finitum,
496 516 77 47 i.
535 516 64 47 &
560 516 141 47 necesse
650 516 77 47 est,

220 558 97 36 cum
276 558 181 36 infinitum
415 558 250 36 pertransiuerit
609 558 111 36 infini

219 596 87 43 tum
268 596 75 43 in
306 596 112 43 tpere
380 596 87 43 fin
430 596 100 43 ito,
492 596 75 43 vt
530 596 137 43 finitum
617 596 112 43 pertran

217 629 98 50 seat
278 629 172 50 infinitum.
413 629 135 50 quoniam
511 629 74 50 in
548 629 147 50 infinito
646 629 74 50 per-

222 665 143 44 transito
329 665 83 44 est
377 665 95 44 pars
436 665 119 44 finita
520 665 179 44 necessario,
651 665 71 44 quae

225 703 191 51 pertransit
376 703 150 51 spatium
485 703 178 51 infinitum
622 703 82 51 in
649 703 82 51 ten-

222 750 101 39 pore
285 750 138 39 finito.
386 750 101 39 D.d.
449 750 88 39 Et,
499 750 88 39 cum
550 750 113 39 etiam
613 750 113 39 consyde

219 781 108 37 ratum
291 781 120 37 fuerit
376 781 145 37 secundum
484 781 133 37 tempus,
580 781 84 37 &c.
629 781 72 37 i.
653 781 72 37 pro-

219 816 135 42 uenit
309 816 135 42 etiam
399 816 150 42 demro,
504 816 90 42 ex
549 816 105 42 qua
594 816 135 42 declara

224 855 91 48 tum
276 855 91 48 est
328 855 104 48 quod
393 855 195 48 impossibile
548 855 91 48 est
587 855 143 48 infinitum

219 893 136 38 moueri
315 893 150 38 tempore
424 893 150 38 finito.
532 893 68 38 &
560 893 109 38 illa
614 893 109 38 demon-

220 928 156 42 stratio
333 928 99 42 est
390 928 99 42 per
447 928 199 42 diuisionem
589 928 142 42 temporis

215 973 177 43 quoniam
344 973 113 43 per
408 973 226 43 diuisionem
570 973 161 43 temporis

224 1005 182 50 diuiditur
364 1005 168 50 spatium.
489 1005 84 50 Si
531 1005 140 50 igitur
615 1005 112 50 tempus

219 1041 136 52 fuerit
314 1041 163 52 finitum,
436 1041 68 52 &
463 1041 149 52 spatium
572 1041 108 52 erit
626 1041 95 52 fini-

222 1080 125 50 tum:
301 1080 110 50 sed
363 1080 125 50 quia
441 1080 172 50 positum
567 1080 110 50 est
613 1080 110 50 ipsum

225 1118 108 44 esse
292 1118 189 44 infinitum,
441 1118 95 44 hoc
495 1118 95 44 est
535 1118 189 44 impossibile.

268 1180 100 59 Qam
325 1180 128 59 autem
410 1180 128 59 neque
495 1180 156 59 finitum
595 1180 128 59 infini-

217 1229 88 49 tum
268 1229 177 49 transibit,
407 1229 114 49 neque
482 1229 164 49 infinitum
596 1229 126 49 finitum,

225 1270 143 52 1neque
325 1270 186 52 infinitum
468 1270 86 52 in
511 1270 143 52 finito
596 1270 129 52 tempore

220 1315 183 48 mouetur,
357 1315 214 48 manifestum
525 1315 107 48 est
586 1315 122 48 quod
647 1315 76 48 ne-

220 1348 103 52 que
279 1348 133 52 motus
368 1348 118 52 erit
441 1348 191 52 infinitus
588 1348 88 52 in
618 1348 103 52 fini-

212 1391 93 43 to
258 1391 186 43 tempore.
398 1391 124 43 quid
475 1391 124 43 enim
553 1391 155 43 refert
646 1391 78 43 mo-

210 1437 137 38 tum,
295 1437 120 38 aut
364 1437 291 38 magnitudinem,
586 1437 137 38 infini

224 1474 83 48 tum
272 1474 154 48 faceretus
390 1474 130 48 necesse
485 1474 95 48 enim
544 1474 95 48 est,
603 1474 71 48 si
627 1474 95 48 vtrum-

209 1512 133 51 uis,
292 1512 83 51 &
325 1512 182 51 alterum
458 1512 133 51 esse
524 1512 199 51 infinitum.

208 1557 143 45 omnis
303 1557 127 45 enim
383 1557 143 45 latio
478 1557 95 45 in
526 1557 127 45 loco
590 1557 95 45 est.

260 1596 103 62 Et,
319 1596 103 62 cum
378 1596 103 62 sit
436 1596 220 62 impossibile
598 1596 132 62 finitum

216 1645 148 54 moueri
320 1645 104 54 per
379 1645 208 54 infinitum,
543 1645 104 54 aut
587 1645 134 54 infini-

210 1690 103 59 tum
269 1690 103 59 per
328 1690 177 59 finitum,
461 1690 103 59 aut
520 1690 192 59 infinitum
668 1690 89 59 in

208 1736 151 67 tepore
314 1736 166 67 finito,
435 1736 197 67 manifestu
586 1736 106 67 est
631 1736 91 67 quod

216 1781 132 61 motus
304 1781 190 61 infinitus
451 1781 103 61 non
509 1781 117 61 erit
583 1781 88 61 in
612 1781 117 61 tepore

745 173 143 61 finito.
849 173 91 61 non
901 173 104 61 enim
966 173 91 61 est
1018 173 195 61 differentia
1161 173 104 61 inter,

740 226 111 48 hoc
804 226 127 48 quod
883 226 143 48 motus
978 226 111 48 sit
1042 226 190 48 finitus,
1169 226 79 48 aut

734 273 222 60 magnitudo.
908 273 174 60 quoniam
1035 273 174 60 necesse
1146 273 95 60 est,

736 326 89 52 si
781 326 163 52 alterum
899 326 148 52 fuerit
1003 326 208 52 infinitum,
1166 326 89 52 vt
1196 326 59 52 re

739 365 158 61 liquum
850 365 110 61 sit
913 365 221 61 infinitum.
1086 365 142 61 omnis
1165 365 95 61 enim

743 413 195 45 translatio
897 413 98 45 est
952 413 84 45 in
980 413 98 45 loco.

784 468 88 55 Cum
835 468 189 55 declarauit,
986 468 101 55 quod
1049 468 189 55 impossibile
1188 468 76 55 est,

739 516 162 45 aliquod
857 516 162 45 finitum
975 516 147 45 moueri
1078 516 103 45 per
1122 516 132 45 spatium

741 548 170 50 infinitum
871 548 78 50 in
911 548 117 50 tpere
989 548 144 50 finito,
1093 548 91 50 aut
1133 548 117 50 aliquod

745 586 169 48 infinitum
875 586 78 48 in
914 586 143 48 tempore
1019 586 143 48 finito,
1123 586 104 48 siue
1175 586 78 48 spa-

741 623 105 43 tium
807 623 132 43 fuerit
899 623 145 43 finitum
1005 623 92 43 aut
1057 623 92 43 non
1110 623 145 43 fuerit,
1202 623 53 43 de

738 668 177 44 claratur
871 668 221 44 impossibile
1048 668 118 44 esse
1122 668 89 44 vt
1152 668 103 44 motus

744 700 172 49 infinitus
876 700 93 49 sit
929 700 79 49 in
969 700 146 49 tempore
1075 700 146 49 finito.
1168 700 79 49 Qnam

739 736 95 42 hoc
794 736 95 42 aut
848 736 108 42 erit
915 736 95 42 per
969 736 162 42 spatium,
1091 736 95 42 aut
1145 736 95 42 per
1185 736 68 42 rem

746 774 129 49 motam.
836 774 77 49 si
875 774 116 49 autem
952 774 90 49 per
1004 774 155 49 spatium,
1120 774 103 49 tunc
1172 774 77 49 ali-

742 813 108 49 quod
810 813 176 49 infinitum
946 813 176 49 mouebitur
1081 813 95 49 per
1122 813 122 49 spatium

745 849 158 42 infinitum
866 849 73 42 in
903 849 109 42 tpere
976 849 134 42 finito.
1073 849 73 42 si
1109 849 97 42 vero
1158 849 85 42 infi-

745 893 127 37 nitas
830 893 85 37 in
872 893 113 37 motu
943 893 141 37 fuerit
1041 893 99 37 per
1098 893 99 37 rem
1140 893 99 37 motam

744 926 111 51 tunc
813 926 152 51 aliquid
924 926 180 51 infinitum
1062 926 180 51 mouebitur
1187 926 55 51 in

743 965 146 50 tempore
849 965 146 50 finito,
955 965 93 50 aut
1008 965 93 50 per
1047 965 199 50 magnitudinem,

744 1001 162 38 finitam,
865 1001 95 38 aut
919 1001 189 38 infinitam:
1068 1001 95 38 sed
1122 1001 108 38 haec
1176 1001 68 38 de-

740 1038 142 44 structa
844 1038 117 44 sunt:
921 1038 104 44 eroo
986 1038 181 44 destructum
1128 1038 91 44 est
1167 1038 78 44 ali-

743 1067 108 64 quem
810 1067 122 64 motum
891 1067 176 64 infinitum
1026 1067 108 64 esse
1094 1067 81 64 in
1121 1067 122 64 tempore

739 1113 158 41 finito.
854 1113 72 41 &
882 1113 101 41 hoc
940 1113 201 41 intendebat
1084 1113 158 41 declarare

743 1150 161 49 superius.
867 1150 62 49 &
891 1150 99 49 ipse
953 1150 124 49 vtetur
1040 1150 87 49 hoc
1090 1150 136 49 tamquae
1177 1150 74 49 fun-

747 1192 144 46 damento
852 1192 78 46 in
891 1192 157 46 Septimo.
1009 1192 78 46 Et
1048 1192 131 46 dicit:
1139 1192 92 46 Et,
1179 1192 65 46 cum

743 1228 86 38 sit
792 1228 198 38 impossibile,
953 1228 86 38 &c.
1002 1228 74 38 i.
1039 1228 74 38 &,
1076 1228 86 38 cum
1126 1228 86 38 sit
1163 1228 86 38 decla

739 1266 116 40 ratum,
820 1266 127 40 quoniam
913 1266 174 40 impossibile
1052 1266 81 40 est
1098 1266 104 40 motum
1156 1266 81 40 infi-

741 1305 126 47 nitum
825 1305 210 47 pertransire
993 1305 154 47 spatium
1091 1305 154 47 infinitum

741 1340 77 50 in
780 1340 142 50 tempore
883 1340 142 50 finito,
986 1340 90 50 aut
1037 1340 116 50 motum
1101 1340 142 50 infinitum

746 1377 142 49 spatium
850 1377 155 49 finitum,
966 1377 91 49 vel
1018 1377 168 49 infinitum
1147 1377 78 49 in
1173 1377 78 49 ten-

746 1414 111 44 pore
816 1414 153 44 finito,
927 1414 195 44 manifestum
1080 1414 97 44 est
1136 1414 83 44 ex
1164 1414 83 44 hoc,

744 1453 117 45 quoniam
830 1453 160 45 impossibile
958 1453 75 45 est
1001 1453 64 45 vt
1033 1453 96 45 motus
1097 1453 139 45 infinitus
1193 1453 53 45 sit

740 1493 85 36 in
782 1493 156 36 tempore
896 1493 156 36 finito.
1009 1493 227 36 D.declarauit
1179 1493 71 36 con

742 1526 191 44 secutionem,
895 1526 64 44 &
920 1526 127 44 dixit:
1009 1526 89 44 non
1060 1526 102 44 enim
1124 1526 89 44 est
1162 1526 89 44 diia,

740 1565 81 51 &c.
787 1565 69 51 i.
821 1565 139 51 quoniam,
926 1565 81 51 cum
972 1565 81 51 sit
1018 1565 174 51 impossibile
1157 1565 69 51 vt
1180 1565 58 51 mo-

744 1605 86 38 tum
793 1605 134 38 finitum
890 1605 147 38 moueatur
1001 1605 86 38 per
1049 1605 134 38 spatium
1135 1605 110 38 infini-

741 1636 93 57 tum
794 1636 80 57 in
834 1636 147 57 tempore
941 1636 147 57 finito,
1047 1636 93 57 aut
1100 1636 120 57 motum
1167 1636 80 57 infi

746 1679 114 43 nitum
822 1679 76 43 in
860 1679 114 43 tpere
936 1679 139 43 finito,
1037 1679 177 43 manifestum
1163 1679 76 43 est,

747 1725 103 43 quod
812 1725 193 43 impossibile
966 1725 90 43 est
1018 1725 77 43 vt
1057 1725 116 43 motus
1121 1725 129 43 ifinitus

748 1754 64 40 ut
780 1754 64 40 in
812 1754 95 40 tpere
876 1754 117 40 finito.
961 1754 127 40 quoniam,
1056 1754 64 40 si
1088 1754 106 40 fuerit
1152 1754 95 40 infini-

746 1794 107 56 tus,
812 1794 93 56 aut
866 1794 107 56 erit
933 1794 93 56 per
986 1794 214 56 magnitudinem
1146 1794 107 56 infini
