1416 2066
191 180 98 52 merus
257 180 98 52 motus
322 180 131 52 scilicet
420 180 76 52 sed
464 180 131 52 secundum
562 180 109 52 prius,
639 180 55 52 &
649 180 55 52 po-

206 223 156 44 sterius
319 223 99 44 est
376 223 156 44 numerus
490 223 142 44 motus,
589 223 85 44 i.
618 223 85 44 nume

200 261 100 51 rat
257 261 129 51 motum
343 261 100 51 per
400 261 114 51 suas
471 261 143 51 partes
557 261 143 51 priores,

205 296 65 55 &
231 296 207 55 posteriores,
399 296 155 55 secundum
515 296 103 55 quod
580 296 103 55 sunt
631 296 78 55 prio

207 338 86 40 res,
261 338 54 40 &
283 338 173 40 posteriores,
423 338 75 40 non
466 338 129 40 secundum
563 338 86 40 quod
617 338 86 40 sunt
671 338 65 40 in

214 376 136 42 simul.
310 376 123 42 Dixit
392 376 150 42 Alexan.
501 376 68 42 &
528 376 95 42 non
582 376 95 42 est
637 376 95 42 in¬

214 416 203 54 telligendum
377 416 81 54 ex
417 416 108 54 hoc,
485 416 108 54 quod
553 416 122 54 dixit
634 416 81 54 in
661 416 54 54 de

206 453 177 45 finitione
343 453 177 45 temporis,
479 453 109 45 quod
547 453 95 45 est
588 453 123 45 numerus

212 492 108 52 motus
284 492 144 52 secundum
392 492 120 52 prius,
476 492 60 52 &
500 492 156 52 posterius
620 492 72 52 ex
644 492 72 52 hoc,

212 534 109 52 quod
281 534 137 52 tempus
376 534 150 52 numerat
486 534 137 52 motum:
581 534 96 52 sed
622 534 96 52 debet

213 573 167 52 intelligi
341 573 77 52 ex
380 573 103 52 hoc,
444 573 103 52 quod
508 573 128 52 tempus
598 573 90 52 est
636 573 77 52 nume

208 613 88 37 rus
259 613 151 37 prioris,
372 613 63 37 &
398 613 202 37 posterioris,
549 613 164 37 existentium

213 648 79 42 in
252 648 119 42 motu.
332 648 66 42 &
358 648 79 42 in
397 648 119 42 libro
477 648 106 42 Ale.
543 648 92 42 non
595 648 92 42 est
635 648 79 42 nume

214 688 103 42 rare
278 688 141 42 nonerum
381 688 128 42 motus,
471 688 90 42 sed
522 688 141 42 nunerus
612 688 103 42 motus.

215 732 148 38 definitio
328 732 125 38 igitur,
419 732 68 38 in
453 732 79 38 qua
498 732 79 38 non
544 732 79 38 est
578 732 136 38 dubitatio,

211 768 82 42 est
258 768 129 42 dicere,
352 768 93 42 quod
410 768 105 42 tpens
480 768 82 42 est
527 768 152 42 numeratum
632 768 70 42 prio

212 806 106 53 ris,
278 806 66 53 &
305 806 213 53 posterioris,
478 806 160 53 exuntium
597 806 80 53 in
624 806 93 53 motu.

247 853 161 59 Signum
360 853 145 59 autem
457 853 129 59 est.
537 853 129 59 plus
602 853 113 59 enim,

212 893 90 45 &
248 893 162 45 minus
356 893 270 45 discernimus
554 893 162 45 numero:

204 940 164 46 motum
313 940 164 46 autem
423 940 201 46 plurem,
569 940 91 46 &
587 940 128 46 mino-

209 988 127 44 rem
282 988 218 44 tempore:
445 988 200 44 Numerus
573 988 145 44 itaque

206 1022 188 50 quidam
338 1022 188 50 tempus
470 1022 151 50 est.
545 1022 170 50 Quoniam

202 1068 154 39 autem
305 1068 188 39 numerus
441 1068 120 39 est
493 1068 222 39 duplexsete-

204 1117 127 34 nim
276 1117 145 34 quod
367 1117 254 34 numeratur,
566 1117 109 34 ac
602 1117 109 34 nume

203 1157 171 46 rabile
323 1157 188 46 numerum
459 1157 205 46 dicimus,
613 1157 86 46 &
630 1157 86 46 quo

207 1190 245 44 numeramus:
399 1190 192 44 7tempus
538 1190 157 44 autem
626 1190 87 44 est

205 1228 144 49 quod
295 1228 253 49 numeratur,
494 1228 90 49 f
530 1228 90 49 &
566 1228 126 49 non
620 1228 90 49 quo

210 1277 201 45 nueramus.
364 1277 124 45 &est
441 1277 139 45 autem
534 1277 170 45 alterum
642 1277 77 45 quo

207 1317 263 45 numeramus,
414 1317 94 45 &
452 1317 150 45 quod
527 1317 188 45 numerat.

252 1356 84 63 Et
294 1356 126 63 signu
378 1356 112 63 eius
448 1356 98 63 est
503 1356 112 63 hoc,
573 1356 112 63 quod
629 1356 84 63 nar-

202 1405 148 62 rabo.
300 1405 181 62 quoniam
432 1405 115 62 nos
481 1405 230 62 determinamus

202 1460 126 57 per
274 1460 198 57 numerum
418 1460 180 57 magis,
543 1460 90 57 &
561 1460 144 57 minus.

198 1501 88 61 &
234 1501 123 61 per
304 1501 176 61 tempus
427 1501 281 61 determinamus
638 1501 70 61 mo

206 1557 114 61 tum
271 1557 163 61 magis,
385 1557 82 61 &
418 1557 163 61 minus:
532 1557 163 61 tempus
630 1557 82 61 igi

203 1596 108 63 tur
264 1596 108 63 est
326 1596 169 63 aliquis
449 1596 185 63 Numerus.
587 1596 108 63 Et,
633 1596 77 63 cum

207 1644 171 47 numerus
332 1644 109 47 est
394 1644 155 47 duobus
503 1644 155 47 modis:
596 1644 109 47 dici-

205 1692 104 62 mus
264 1692 118 62 enim
338 1692 163 62 numerum
457 1692 148 62 illud,
560 1692 118 62 quod
619 1692 89 62 nume

201 1741 175 54 ratur,
323 1741 87 54 &
358 1741 245 54 numeratum,
550 1741 87 54 &
567 1741 140 54 illud,

204 1788 95 62 per
259 1788 109 62 quod
327 1788 177 62 nueratur:
464 1788 136 62 tempus
559 1788 95 62 est
600 1788 109 62 illud,

200 1836 114 63 quod
271 1836 185 63 nueratur,
414 1836 100 63 non
471 1836 143 63 illud,
570 1836 100 63 per
627 1836 114 63 quod

713 177 235 50 numeratur.
898 177 101 50 et
948 177 168 50 illud,
1065 177 134 50 quod
1133 177 117 50 nume-

725 229 141 62 ratur,
823 229 98 62 est
880 229 127 62 aliud
964 229 84 62 ab
1006 229 127 62 illo,
1090 229 98 62 per
1147 229 112 62 quod

695 293 228 37 numeratur.

762 339 94 51 Cum
815 339 134 51 posuit
909 339 107 51 quod
976 339 121 51 genus
1057 339 161 51 temporis
1164 339 67 51 est

728 380 180 51 numerus
859 380 164 51 motus,
973 380 147 51 dedit
1071 380 164 51 signum
1170 380 65 51 de

729 416 115 42 hoc,
801 416 101 42 hoc
858 416 130 42 modo.
945 416 101 42 Per
1002 416 144 42 tempus
1089 416 144 42 determi-

727 461 138 38 natur
819 461 153 38 magis,
926 461 77 38 &
957 461 138 38 minus
1049 461 92 38 ex
1095 461 138 38 motu:
1187 461 77 38 &

725 501 142 37 omne,
820 501 110 37 per
883 501 126 37 quod
962 501 252 37 determinatur
1151 501 79 37 ma-

723 533 120 50 gis,
798 533 75 50 &
828 533 135 50 minus
918 533 90 50 ex
963 533 165 50 aliquo,
1082 533 105 50 est
1127 533 105 50 nume-

726 573 105 49 rus
786 573 165 49 illius:
906 573 120 49 ergo
981 573 150 49 tempus
1085 573 105 49 est
1130 573 105 49 nume-

723 613 108 38 rus
784 613 139 38 eius,
877 613 108 38 per
938 613 123 38 quod
1000 613 231 38 determinatur.

735 648 102 54 lei
794 648 102 54 nde
852 648 189 54 coniungit
998 648 131 54 huic,
1085 648 117 54 quod
1144 648 87 54 tem-

736 693 103 45 pus
795 693 236 45 determinatur
987 693 103 45 per
1046 693 147 45 prius,
1149 693 74 45 &
1163 693 74 45 po-

729 726 154 52 sterius
841 726 140 52 motus:
939 726 112 52 ergo
1009 726 84 52 in
1051 726 140 52 teitia
1135 726 98 52 figu-

726 767 82 43 ra
767 767 136 43 tempus
863 767 95 43 est
917 767 150 43 numerus
1026 767 123 43 motus
1094 767 136 43 secundum

735 812 138 42 prius,
832 812 69 42 &
860 812 194 42 posterius,
1012 812 152 42 propter
1109 812 124 42 conuer-

730 850 129 32 sionem
820 850 206 32 affirmatiuae
988 850 77 32 in
1027 850 77 32 eo
1052 850 181 32 vniuersalis.

729 882 68 48 &
757 882 95 48 est
811 882 149 48 necesse
919 882 81 48 vt
960 882 136 48 illud,
1055 882 95 48 per
1109 882 108 48 quod
1163 882 68 48 de-

728 928 207 34 terminatur
891 928 148 34 magis,
994 928 74 34 &
1024 928 133 34 minus
1113 928 89 34 ex
1142 928 89 34 ali-

732 957 99 47 quo,
793 957 86 47 sit
843 957 136 47 aliquis
941 957 148 47 numerus.
1052 957 136 47 quoniam
1138 957 99 47 illud,

737 997 100 52 per
794 997 114 52 quod
865 997 229 52 determinatur
1051 997 143 52 magis,
1151 997 71 52 &
1166 997 71 52 mi-

730 1037 101 54 nus
787 1037 217 54 simpliciter
961 1037 101 54 est
1018 1037 159 54 numerus
1119 1037 116 54 simpli

734 1077 117 52 citer,
816 1077 141 52 quoniam,
922 1077 70 52 si
957 1077 117 52 illud,
1039 1077 94 52 quod
1098 1077 82 52 est
1133 1077 106 52 calidum

730 1116 199 51 simpliciter,
891 1116 87 51 est
941 1116 112 51 ignis
1015 1116 199 51 simpliciter,
1164 1116 62 51 il-

723 1153 116 52 lud,
796 1153 116 52 quod
869 1153 102 52 est
927 1153 160 52 aliquod
1044 1153 175 52 calidum,
1160 1153 73 52 est

730 1193 141 48 aliquis
833 1193 128 48 ignis.
922 1193 90 48 Et,
974 1193 103 48 quia
1038 1193 115 48 omne,
1115 1193 90 48 per
1153 1193 77 48 quod

727 1230 225 45 numerantur
904 1230 161 45 omnia,
1016 1230 112 45 aut
1080 1230 112 45 est
1129 1230 96 45 nume

729 1275 95 45 rus
783 1275 216 45 simpliciter:
958 1275 68 45 &
985 1275 95 45 hoc
1039 1275 95 45 est
1080 1275 149 45 numerans,

735 1309 106 45 non
795 1309 197 45 numeratum
947 1309 272 45 essentialiter,
1158 1309 76 45 aut

730 1346 151 53 aliquis
840 1346 151 53 numerus
949 1346 164 53 alicuius
1073 1346 164 53 generis:
1196 1346 68 53 &

729 1385 98 41 hoc
785 1385 167 41 accidit:
910 1385 84 41 vt
952 1385 98 41 sit
1008 1385 167 41 numerans
1119 1385 112 41 quodam

726 1424 153 38 modo,
828 1424 85 38 &
862 1424 221 38 numeratum
1031 1424 136 38 alio
1116 1424 153 38 modo:

731 1461 68 52 &
759 1461 110 52 ista
827 1461 123 52 sunt,
909 1461 110 52 quae
978 1461 192 52 numerantur
1128 1461 96 52 per
1170 1461 68 52 vni

731 1500 116 46 tates
808 1500 180 46 existentes
950 1500 77 46 in
989 1500 103 46 illo
1053 1500 142 46 genere,
1156 1500 64 46 &
1169 1500 64 46 non

734 1549 86 37 per
783 1549 147 37 vnitatem
893 1549 172 37 simplicem:
1028 1549 61 37 &
1053 1549 123 37 tempus
1139 1549 86 37 est
1188 1549 74 37 in

734 1577 77 54 hoc
778 1577 111 54 gnere,
856 1577 133 54 scilicet
955 1577 89 54 quod
1011 1577 77 54 est
1055 1577 133 54 numerans
1154 1577 55 54 &
1166 1577 77 54 nune-

729 1620 127 38 ratum:
818 1620 153 38 incoepit
933 1620 165 38 declarare
1060 1620 102 38 hoc,
1124 1620 64 38 &
1136 1620 102 38 dixit:

734 1654 84 44 Et,
782 1654 84 44 cum
830 1654 144 44 nunerus,
938 1654 84 44 &c.
986 1654 72 44 i.
1021 1654 60 44 &
1045 1654 84 44 cum
1093 1654 132 44 nunerus
1177 1654 60 44 est

733 1693 110 37 duobus
810 1693 99 37 modis
877 1693 133 37 scilicet
976 1693 133 37 numerans
1075 1693 121 37 tantum,
1164 1693 77 37 non
1197 1693 44 37 nu

730 1732 181 38 meratum,
866 1732 76 38 &
896 1732 181 38 numerans
1032 1732 212 38 numeratum,
1199 1732 76 38 &

731 1768 116 42 dixit:
813 1768 93 42 nos.
871 1768 93 42 enim
929 1768 128 42 dicimus
1022 1768 140 42 nunerum,
1127 1768 81 42 &c.
1173 1768 70 42 i.
1208 1768 58 42 &

725 1807 153 51 nuerus
832 1807 107 51 est
893 1807 153 51 duobus
1000 1807 153 51 modis.
1107 1807 122 51 Quia
1168 1807 77 51 nos

723 1852 153 38 dicimus
835 1852 153 38 numerum
946 1852 139 38 illud,
1044 1852 98 38 per
1100 1852 112 38 quod
1155 1852 84 38 nume
