1416 2066
178 177 200 62 Dicimus
323 177 182 62 igitur
451 177 164 62 Simul
560 177 109 62 in
596 177 109 62 loco

186 224 88 58 in
230 224 147 58 rebus,
333 224 118 58 quae
407 224 118 58 sunt
480 224 88 58 in
524 224 132 58 eodem
598 224 88 58 loco

192 269 117 64 sli.t
270 269 78 64 in
309 269 117 64 primo
388 269 117 64 loco.
466 269 78 64 Et
505 269 144 64 dicimus
597 269 91 64 Sepa-

188 316 129 57 ratim
274 316 86 57 in
317 316 144 57 rebus,
418 316 115 57 quae
490 316 115 57 sunt
562 316 86 57 in
590 316 101 57 loci-

188 364 173 60 diuersis
317 364 86 60 Et
361 364 115 60 dico
433 364 187 60 Contigua,
577 364 101 60 dum
620 364 72 60 ex-

190 408 124 62 trema
273 408 110 62 sunt
342 408 83 62 in
383 408 138 62 simul.
479 408 83 62 Et
521 408 110 62 dico
576 408 110 62 inter,

185 453 239 67 intelligendo
379 453 149 67 illud,
484 453 90 67 ad
529 453 120 67 quod
588 453 105 67 primo

189 505 270 54 transmutatum
408 505 185 54 innatum
543 505 118 54 est
594 505 84 54 ire

187 549 180 61 antequam
322 549 105 61 eat
382 549 90 61 ad
427 549 150 61 illud,
532 549 90 61 ad
577 549 120 61 quod
637 549 60 61 po

185 596 160 55 stremo
297 596 272 55 transmutatur,
521 596 112 55 cum
569 596 128 55 trans-

186 642 171 48 mutatio
310 642 124 48 eius
387 642 155 48 fuerit
496 642 186 48 secundum
620 642 78 48 cur

191 687 116 50 sum
258 687 233 50 naturalem,
441 687 83 50 &
474 687 216 50 continua.
640 687 83 50 &

181 733 135 57 inter
271 733 150 57 saltem
376 733 195 57 inuenitur
527 733 90 57 in
557 733 135 57 tribus.

194 780 135 61 finis
284 780 120 61 enim
359 780 269 61 transmutatiois
583 780 105 61 est
628 780 75 61 con

166 837 183 37 trarium.

230 885 121 45 Siniul
314 885 133 45 dicitur
411 885 121 45 multis
495 885 121 45 modis,
579 885 72 45 vt
604 885 96 45 dictum

201 923 90 39 est
252 923 77 39 in
291 923 102 39 lib.
355 923 77 39 de
393 923 243 39 Praedicamentis:
598 923 90 39 sed
636 923 64 39 hic

195 963 156 39 intendit
312 963 182 39 describere
456 963 78 39 de
495 963 117 39 illis
573 963 117 39 illum
638 963 52 39 mo

195 1001 92 46 dum,
252 1001 80 46 qui
298 1001 80 46 est
344 1001 138 46 secundum
447 1001 103 46 locum
516 1001 103 46 ttnm.
585 1001 69 46 Et
608 1001 92 46 inten-

200 1036 96 38 dit
255 1036 96 38 per
310 1036 138 38 primum
407 1036 138 38 locum,
503 1036 179 38 continens
627 1036 69 38 pro

195 1072 148 47 prium,
299 1072 103 47 qui
358 1072 103 47 non
417 1072 103 47 est
476 1072 133 47 locus
549 1072 148 47 mediante

195 1109 123 45 alio.
277 1109 82 45 Et
318 1109 136 45 dixit,
413 1109 82 45 in
454 1109 123 45 eodem
536 1109 123 45 loco:
604 1109 95 45 quia,

191 1148 81 38 si
231 1148 201 38 continentia
392 1148 148 38 fuerint
500 1148 107 38 duo,
567 1148 121 38 erunt
647 1148 81 38 in

190 1190 136 38 duobus
285 1190 136 38 locis,
380 1190 95 38 non
434 1190 81 38 in
475 1190 122 38 eodem
556 1190 122 38 loco.
624 1190 68 38 Et,

192 1229 106 38 quia
258 1229 158 38 separata
376 1229 106 38 sunt
442 1229 158 38 opposita
561 1229 106 38 eis,
614 1229 79 38 quae

202 1247 102 62 sunt
266 1247 154 62 insimul,
382 1247 154 62 incoepit
497 1247 179 62 describere
625 1247 64 62 il-

183 1301 94 41 la,
236 1301 67 41 &
263 1301 134 41 dixit:
357 1301 80 41 Et
397 1301 107 41 dico
464 1301 174 41 Separatim
598 1301 80 41 in
625 1301 67 41 re-

198 1334 97 44 bus,
259 1334 97 44 quae
319 1334 97 44 sunt
380 1334 73 44 in
417 1334 109 44 locis
489 1334 158 44 diuersis,
611 1334 73 44 i.
635 1334 61 44 di-

204 1374 109 45 uersis
280 1374 130 45 secundum
378 1374 206 45 demonstrationem
552 1374 130 45 scilicet
639 1374 54 45 mul

194 1414 96 48 tis
249 1414 96 48 non
304 1414 110 48 vno.
373 1414 110 48 D.d.
442 1414 82 48 Et
483 1414 110 48 dico
538 1414 151 48 Contigua,

200 1452 95 50 &c.
255 1452 81 50 i.
295 1452 68 50 &
322 1452 162 50 Contigua
444 1452 108 50 sunt
511 1452 162 50 corpora,
619 1452 68 50 quo

195 1484 74 54 rum
238 1484 116 54 vltima,
322 1484 126 54 scilicet
416 1484 158 54 iuperficies
543 1484 84 54 sunt
585 1484 105 54 insimul,

200 1524 93 49 ita,
258 1524 93 49 quod
316 1524 104 49 inter
386 1524 104 49 illas
456 1524 81 49 non
502 1524 81 49 est
548 1524 116 49 corpus
618 1524 81 49 extra

198 1565 113 38 neum.
274 1565 63 38 &
299 1565 100 38 haec
361 1565 88 38 est
412 1565 188 38 contiguatio
550 1565 150 38 naturalis.

199 1600 226 51 contiguatio
380 1600 121 51 vero
455 1600 226 51 mathematica
621 1600 75 51 est

194 1636 94 51 in
241 1636 299 51 magnitudinibus,
493 1636 157 51 quorum
588 1636 110 51 vlti-

196 1684 84 42 ma
238 1684 252 42 superponuntur.
448 1684 84 42 Si
490 1684 140 42 igitur
574 1684 126 42 fuerint

196 1715 170 39 corpora,
324 1715 242 39 superponuntur
508 1715 185 39 superficies

198 1750 102 52 eorum
266 1750 158 52 contiguae:
390 1750 68 52 &,
424 1750 68 52 si
458 1750 136 52 supersic
559 1750 90 52 ies,
605 1750 90 52 super-

204 1794 149 48 ponentur
315 1794 137 48 lineae,
415 1794 62 48 &
439 1794 74 48 si
477 1794 137 48 lineae,
563 1794 137 48 supponent

718 172 142 54 puncta:
821 172 116 54 sicut
899 172 142 54 dicitur
1002 172 103 54 quod
1067 172 142 54 punctus
1157 172 52 54 su

715 222 194 42 perponitur
868 222 153 42 puncto.
979 222 97 42 Sed
1034 222 97 42 hic
1090 222 97 42 non
1146 222 97 42 in

717 253 138 49 tendit
814 253 234 49 Mathematicam.
1006 253 151 49 quoniam
1117 253 83 49 in
1144 253 69 49 ma-

716 292 203 39 thematicis
875 292 101 39 duo
933 292 145 39 vltima
1019 292 203 39 reuertuntur,

713 327 87 42 in
756 327 130 42 vnum,
843 327 72 42 &
872 327 101 42 sic
929 327 231 42 assimilantur
1103 327 101 42 conti

710 365 117 37 nuo:
783 365 87 37 in
827 365 219 37 naturalibus
1002 365 117 37 vero
1075 365 102 37 duo
1119 365 87 37 vlti

706 402 96 41 ma
754 402 192 41 remanent
898 402 112 41 duo
962 402 256 41 demonstrata.
1170 402 80 41 &

711 441 107 41 ideo
778 441 120 41 dixit
858 441 94 41 dum
911 441 214 41 extremitates
1085 441 107 41 sunt
1139 441 80 41 insi

708 485 109 37 mul,
776 485 82 37 i.
817 485 68 37 &
845 485 95 37 res
899 485 177 37 contiguae
1035 485 123 37 sunt,
1103 485 109 37 quarum

717 517 145 50 vltima,
822 517 106 50 quae
888 517 106 50 sunt
954 517 79 50 in
994 517 119 50 actu,
1073 517 106 50 sunt
1126 517 92 50 insi-

713 557 104 50 mul,
778 557 65 50 &
804 557 156 50 dicuntur
921 557 169 50 contigua,
1050 557 117 50 sicut
1115 557 104 50 dixit,

717 593 100 41 dum
774 593 143 41 vltima
874 593 114 41 sunt
945 593 172 41 insimul.
1074 593 71 41 &
1103 593 100 41 hoc
1146 593 71 41 si-

712 631 163 43 gnificat
834 631 108 43 quod
902 631 203 43 contiguatio
1051 631 163 43 significat

712 668 113 38 hanc
783 668 227 38 intentionem.
967 668 85 38 Et
1010 668 99 38 per
1066 668 142 38 simul,
1151 668 57 38 in

711 704 132 48 tendit
803 704 93 48 hic
856 704 119 48 illa,
935 704 106 48 quae
1002 704 106 48 sunt
1068 704 79 48 in
1107 704 119 48 loco.
1173 704 40 48 &

718 740 125 50 secundum
812 740 73 50 hoc
853 740 84 50 erit
906 740 63 50 in
937 740 84 50 loco
989 740 73 50 per
1031 740 136 50 accidens:
1125 740 94 50 quoniam

717 777 139 41 vltima
814 777 97 41 non
870 777 111 41 sunt
939 777 83 41 in
981 777 111 41 loco
1036 777 181 41 essentiali-

715 815 102 35 ter.
779 815 102 35 D.d.
843 815 64 35 &
869 815 102 35 dico
933 815 128 35 Inter,
1022 815 90 35 &c.
1073 815 77 35 i.
1112 815 64 35 &
1124 815 90 35 Inter

718 853 90 38 est
770 853 129 38 illud,
860 853 77 38 ad
899 853 103 38 quod
963 853 206 38 transmutatum
1118 853 103 38 trans-

716 889 149 41 mutatur
825 889 136 41 primo,
920 889 81 41 i.
960 889 163 41 antequae
1069 889 149 41 transmute

711 925 102 38 tur
770 925 88 38 in
814 925 146 38 illud,
916 925 88 38 in
960 925 117 38 quod
1018 925 205 38 transmutatur

708 962 88 49 in
752 962 191 49 postremo.
899 962 132 49 Istud
987 962 117 49 enim
1061 962 103 49 est
1105 962 117 49 primum

712 999 134 49 eius,
801 999 89 49 ad
846 999 119 49 quod
920 999 238 49 transmutatur
1098 999 119 49 trans-

705 1035 204 40 mutatum,
858 1035 119 40 cum
926 1035 119 40 non
978 1035 238 40 transmutatur

706 1072 97 43 ad
754 1072 145 43 ipsum
851 1072 113 43 per
916 1072 129 43 suam
981 1072 242 43 transmutatio-

713 1111 101 42 nem
770 1111 86 42 ad
813 1111 144 42 aliud,
914 1111 115 42 nisi
986 1111 86 42 si
1029 1111 130 42 motus
1101 1111 130 42 haberet

714 1151 159 39 motum.
825 1151 127 39 sed,
905 1151 111 39 cum
968 1151 143 39 motus
1063 1151 111 39 non
1111 1151 111 39 habet

718 1188 144 38 motum,
819 1188 130 38 sicut
905 1188 231 38 praediximus:
1093 1188 72 38 &
1107 1188 116 38 motum,

716 1219 146 48 quando
819 1219 102 48 est
877 1219 88 48 in
921 1219 131 48 illo,
1008 1219 88 48 ex
1052 1219 102 48 quo
1110 1219 102 48 est
1154 1219 73 48 mo-

710 1261 124 42 tus,
787 1261 170 42 dicitur
910 1261 154 42 nondum
1003 1261 216 42 transmutari,

707 1296 79 51 &.
746 1296 92 51 cum
799 1296 118 51 fuent
878 1296 79 51 in
917 1296 118 51 illo,
996 1296 79 51 ad
1036 1296 105 51 quod
1088 1296 132 51 dicitur,

709 1333 95 39 iam
764 1333 217 39 transmutari,
940 1333 68 39 &
968 1333 163 39 definere
1090 1333 82 39 in
1117 1333 95 39 trans

708 1372 187 51 mutatione:
855 1372 107 51 ergo
922 1372 94 51 non
975 1372 147 51 dicitur
1069 1372 147 51 transmuta

710 1409 84 41 ri,
758 1409 96 41 nisi
818 1409 120 41 quando
902 1409 108 41 fuent
974 1409 120 41 inter.
1058 1409 72 41 Et
1094 1409 108 41 inter
1154 1409 60 41 ne-

712 1444 164 56 cessario
835 1444 96 56 est
890 1444 82 56 de
931 1444 137 56 natura
1027 1444 123 56 eius,
1109 1444 82 56 ad
1136 1444 82 56 quod

712 1483 90 47 est
763 1483 128 47 motus,
853 1483 154 47 quoniam,
968 1483 77 47 si
1006 1483 115 47 motus
1083 1483 128 47 fuerit
1173 1483 77 47 in

715 1524 101 46 loco,
782 1524 90 46 Iter
838 1524 90 46 erit
894 1524 101 46 locus
961 1524 134 46 scilicet
1062 1524 112 46 primus
1129 1524 90 46 locus,

711 1561 98 41 ad
760 1561 131 41 quem
842 1561 148 41 motum
940 1561 197 41 mouetur.
1088 1561 82 41 &
1104 1561 115 41 simi-

712 1600 121 42 liter,
797 1600 73 42 si
833 1600 109 42 motus
905 1600 121 42 fuerit
990 1600 73 42 in
1026 1600 169 42 qualitate,
1147 1600 73 42 tunc

712 1637 130 50 inter
798 1637 116 50 erit
871 1637 130 50 prima
958 1637 188 50 qualitas,
1102 1637 87 50 ad
1131 1637 87 50 quam

717 1675 253 52 transmutatur
923 1675 269 52 trausmutatum.
1128 1675 95 52 quod

719 1717 127 46 autem
804 1717 155 46 necesse
916 1717 99 46 est
973 1717 85 46 vt
1015 1717 99 46 sit
1072 1717 99 46 hic
1114 1717 113 46 primus

719 1756 148 44 ocus,
817 1756 82 44 &
850 1756 181 44 quomodo
982 1756 165 44 primus
1081 1756 148 44 apparet

713 1792 82 50 ex
754 1792 110 50 hoc,
823 1792 110 50 quod
892 1792 165 50 diximus,
1015 1792 110 50 quod
1084 1792 124 50 motus
1152 1792 69 50 non
