1416 2066
189 173 110 61 mam.
258 173 69 61 &
285 173 96 61 sic
340 173 110 61 idem
409 173 82 61 in
450 173 124 61 eodem
533 173 110 61 modo
601 173 110 61 erit
656 173 55 61 ea

207 221 146 61 lidum,
310 221 73 61 &
339 221 102 61 non
398 221 146 61 calidu
500 221 176 61 insimul.
632 221 73 61 &
646 221 59 61 se

206 269 159 62 cundum
317 269 127 62 hunc
397 269 143 62 modum
492 269 111 62 est
555 269 95 62 de
587 269 127 62 quali.

203 317 114 53 bet
268 317 180 53 aliorum
399 317 147 53 rerum
497 317 196 53 motarum,
627 317 82 53 qua

204 365 114 45 rum
269 365 146 45 motor
366 365 114 45 est
431 365 195 45 vniuocum
562 365 146 45 secudum

191 413 162 46 formam.

210 476 104 47 Cum
269 476 207 47 declarauit
432 476 119 47 quod
507 476 119 47 omne
581 476 133 47 motum
655 476 59 47 in

203 509 120 46 loco
278 509 196 46 reducetur
429 509 90 46 ad
474 509 136 46 motum
564 509 90 46 ex
610 509 105 46 se,
670 509 75 46 &

206 556 103 45 quod
270 556 129 45 illud,
361 556 103 45 quod
425 556 154 45 sequitur
541 556 77 45 de
579 556 90 45 hoc
631 556 77 45 in
657 556 51 45 mo

204 588 97 52 tis
260 588 180 52 postremis
398 588 263 52 particularibus,
605 588 111 52 sequit

211 629 128 44 similiter
310 629 59 44 in
339 629 89 44 motis
398 629 98 44 primis
467 629 177 44 vniversalibus.
615 629 79 44 siue
654 629 59 44 fue-

208 662 82 50 rit
255 662 105 50 vnum,
325 662 93 50 siue
383 662 117 50 plura,
465 662 58 50 &
488 662 163 50 declarauit
617 662 93 50 quod
663 662 47 50 ne

205 702 125 36 cesse
288 702 97 36 est
344 702 83 36 vt
385 702 138 36 motor,
482 702 97 36 per
537 702 111 36 quem
593 702 125 36 mouetur

190 741 117 47 motum
268 741 78 47 ex
307 741 78 47 se
345 741 142 47 primum,
449 741 91 47 non
501 741 155 47 moueatur
604 741 104 47 omnino

208 773 91 53 neque
268 773 171 53 essentialitr,
409 773 101 53 neque,
480 773 201 53 accnntalilcitur,
651 773 50 53 &
661 773 50 53 de-

205 813 161 37 clarauit
325 813 107 37 quod
392 813 107 37 idem
459 813 201 37 impossibile
619 813 94 37 est
659 813 54 37 vt

206 852 174 45 moueat,
332 852 79 45 &
364 852 189 45 moueatur
506 852 142 45 eodem
601 852 142 45 modo,

207 885 100 50 vult
269 885 187 50 perscrutari
419 885 75 50 de
456 885 100 50 moto
519 885 75 50 ex
556 885 87 50 se,
594 885 112 50 secundu

211 925 94 46 quod
270 925 82 46 est
317 925 105 46 motum
387 925 70 46 ex
422 925 82 46 se,
469 925 129 46 quomodo
563 925 141 46 mouetur,
668 925 59 46 &
680 925 35 46 a

205 960 91 50 quo
257 960 156 50 mouetur.
374 960 65 50 &
400 960 182 50 intendebat
542 960 104 50 hoc,
594 960 117 50 quoniam

212 997 162 46 videbatur
336 997 150 46 Platoni,
448 997 100 46 quod
511 997 112 46 motum
585 997 75 46 ex
623 997 75 46 se
648 997 62 46 com

201 1044 164 42 ponitur
321 1044 90 42 ex
365 1044 134 42 moto,
455 1044 75 42 &
485 1044 164 42 motore,
604 1044 105 42 qui
649 1044 60 42 mo

206 1074 93 52 uet
259 1074 93 52 se.
312 1074 79 52 Et
351 1074 106 52 ideo
418 1074 132 52 dixit:
510 1074 146 52 Oportet
603 1074 106 52 igitur

207 1119 94 36 nos
260 1119 107 36 nunc
327 1119 214 36 consyderare,
501 1119 94 36 &c.
554 1119 80 36 i.
595 1119 67 36 &
608 1119 107 36 inten-

207 1149 89 45 dit
258 1149 89 45 per
309 1149 102 45 hoc,
372 1149 127 45 illud,
461 1149 102 45 quod
525 1149 140 45 mouetur
626 1149 76 45 ex
652 1149 63 45 se,

207 1184 107 44 quod
273 1184 187 44 manifestum
420 1184 93 44 est
474 1184 107 44 esse
540 1184 120 44 motum
621 1184 80 44 ex
647 1184 67 44 se.

207 1221 105 45 D.d.
272 1221 144 45 Dicamus
377 1221 144 45 igitur,
482 1221 105 45 quod
548 1221 144 45 necesse
639 1221 66 45 est

211 1260 87 50 &c.
260 1260 62 50 &
285 1260 150 50 intendit
398 1260 87 50 per
448 1260 100 50 hoc,
510 1260 125 50 illud,
598 1260 100 50 quod
648 1260 62 50 de-

213 1298 123 41 claratum
305 1298 82 41 fuit
356 1298 92 41 prius
417 1298 123 41 scilicet
509 1298 82 41 quod
561 1298 82 41 omne
612 1298 92 41 motum
663 1298 51 41 est

215 1340 147 38 corpus,
322 1340 67 38 &
349 1340 107 38 quod
415 1340 107 38 omne
482 1340 134 38 corpus
563 1340 147 38 diuiditur

211 1373 73 51 in
247 1373 134 51 corpora
345 1373 183 51 diuisibilia
492 1373 134 51 semper,
590 1373 61 51 &
614 1373 98 51 quod
663 1373 49 51 im

212 1415 150 44 possibile
328 1415 81 44 est
374 1415 115 44 corpus
454 1415 115 44 diuidi
535 1415 69 44 in
558 1415 150 44 indiuisibi-

207 1454 95 36 tia,
267 1454 107 36 sicut
338 1454 119 36 dicunt
421 1454 167 36 Platonici.
552 1454 83 36 Et,
600 1454 83 36 cum
636 1454 83 36 dixit

205 1493 99 41 quod
267 1493 87 41 est
316 1493 174 41 contiuuum,
453 1493 124 41 innuit
540 1493 137 41 causam,
639 1493 99 41 quae

205 1524 133 38 facit
294 1524 133 38 motum
383 1524 118 38 esse
457 1524 207 38 continuum.
604 1524 104 38 motus

215 1560 97 52 enim
275 1560 97 52 quia
336 1560 85 52 est
384 1560 169 52 continuus,
517 1560 97 52 fuit
578 1560 133 52 secesse
663 1560 48 52 vt

205 1596 184 38 subiectum
347 1596 113 38 eius
417 1596 99 38 sit
474 1596 85 38 de
517 1596 142 38 natura
602 1596 113 38 conti-

207 1637 117 37 nui,
280 1637 73 37 &
310 1637 102 37 non
368 1637 88 37 de
412 1637 146 37 natura
514 1637 190 37 discreti.
646 1637 58 37 Et

216 1672 94 41 cum
269 1672 134 41 posuit
363 1672 107 41 hanc
430 1672 241 41 propositionem,
617 1672 94 41 dicem

209 1717 82 44 tem
256 1717 94 44 quod
315 1717 94 44 omne
373 1717 105 44 motum
444 1717 82 44 est
490 1717 176 44 diuisibile,
619 1717 94 44 sequit

208 1756 76 43 vt
246 1756 101 43 omne
309 1756 114 43 motum
385 1756 88 43 sit
435 1756 139 43 corpus,
536 1756 101 43 siue
587 1756 126 43 ponatur,

201 1787 146 39 mouetur
307 1787 93 39 se,
360 1787 93 39 aut
413 1787 132 39 moueri
505 1787 66 39 a
532 1787 146 39 mototur
624 1787 93 39 alio.

724 173 85 45 Et
766 173 99 45 rum
823 173 213 45 verificauit
993 173 113 45 hanc
1050 173 184 45 consecutio-

728 215 100 41 nem,
790 215 62 41 &
815 215 87 41 iam
865 215 199 41 declarauerat
1026 215 100 41 quod
1076 215 162 41 impossibile

735 260 77 40 est
779 260 66 40 vt
812 260 98 40 idem,
877 260 131 40 secundum
976 260 87 40 quod
1030 260 77 40 est
1074 260 120 40 corpus,
1151 260 87 40 moueat

724 289 80 49 se
764 289 107 49 ita.
830 289 107 49 quod
897 289 133 49 moueat
990 289 93 49 se,
1043 289 67 49 &
1070 289 160 49 moueatur
1176 289 67 49 eo-

727 325 109 51 dem
790 325 140 51 modo,
883 325 156 51 posuit
992 325 140 51 etiam
1085 325 125 51 hanc
1148 325 93 51 pro-

735 365 166 37 positionem,
868 365 55 37 &
890 365 111 37 dixit:
968 365 55 37 &
990 365 166 37 impossibile
1123 365 78 37 est
1167 365 67 37 vt
1190 365 55 37 il-

726 402 101 40 lud,
790 402 89 40 &c.
840 402 76 40 i.
878 402 63 40 &
903 402 101 40 iste
967 402 114 40 sermo
1043 402 89 40 est
1081 402 164 40 intellectus

729 437 55 51 ex
756 437 119 51 praedicto
848 437 110 51 scilicet
930 437 73 51 quod
976 437 137 51 impossibile
1086 437 64 51 est
1122 437 73 51 quod
1159 437 82 51 aliquid

730 484 125 37 moueat,
820 484 136 37 secundum
922 484 91 37 quod
979 484 136 37 mouetur.
1081 484 57 37 &
1104 484 79 37 hoc
1149 484 79 37 est
1195 484 68 37 in

730 515 114 39 motis,
809 515 57 39 &
832 515 170 39 mouentibus,
968 515 91 39 quae
1025 515 170 39 dicitunrtur
1150 515 91 39 vniuo-

729 549 119 44 uoce.
808 549 66 44 &
834 549 119 44 dixit
913 549 105 44 hoc,
979 549 105 44 quia
1045 549 92 44 hoc
1098 549 92 44 non
1151 549 92 44 est
1190 549 53 44 im

737 588 157 40 possibile,
860 588 89 40 nisi
916 588 67 40 in
949 588 157 40 motoribus,
1072 588 89 40 quae
1128 588 89 40 sunt
1173 588 67 40 cor-

734 626 124 49 pora,
817 626 96 49 aut
872 626 165 49 virtutes
996 626 83 49 in
1037 626 207 49 corporibus.
1189 626 55 49 Et

730 661 109 49 ideo
799 661 205 49 existimauit
963 661 137 49 Plato,
1058 661 109 49 quod
1127 661 109 49 mota
1181 661 55 49 ex

724 701 86 37 se
767 701 172 37 mouentur
896 701 72 37 a
924 701 186 37 motoribus
1053 701 172 37 abstiactis

729 735 107 42 licet
801 735 95 42 quia
860 735 131 42 ponebat
955 735 95 42 quod
1015 735 119 42 mouens
1098 735 71 42 se
1134 735 83 42 est
1169 735 60 42 ab-

730 775 181 46 stractum,
869 775 69 46 &
897 775 111 46 quod
966 775 194 46 abstractum
1119 775 97 46 est
1161 775 69 46 mo-

730 813 92 47 uens
788 813 81 47 se.
834 813 92 47 Sed,
892 813 69 47 si
926 813 81 47 hoc
972 813 115 47 fuerit
1053 813 92 47 ita,
1111 813 92 47 tunc
1157 813 69 47 motu

733 849 66 41 &
759 849 132 41 mouere
852 849 119 41 illic
931 849 159 41 dicentur
1050 849 172 41 aequiuoce
1169 849 66 41 cum

730 885 120 51 motu,
810 885 94 51 qui
863 885 94 51 est
917 885 107 51 hic.
984 885 80 51 Et
1024 885 120 51 error
1091 885 147 51 contingit

731 923 136 42 Platom
827 923 82 42 ex
868 923 109 42 hoc,
936 923 109 42 quod
1004 923 191 42 opinabatur
1153 923 109 42 quod

735 966 136 44 primus
830 966 122 44 motor
912 966 81 44 in
952 966 163 44 corpore,
1074 966 95 44 qui
1115 966 122 44 mouetur

728 996 78 47 ex
767 996 91 47 se,
819 996 91 47 non
872 996 91 47 est
924 996 144 47 corpus.
1028 996 65 47 &
1054 996 91 47 est
1106 996 104 47 vera
1159 996 78 47 opi-

732 1036 92 48 mo.
784 1036 66 48 &
811 1036 144 48 opinans
916 1036 92 48 est
968 1036 92 48 cum
1021 1036 105 48 hoc,
1087 1036 105 48 quod
1139 1036 92 48 omnis

728 1070 125 49 motor,
815 1070 100 49 siue
877 1070 125 49 fuerit
964 1070 137 49 corpus,
1064 1070 100 49 siue
1126 1070 100 49 non,
1176 1070 62 49 non

731 1108 145 39 mouet,
832 1108 116 39 nisi
904 1108 174 39 moueatur
1034 1108 101 39 vno
1092 1108 116 39 modo
1165 1108 101 39 mo

732 1141 93 49 tus,
791 1141 105 49 dicto
860 1141 140 49 vniuoce.
965 1141 58 49 &
989 1141 93 49 fuit
1047 1141 175 49 inpossibile
1175 1141 58 49 apd

735 1188 112 45 psum
805 1188 84 45 vt
847 1188 139 45 motor,
944 1188 98 45 qui
1000 1188 98 45 est
1056 1188 153 45 corpus,
1167 1188 98 45 mo

730 1228 89 40 ueat
786 1228 78 40 se,
830 1228 56 40 &
853 1228 145 40 similiter
965 1228 78 40 qui
1009 1228 78 40 est
1054 1228 112 40 virtus
1132 1228 67 40 in
1155 1228 78 40 corpo

734 1261 78 37 re,
778 1261 56 37 &
801 1261 89 37 tunc
856 1261 145 37 conclusit
968 1261 67 37 ex
1001 1261 89 37 hoc,
1057 1261 89 37 quod
1113 1261 100 37 anima
1179 1261 78 37 non

732 1300 87 46 est
781 1300 75 46 in
819 1300 149 46 corpore,
931 1300 62 46 &
955 1300 99 46 quod
1018 1300 87 46 est
1067 1300 149 46 aeterua,
1167 1300 62 46 cum

729 1332 127 46 moueat
818 1332 89 46 se.
869 1332 76 46 Et
908 1332 89 46 hoc
959 1332 115 46 esset
1035 1332 127 46 verum,
1124 1332 76 46 si
1150 1332 89 46 anima

732 1366 137 40 moueret
831 1366 75 40 se
869 1366 237 40 essentiallitur,
1069 1366 62 40 &
1094 1366 137 40 moueret
1181 1366 50 40 se

732 1405 82 39 motu
783 1405 112 39 proprio
865 1405 143 39 abstractis
977 1405 123 39 scilicet
1069 1405 61 39 vt
1089 1405 133 39 intellectus

728 1442 59 48 &
752 1442 178 48 intellectum
894 1442 71 48 in
930 1442 71 48 ea
965 1442 119 48 essent
1048 1442 107 48 idem,
1119 1442 71 48 vt
1143 1442 95 48 decla-

729 1480 124 51 ratum
812 1480 96 51 est
866 1480 82 51 de
908 1480 124 51 primo
990 1480 151 51 motore,
1100 1480 69 51 &
1127 1480 82 51 de
1155 1480 82 51 cae-

724 1524 125 31 teris
807 1524 180 31 motoribus
946 1524 208 31 abstractis.
1112 1524 97 31 sed
1153 1524 83 31 iste

729 1556 119 46 motus
808 1556 145 46 dicitur
914 1556 172 46 aequiuoce
1046 1556 93 46 cum
1099 1556 119 46 motu,
1165 1556 66 46 qui

723 1593 102 51 est
782 1593 73 51 a
811 1593 205 51 motoribus,
972 1593 102 51 qui
1030 1593 117 51 sunt
1089 1593 146 51 corpora,

722 1637 102 32 aut
781 1637 175 32 virtutes
912 1637 87 32 in
955 1637 218 32 corporibus.
1130 1637 73 32 &
1145 1637 87 32 omne

723 1668 107 38 hoc
784 1668 214 38 manifestum
952 1668 107 38 est
998 1668 244 38 exeicitantibus

729 1705 69 49 se
763 1705 69 49 in
798 1705 104 49 istis
855 1705 138 49 scientiis.

769 1748 117 50 Quod
843 1748 132 50 autem
930 1748 103 50 non
989 1748 103 50 est
1048 1748 146 50 ipseum
1135 1748 103 50 seipm

723 1787 148 56 mouens
827 1787 118 56 sic,
901 1787 89 56 vt
945 1787 178 56 vtrumque
1078 1787 89 56 ab
1108 1787 133 56 vtroque
