1416 2066
195 188 81 48 da
235 188 148 48 figura,
343 188 67 48 &
370 188 188 48 componitur
518 188 108 48 sic.
571 188 135 48 Superius

213 221 114 40 debet
290 221 102 40 esse
353 221 127 40 fixum:
442 221 64 40 &
467 221 140 40 vltimum
556 221 153 40 circulatio

208 261 90 51 nis
259 261 90 51 est
311 261 128 51 fixum:
400 261 102 51 orgo
464 261 153 51 superius
579 261 90 51 est
617 261 90 51 vlti-

204 299 95 40 mum
259 299 244 40 circulationis.
462 299 81 40 Et
503 299 136 40 potest
598 299 108 40 dici
652 299 54 40 ad

208 337 90 53 hoc,
264 337 135 53 quoniam,
365 337 90 53 quia
421 337 101 53 ratio
488 337 79 53 est
533 337 124 53 famosa,
623 337 79 53 non
657 337 56 53 cu-

207 375 90 44 rat
259 375 90 44 vti
310 375 78 44 in
349 375 90 44 hoc
401 375 129 44 duabus
491 375 207 44 affirmatiuis
659 375 78 44 in

208 414 154 54 secunda
320 414 154 54 figura.
432 414 84 54 Et
475 414 112 54 pont
545 414 112 54 dici
615 414 84 54 ad
643 414 70 54 hoc

216 452 75 51 et,
259 452 86 51 quod
313 452 151 51 propositio
432 452 97 51 maior
496 452 172 51 conuertitur,
626 452 86 51 quando

215 495 116 36 additur
300 495 63 36 et
331 495 74 36 hoc
374 495 127 36 scilicet
469 495 63 36 vt
500 495 95 36 fixum
563 495 74 36 sit
606 495 63 36 in
627 495 84 36 maximo

213 532 124 54 supiori,
306 532 114 54 quoniam
388 532 83 54 tunc
440 532 134 54 sillectus
544 532 145 54 componitur
647 532 62 54 sic,

211 572 128 53 Superius
307 572 160 53 simpieciter
435 572 75 53 est
478 572 107 53 fixum,
553 572 85 53 quid
606 572 75 53 est
649 572 64 53 in
670 572 43 53 vl

208 613 105 50 timo
274 613 184 50 superiori:
418 613 66 50 &
444 613 131 50 fixum,
536 613 105 50 quod
602 613 92 50 est
654 613 79 50 in

209 650 130 41 vltimo
300 650 182 41 superiori,
443 650 91 41 est
495 650 143 41 vltimum
599 650 78 41 in
625 650 78 41 cir-

211 693 153 50 culatione:
331 693 87 50 ergo
386 693 87 50 quod
441 693 131 50 superius
539 693 77 50 est
572 693 131 50 simperctur

208 729 72 41 est
249 729 113 41 vltimum
331 729 62 41 in
362 729 175 41 circulatione.
506 729 51 41 &
527 729 134 41 similiter
619 729 93 41 dicitur

205 768 63 52 de
237 768 126 52 inferior
332 768 126 52 scilicet
426 768 84 52 quod
479 768 74 52 cum
521 768 116 52 additui
605 768 74 52 ei,
647 768 84 52 quod

200 804 95 46 est
255 804 136 46 vltimo
350 804 190 46 inferiori,
499 804 108 46 tunc
553 804 149 46 conuersio

210 845 103 45 erit
275 845 116 45 vera.
352 845 90 45 Et,
404 845 103 45 quia
468 845 116 45 verae
532 845 181 45 definitiones

210 884 139 46 debent
307 884 181 46 conuenire
447 884 153 46 omnibus
558 884 139 46 spebus
641 884 70 46 rei

208 924 164 46 definitae,
337 924 141 46 incoepit
443 924 152 46 declarare
560 924 129 46 quomodo
642 924 70 46 ista

211 970 177 47 definitio
348 970 109 47 loci
416 970 164 47 conuenit
538 970 136 47 duabus
620 970 82 47 spe-

203 1005 116 53 ciebus
284 1005 81 53 loc
331 1005 139 53 scilicet
435 1005 162 53 superiori,
562 1005 58 53 &
573 1005 139 53 inferiori,

207 1044 67 55 &
233 1044 135 55 dixit:
328 1044 94 55 Cum
382 1044 135 55 igitur
476 1044 121 55 leue,
557 1044 94 55 &c.
611 1044 81 55 i.
638 1044 67 55 cum

204 1085 119 50 ligitur
291 1085 87 50 leue
345 1085 163 50 transfertur
475 1085 163 50 naturalitur
595 1085 108 50 superius

208 1127 59 35 &
232 1127 176 35 transfertur
373 1127 199 35 naturamiliter
537 1127 70 35 ad
572 1127 106 35 finem
631 1127 70 35 con-

208 1164 157 50 tinentem:
329 1164 97 50 ergo
389 1164 145 50 superius
498 1164 85 50 est
547 1164 109 50 finis
607 1164 97 50 conti-

210 1202 110 40 nens.
283 1202 73 40 Et
320 1202 183 40 existimatur
466 1202 98 40 quod
527 1202 98 40 ista
576 1202 134 40 conclusio

203 1237 77 54 est
247 1237 177 54 vniversalis,
391 1237 55 54 &
413 1237 66 54 in
446 1237 111 54 tertia
524 1237 122 54 figura,
612 1237 89 54 quod
657 1237 55 54 non

207 1279 134 47 oportet.
307 1279 78 47 Sed
352 1279 89 47 ista
407 1279 145 47 conclusio
519 1279 78 47 est
552 1279 156 47 vniversalis,

210 1322 89 46 quia
265 1322 100 46 minor
332 1322 166 46 conuertitur
464 1322 166 46 vniversalis
586 1322 133 46 affirmati-

201 1356 76 46 ua.
245 1356 130 46 videndal
342 1356 141 46 syllectus
451 1356 152 46 componitur
571 1356 76 46 sic
614 1356 65 46 in
636 1356 76 46 prima

211 1397 123 55 figura.
300 1397 134 55 Superius
401 1397 78 55 est
446 1397 78 55 id,
491 1397 67 55 ad
525 1397 90 55 quod
569 1397 146 55 traussertur

206 1438 93 45 leue
265 1438 175 45 naturalitu:
404 1438 58 45 &
428 1438 116 45 illud,
509 1438 70 45 ad
544 1438 93 45 quod
591 1438 116 45 transfer

205 1476 91 50 tur
257 1476 104 50 leue
322 1476 196 50 naturaliter
479 1476 91 50 est
531 1476 117 50 finis
597 1476 117 50 vltimae

203 1517 235 55 circulationis:
399 1517 104 55 ergo
464 1517 157 55 superius
581 1517 91 55 est
621 1517 91 55 finis

202 1557 182 45 continens,
345 1557 91 45 qui
397 1557 169 45 vicinatur
527 1557 143 45 corpori
618 1557 91 45 vlti-

207 1597 82 51 mo.
254 1597 70 51 Et
289 1597 152 51 similiter
406 1597 175 51 concluditur
546 1597 93 51 quod
592 1597 117 51 inferius

212 1644 82 43 est
259 1644 105 43 finis
329 1644 116 43 aquae,
410 1644 140 43 scilicet
515 1644 140 43 concauum
620 1644 116 43 aquae.

205 1676 88 52 Et
249 1676 147 52 dixit:
353 1676 74 52 &
382 1676 162 52 medium.
500 1676 162 52 quoniam
603 1676 103 52 graue

212 1716 78 46 non
256 1716 122 46 quaerit
345 1716 89 46 hunc
400 1716 100 46 finem
467 1716 133 46 scilicet
567 1716 100 46 finem
622 1716 89 46 aquae,

206 1753 95 41 nisi
265 1753 142 41 secundum
372 1753 95 41 quod
431 1753 83 41 est
478 1753 118 41 medium
561 1753 130 41 totius,
656 1753 83 41 non

209 1796 129 41 secundum
306 1796 86 41 quod
360 1796 75 41 est
403 1796 97 41 finis
467 1796 107 41 aquae.
542 1796 64 41 &,
574 1796 64 41 si
607 1796 86 41 non,
650 1796 64 41 tunc

205 1842 128 33 terra
290 1842 185 33 moueretur
432 1842 85 33 ad
475 1842 142 33 aquam,
574 1842 99 33 vbi
617 1842 99 33 esset

196 1872 130 42 finis
282 1872 130 42 eius:
369 1872 130 42 sicut
455 1872 144 42 ferrum
556 1872 159 42 mouetur
657 1872 58 42 ad

725 180 189 47 magnetem,
871 180 189 47 vbicunque
1016 180 160 47 fuerit:
1133 180 73 47 &
1162 180 102 47 hoc
1205 180 44 47 l

726 218 106 48 non
786 218 181 48 sentitur
922 218 91 48 de
967 218 136 48 aqua.
1058 218 75 48 &
1088 218 136 48 sermo
1164 218 75 48 de,

730 258 95 52 hoc
785 258 108 52 erit
852 258 163 52 perfecte
974 258 81 52 in
1015 258 122 52 libro
1096 258 81 52 de
1124 258 108 52 Coelo,

722 298 72 52 &
750 298 144 52 Mundo,
851 298 100 52 hic
908 298 115 52 enim
980 298 172 52 loquitur
1109 298 86 52 de
1138 298 86 52 loco

724 338 145 40 communi.
833 338 170 40 vniuersali
966 338 133 40 omnibus
1063 338 170 40 corporibus
1185 338 48 40 na

728 374 200 44 turalibus.
885 374 114 44 D.d.
956 374 71 44 &
984 374 114 44 ideo
1042 374 185 44 existimatur

727 418 96 55 quod
787 418 108 55 locus
860 418 96 55 est,
920 418 84 55 &c.
968 418 60 55 &
992 418 96 55 quia
1052 418 133 55 corpora
1137 418 84 55 trans

730 454 129 45 feruntur
827 454 161 45 naturalitur
956 454 64 45 ad
988 454 107 45 vltima
1063 454 129 45 scilicet
1160 454 64 45 ad
1181 454 43 45 su

734 493 161 44 perficies
858 493 186 44 continentes
1007 493 112 44 ipsa,
1081 493 62 44 &
1093 493 137 44 quiescunt

725 533 89 45 in
770 533 104 45 eis
829 533 178 45 secundum
962 533 267 45 conuenientiam,
1185 533 74 45 &

728 573 223 45 similitudinem,
913 573 136 45 necesse
1012 573 87 45 est
1062 573 74 45 vt
1099 573 111 45 locus
1161 573 62 45 sit

724 614 169 50 vltimus:
851 614 70 50 &
879 614 127 50 quasi
963 614 99 50 est
1020 614 99 50 vas
1062 614 155 50 continens

728 653 90 45 non
780 653 129 45 inane,
870 653 103 45 quod
935 653 90 45 est
986 653 116 45 inter
1064 653 142 45 vltima.
1154 653 65 45 non

722 693 114 44 enim
793 693 100 44 est
850 693 228 44 conuenientia
1036 693 128 44 inter
1107 693 114 44 inane,

722 729 70 52 &
750 729 153 52 corpus,
861 729 70 52 a
889 729 125 52 neque
973 729 84 52 in
1015 729 84 52 eo
1057 729 112 52 sunt
1112 729 112 52 diffe-

727 765 154 54 rentiae,
843 765 128 54 quibus
932 765 167 54 diuidatur
1060 765 77 54 in
1086 765 141 54 superius,

726 809 70 41 &
754 809 181 41 inferius.
893 809 112 41 D.d.
963 809 70 41 &
991 809 125 41 etiam
1075 809 139 41 locus,
1158 809 70 41 &c-

726 847 70 43 &
754 847 125 43 forte
838 847 181 43 intendit,
977 847 153 43 quoniam
1089 847 139 43 locus,
1186 847 70 43 &

726 887 140 44 locatum
828 887 102 44 sunt
892 887 166 44 relatiua,
1020 887 77 44 et
1058 887 153 44 relatiua
1160 887 77 44 sunt

724 927 185 44 insimul,
863 927 77 44 &
893 927 108 44 cum
955 927 170 44 alterum
1063 927 170 44 aufertur,

725 965 171 60 aufertur
853 965 71 60 &
881 965 185 60 reliquum.
1024 965 71 60 &
1052 965 100 60 hoc
1109 965 100 60 non
1166 965 100 60 in

729 1005 143 57 ugnitur,
836 1005 95 57 nisi
895 1005 71 57 in
931 1005 107 57 loco,
1002 1005 83 57 qui
1050 1005 83 57 est
1097 1005 107 57 finis
1157 1005 71 57 suus

730 1052 111 47 tantum.
811 1052 101 47 bfinis
881 1052 81 47 enim
932 1052 71 47 non
972 1052 131 47 inuenitur
1073 1052 81 47 nisi
1124 1052 101 47 quando
1185 1052 40 47 in

729 1083 135 47 uenitur
827 1083 122 47 illud,
912 1083 110 47 cuius
986 1083 86 47 est
1035 1083 122 47 finis,
1120 1083 61 47 &
1132 1083 86 47 defi-

732 1125 85 45 cit
780 1125 85 45 per
829 1125 97 45 suum
890 1125 158 45 defectum.
1011 1125 73 45 &,
1048 1125 73 45 si
1084 1125 109 45 locus
1145 1125 85 45 esset

730 1164 136 46 inane,
826 1164 95 46 non
880 1164 123 46 esset
962 1164 204 46 necessarium
1126 1164 82 46 in
1153 1164 68 46 fuo

726 1199 112 43 esse
796 1199 155 43 locatum
909 1199 127 43 esse:
993 1199 70 43 &
1021 1199 112 43 tunc
1077 1199 155 43 inueniret

728 1240 125 42 locus
812 1240 111 42 sine
881 1240 153 42 locato.
992 1240 83 42 Et
1034 1240 125 42 forte
1104 1240 125 42 inducit

735 1282 95 47 per
790 1282 95 47 hoc
844 1282 176 47 iationem,
980 1282 95 47 qua
1034 1282 163 47 declarat
1143 1282 81 47 quod

731 1320 124 42 locus
814 1320 124 42 debet
897 1320 111 42 esse
966 1320 180 42 permanens
1105 1320 97 42 cum
1146 1320 83 42 per-

733 1361 171 49 manentia
861 1361 171 49 corporis
989 1361 85 49 in
1017 1361 71 49 eo.

733 1404 100 61 Quod
795 1404 163 61 definitio
920 1404 163 61 assignata
1045 1404 150 61 conuenit
1145 1404 100 61 cunctu

724 1447 177 43 corporibus
864 1447 190 43 simplicibus
1015 1447 177 43 mobilibus.
1154 1447 89 43 Ca.
1192 1447 51 43 0.

805 1488 87 58 Vi
849 1488 146 58 igitur
951 1488 160 58 corpori
1067 1488 102 58 est
1111 1488 131 58 aliquid

825 1540 153 41 corpus
932 1540 153 41 extra,
1039 1540 199 41 continens
1176 1540 61 41 ip

824 1572 107 46 sum,
890 1572 93 46 hoc
944 1572 80 46 in
984 1572 107 46 loco
1050 1572 107 46 est:
1117 1572 93 46 cui
1157 1572 80 46 vero

726 1615 112 51 non,
796 1615 154 51 minime.
908 1615 168 51 quocirca
1035 1615 140 51 etiam,
1133 1615 84 51 si
1161 1615 84 51 aqua

727 1660 133 58 fuerit
820 1660 187 58 huiusmodi,
967 1660 133 58 partes
1060 1660 133 58 quidem
1140 1660 93 58 moue-

730 1700 119 46 buntur
814 1700 131 46 ipsius.
909 1700 155 46 continent
1028 1700 95 46 enim
1088 1700 60 46 a
1100 1700 143 46 seinuicem,

731 1747 113 47 totum
807 1747 113 47 autem
882 1747 88 47 est
932 1747 125 47 quidem
1020 1747 75 47 vt
1057 1747 175 47 mouebitur,
1182 1747 63 47 est

727 1786 118 40 vero
801 1786 88 40 vt
845 1786 118 40 non.
919 1786 88 40 vt
963 1786 118 40 enim
1037 1786 133 40 totum
1110 1786 133 40 simullo

727 1829 103 45 cum
786 1829 103 45 non
845 1829 147 45 mutat,
948 1829 236 45 circulariter
1140 1829 103 45 ant
1184 1829 59 45 mo

727 1869 142 45 uebitur
830 1869 142 45 partium
933 1869 103 45 enim
998 1869 90 45 hic
1050 1869 116 45 locus
1127 1869 103 45 est&
1179 1869 64 45 sur
