1416 2066
175 180 130 55 tionum
266 180 156 55 scilicet
383 180 78 55 in
422 180 65 55 a
447 180 234 55 demonstratione
629 180 65 55 sim

175 223 173 46 psialier,
308 223 66 46 &
334 223 199 46 demtratione
494 223 120 46 quia,
573 223 66 46 &
587 223 106 46 demon-

194 261 154 45 stratione
313 261 119 45 perper
396 261 107 45 quid.
467 261 71 45 Et
503 261 83 45 non
551 261 83 45 est
598 261 95 45 ita.
646 261 59 45 hoc

188 301 96 38 enim
248 301 84 38 non
296 301 84 38 est
345 301 193 38 impossibile,
501 301 96 38 nisi
561 301 72 38 in
586 301 108 38 demetra

191 341 103 45 tione
259 341 172 45 simpieritu,
397 341 57 45 &
420 341 172 45 demtratione
557 341 115 45 perper
626 341 80 45 quid.

186 376 82 43 in
227 376 245 43 demonstratione
432 376 123 43 autem
513 376 123 43 quia,
595 376 95 43 non
636 376 68 43 est

188 418 193 37 impossibile:
345 418 108 37 sicut
417 418 108 37 fecit
489 418 120 37 Arist.
574 418 72 37 in
598 418 96 37 demon-

190 452 187 49 stratione
334 452 144 49 primae
435 452 187 49 materiae,
579 452 72 49 &
593 452 101 49 primi

187 498 137 33 motoris
286 498 75 33 in
324 498 87 33 hoc
374 498 125 33 libro:
461 498 112 33 quae,
536 498 75 33 si
573 498 125 33 fuerit
648 498 50 33 de

191 527 213 43 accidentibus
364 527 160 43 propriis
484 527 133 43 entis,
577 527 107 43 erit
630 527 67 43 de-

186 572 181 39 mostratio
325 572 195 39 Naturalis:
479 572 84 39 &,
521 572 84 39 si
563 572 139 39 fuerit
646 572 56 39 de

189 605 193 51 accidentibus
346 605 145 51 propriis
454 605 108 51 entis
514 605 181 51 simpeiecitur.

187 645 121 50 erit
262 645 242 50 demonstratio
459 645 242 50 Metaphysica.
656 645 76 50 &

194 683 149 51 videtuer
305 683 99 51 quod
367 683 111 51 prima
441 683 62 51 b
466 683 136 51 Materia
565 683 87 51 non
602 683 99 51 potest

190 725 170 37 declarari
321 725 105 37 esse
386 725 144 37 proprie
491 725 105 37 nisi
556 725 92 37 per
595 725 105 37 signum

189 760 185 52 naturale:
331 760 142 52 primus
430 760 128 52 autem
515 760 128 52 Motor
586 760 114 52 impos-

200 798 109 44 sibile
277 798 77 44 est
320 798 66 44 vt
353 798 153 44 declaretur
473 798 87 44 esse
528 798 87 44 nisi
583 798 77 44 per
616 798 87 44 signum

190 837 156 52 naturale.
310 837 84 52 Via
358 837 120 52 autem,
442 837 96 52 qua,
503 837 156 52 processit
611 837 84 52 Auic,

192 882 88 41 in
236 882 176 41 probando
368 882 146 41 primum
471 882 220 41 principium,
632 882 73 41 est

196 914 105 39 via
256 914 226 39 loquentium:
437 914 75 39 &
467 914 136 39 sermo
557 914 121 39 eius
618 914 75 39 sem

201 958 183 36 inuenitur
342 958 127 36 quasi
426 958 141 36 medius
525 958 127 36 inter
595 958 99 36 Peri-

191 997 210 37 pateticos,
356 997 75 37 &
386 997 210 37 Loquentes.
552 997 105 37 Cum
597 997 105 37 autem

192 1036 138 30 causae
289 1036 165 30 subiecti
413 1036 124 30 artis
495 1036 179 30 habueriut
619 1036 83 30 cau-

188 1068 96 38 sas
243 1068 164 38 priores,
366 1068 109 38 tunc
434 1068 219 38 demonstratio
598 1068 96 38 illa-

190 1109 102 46 rum
249 1109 174 46 causarum
379 1109 116 46 erit
452 1109 102 46 per
496 1109 203 46 demonstratio

192 1141 83 46 nem
239 1141 201 46 simpiericitur
405 1141 71 46 in
440 1141 94 46 arte
499 1141 165 46 continente
617 1141 83 46 illam

193 1188 134 39 artem:
287 1188 67 39 &
313 1188 107 39 erit
381 1188 121 39 etiam
461 1188 94 39 per
515 1188 121 39 signa
596 1188 81 39 in
622 1188 81 39 illa

186 1229 130 40 arte:
272 1229 72 40 &
301 1229 101 40 hoc
359 1229 130 40 totum
446 1229 130 40 erit,
532 1229 144 40 quando
619 1229 72 40 cau

184 1261 88 37 sae
235 1261 151 37 subiecti
348 1261 114 37 artis
412 1261 151 37 latuerint.

222 1325 180 40 Insuper
353 1325 180 40 eiusdem
483 1325 115 40 est
549 1325 98 40 id
582 1325 115 40 cuius

181 1365 192 53 gratia,
320 1365 87 53 &
355 1365 174 53 finem,
477 1365 87 53 &
495 1365 209 53 quaecunque

191 1409 129 41 sunt
271 1409 145 41 horum
368 1409 177 41 gratia.
496 1409 161 41 natura
593 1409 112 41 autem

191 1447 130 43 finis
277 1447 115 43 est,
349 1447 72 43 &
378 1447 101 43 id,
436 1447 130 43 cuius
522 1447 144 43 causa,
609 1447 86 43 quo-

185 1487 105 43 rum
245 1487 120 43 enim
320 1487 180 43 continuo
454 1487 120 43 motu
514 1487 180 43 existente,

194 1533 98 54 est
250 1533 154 54 aliquis
362 1533 126 54 finis
446 1533 140 54 ipsius
543 1533 140 54 motus,
627 1533 70 54 hic

200 1572 159 54 vltimum
315 1572 116 54 est,
388 1572 72 54 &
417 1572 101 54 id,
475 1572 130 54 cuius
562 1572 116 54 cam.
620 1572 72 54 quo

190 1612 138 46 circa
282 1612 77 46 &
312 1612 138 46 Poeta
404 1612 199 46 derisorie
542 1612 153 46 adductus

188 1653 101 54 est
245 1653 87 54 vt
289 1653 173 54 diceret.
419 1653 130 54 Habet
505 1653 144 54 finem,
592 1653 101 54 cuius

196 1701 143 45 quidem
296 1701 129 45 causa
382 1701 143 45 factus
482 1701 114 45 est.
553 1701 114 45 vult
610 1701 86 45 enim

196 1740 87 51 non
245 1740 99 51 omne
307 1740 136 51 vltimum
406 1740 99 51 esse
468 1740 124 51 finem,
555 1740 74 51 sa
580 1740 124 51 optimum.

240 1780 83 64 Et
282 1780 124 64 etiam
364 1780 138 64 illud,
460 1780 151 64 propter
570 1780 110 64 quod
625 1780 69 64 est

188 1829 138 61 illud,
285 1829 110 61 quod
354 1829 110 61 est,
423 1829 69 61 &
451 1829 124 61 finis
533 1829 166 61 intenta,
644 1829 55 61 et

718 179 107 64 quod
785 179 94 64 est
838 179 121 64 causa
919 179 147 64 istius,
1026 179 94 64 est
1079 179 121 64 vnius
1146 179 94 64 sciem

708 245 130 45 tiae.
794 245 145 45 natura
895 245 130 45 autem
982 245 101 45 est
1040 245 145 45 finis,
1141 245 72 45 &
1156 245 72 45 pro

717 284 123 55 pter
793 284 123 55 quid
870 284 107 55 est
931 284 123 55 quod
1008 284 123 55 est.
1085 284 123 55 quod
1146 284 92 55 enim

708 325 99 45 de
758 325 149 45 rebus
858 325 232 45 habentibus
1040 325 149 45 motum
1123 325 116 45 conti

707 372 124 63 nuum
784 372 139 63 habet
877 372 170 63 aliquem
1000 372 155 63 finem,
1108 372 124 63 ille
1170 372 62 63 si

708 419 114 63 nis
773 419 114 63 est
838 419 180 63 vltimum
969 419 131 63 eius
1051 419 82 63 &
1067 419 164 63 propter.

720 468 120 63 quod
795 468 120 63 est.
870 468 75 63 &
900 468 120 63 ideo
975 468 135 63 sermo
1049 468 180 63 versifica-

716 517 148 58 toris,
820 517 103 58 cum
879 517 133 58 dixit
967 517 133 58 ipsum
1056 517 103 58 ire
1115 517 89 58 ad
1144 517 89 58 mor-

719 565 115 61 tem,
790 565 72 61 &
819 565 100 61 est
876 565 143 61 illud,
977 565 158 61 propter
1092 565 115 61 quod
1149 565 86 61 fuit

718 610 90 48 est
770 610 207 48 derisibilis.
938 610 90 48 non
989 610 103 48 enim
1054 610 78 48 oe
1093 610 129 48 vltimu
1170 610 65 48 est

723 661 141 46 finis,
822 661 99 46 sed
878 661 155 46 vltimum
977 661 155 46 nobilius.

751 716 102 46 Haec
815 716 89 46 est
866 716 102 46 alia
929 716 204 46 roiocinatio,
1095 716 89 46 qua
1133 716 89 46 decla

715 758 97 45 rat
771 758 111 45 quod
840 758 181 45 Naturalis
979 758 195 45 consyderat
1133 758 83 45 de
1160 758 56 45 na

718 797 122 45 tura,
800 797 109 45 quae
868 797 95 45 est
922 797 136 45 forma,
1017 797 68 45 &
1044 797 81 45 de
1085 797 149 45 materia
1180 797 54 45 in

712 837 145 49 simul.
814 837 73 49 &
843 837 203 49 compositio
1003 837 145 49 istius
1090 837 145 49 sermonis

713 884 104 30 est
772 884 89 30 ex
817 884 148 30 duabus
921 884 296 30 propositionibus,
1158 884 74 30 qua

711 916 76 46 rum
755 916 76 46 vna
798 916 87 46 est,
852 916 87 46 quod
907 916 98 46 omne,
972 916 109 46 perper
1048 916 87 46 quid
1103 916 76 46 est
1135 916 98 46 aliquid

720 950 89 44 cum
771 950 115 44 illo,
848 950 89 44 est
899 950 115 44 vnius
976 950 140 44 seniae:
1078 950 140 44 secunda
1167 950 64 44 au-

716 990 81 45 tem
763 990 93 45 quod
821 990 128 45 natura,
914 990 93 45 quae
972 990 81 45 est
1018 990 116 45 forma,
1099 990 81 45 est
1134 990 93 45 illud,

720 1028 120 51 perper
804 1028 96 51 quod
864 1028 96 51 sunt
924 1028 108 51 aliae
996 1028 96 51 res,
1056 1028 96 51 quae
1116 1028 96 51 sunt
1164 1028 60 51 sub

712 1069 113 45 recta
787 1069 113 45 illi:
862 1069 63 45 &
887 1069 163 45 concludit
1012 1069 75 45 ex
1049 1069 88 45 hoc
1099 1069 100 45 quod
1149 1069 75 45 sci-

714 1106 86 40 re
757 1106 171 40 naturam,
885 1106 71 40 &
914 1106 100 40 res
971 1106 186 40 subiectas
1099 1106 129 40 naturae

718 1141 90 42 est
770 1141 116 42 vnius
847 1141 180 42 scientiae:
988 1141 90 42 sed
1040 1141 129 42 tacuit
1117 1141 116 42 conclu-

713 1181 150 44 sionem,
822 1181 109 44 quia
890 1181 95 44 est
945 1181 191 44 manifesta.
1095 1181 109 44 D.d,
1149 1181 82 44 quod

713 1225 110 45 enim
782 1225 83 45 de
823 1225 138 45 rebus,
920 1225 96 45 &c,
975 1225 110 45 haec
1044 1225 96 45 est
1085 1225 138 45 proposi-

715 1266 94 46 tio
768 1266 121 46 maior
849 1266 162 46 alterius
970 1266 202 46 syllogismi,
1132 1266 94 46 quo
1172 1266 54 46 de

709 1296 154 43 clarat
816 1296 169 43 maiorem
939 1296 277 43 propositionem,
1155 1296 62 43 di

716 1341 135 37 centem
811 1341 108 37 quod
879 1341 135 37 natura
973 1341 95 37 est
1027 1341 135 37 finis.
1122 1341 68 37 &
1135 1341 95 37 compo

713 1374 119 44 nitur
792 1374 106 44 sic.
858 1374 132 44 Natura
951 1374 93 44 est
1004 1374 132 44 illud,
1097 1374 106 44 apud
1150 1374 79 44 quod

712 1420 174 38 cessant
838 1420 142 38 motus
933 1420 142 38 rerum
1012 1420 221 38 generatarum,

715 1454 88 34 &
751 1454 193 34 vltimum
891 1454 176 34 suorum
1014 1454 176 34 motuum
1120 1454 105 34 con-

718 1489 195 41 inuorum:
864 1489 81 41 &
897 1489 130 41 omne
978 1489 98 41 ex
1027 1489 146 41 rebus
1108 1489 114 41 haben

714 1527 149 43 tibus
814 1527 149 43 motum
914 1527 232 43 continuum,
1096 1527 83 43 &
1113 1527 116 43 haben

718 1565 119 37 tibus
797 1565 132 37 finem,
890 1565 119 37 finis
969 1565 93 37 est
1022 1565 146 37 vltimum
1115 1565 106 37 illius

716 1612 137 44 motus:
812 1612 109 44 ergo
880 1612 137 44 natura
976 1612 96 44 est
1031 1612 123 44 finis
1113 1612 82 44 in
1140 1612 82 44 gene

718 1652 167 31 ratione.
843 1652 97 31 Sed
899 1652 97 31 est
954 1652 83 31 ex
996 1652 139 31 duabus
1079 1652 139 31 affirmat

715 1685 93 50 uis
768 1685 80 50 in
808 1685 147 50 secunda
915 1685 147 50 figura.
1021 1685 67 50 &
1048 1685 147 50 Aristo.
1141 1685 80 50 vtit

711 1719 103 53 hoc,
775 1719 128 53 quando
865 1719 115 53 maior
942 1719 179 53 propositio
1070 1719 154 53 conuertitu

717 1759 158 41 vniversaler
844 1759 53 41 &
865 1759 105 41 quando
938 1759 74 41 hoc
980 1759 74 41 est
1022 1759 147 41 manifestum
1138 1759 74 41 per
1169 1759 53 41 se:

722 1798 131 52 quoniam
817 1798 95 52 tunc
877 1798 167 52 compositio
1008 1798 95 52 erit
1067 1798 107 52 quasi
1139 1798 71 52 in
1162 1798 60 52 pri

717 1837 80 47 ma
757 1837 147 47 figura.
864 1837 80 47 Et
904 1837 107 47 ideo
970 1837 200 47 notificauit
1117 1837 107 47 quando
