1416 2066
150 141 144 66 Motus
246 141 160 66 igitur
358 141 96 66 in
406 141 208 66 qualitate
567 141 112 66 sit
615 141 64 66 Al

159 193 180 57 teratio.
294 193 150 57 quonia
399 193 105 57 hoc
460 193 135 57 nomen
535 193 135 57 coniun-

166 236 116 63 ctum
238 236 101 63 est
296 236 101 63 cum
354 236 188 63 qualitate
484 236 188 63 vniuersali-

164 284 112 62 ter.
234 284 84 62 Et
276 284 182 62 intelligo
416 284 98 62 per
473 284 140 62 quale,
571 284 98 62 non
613 284 70 62 sse

161 332 144 63 illud,
261 332 115 63 quod
333 332 101 63 est
391 332 86 63 in
434 332 216 63 substantia:
593 332 86 63 quo-

161 381 111 61 niam
230 381 208 61 differentia
396 381 125 61 etiam
479 381 97 61 est
521 381 152 61 qualitas:

165 428 100 59 sed
222 428 186 59 qualitas,
365 428 114 59 quae
436 428 214 59 attribuitur
593 428 86 59 paf-

167 474 136 56 sioni,
263 474 68 56 &
290 474 95 56 est
345 474 123 56 illa,
426 474 95 56 per
481 474 109 56 quam
536 474 136 56 dicitur,

161 517 166 62 aliquid
282 517 136 62 pati,
373 517 106 62 aut
433 517 106 62 non
494 517 136 62 pati.
569 517 106 62 Motus

168 565 143 61 autem
264 565 95 61 in
311 565 223 61 quantitate
470 565 207 61 vniuersali-

166 618 104 41 ter
225 618 104 41 non
285 618 207 41 nominatur,
447 618 118 41 vnum
521 618 133 41 autem
595 618 74 41 eo-

169 661 117 57 rum
236 661 184 57 dicitur
370 661 217 57 Augmentu,
537 661 117 57 aut
587 661 84 57 Di-

163 717 199 52 minutio:
313 717 149 52 motus
412 717 133 52 vero
495 717 100 52 ad
529 717 149 52 magnitu

164 749 155 62 dinem
267 749 223 62 campletam
439 749 189 62 dicitur
559 749 120 62 augme

163 798 127 45 tum,
242 798 79 45 &
274 798 143 45 motus
369 798 95 45 ex
417 798 111 45 hac
481 798 175 45 dicitur
592 798 79 45 di-

168 845 177 45 minutio.
301 845 148 45 MAotus
405 845 118 45 vero
479 845 89 45 in
523 845 118 45 loco
582 845 89 45 vni-

162 892 234 61 uersaliter,
350 892 78 61 &
381 892 172 61 proprie
506 892 109 61 non
553 892 125 61 nomina

173 948 112 53 tur.
243 948 153 53 dicatur
354 948 139 53 igitur
452 948 209 53 Translatio.
605 948 70 53 li-

172 983 105 52 cet
232 983 209 52 translatio
396 983 105 52 non
456 983 179 52 dicatur,
575 983 90 52 vere

168 1029 114 62 nisi
239 1029 86 62 de
282 1029 128 62 illis
367 1029 128 62 rebus
453 1029 157 62 tantum,
567 1029 114 62 quae
624 1029 57 62 mu

170 1077 123 57 tant
246 1077 138 57 loca,
338 1077 77 57 &
369 1077 107 57 non
430 1077 153 57 habent
522 1077 153 57 quiesce-

168 1129 105 58 re,
228 1129 75 58 &
258 1129 120 58 quae
333 1129 105 58 non
393 1129 150 58 mouent
497 1129 90 58 se
542 1129 90 58 in
572 1129 105 58 loeo.

209 1197 107 45 Ista
275 1197 93 45 est
329 1197 187 45 conclusio,
476 1197 107 45 quam
529 1197 147 45 intendit.

169 1241 146 53 quoniam,
278 1241 85 53 cum
327 1241 122 53 posuit
412 1241 97 53 quod
473 1241 110 53 motus
534 1241 146 53 inuenitur,

160 1280 82 52 in
201 1280 137 52 tribus
297 1280 261 52 praedicamentis,
517 1280 69 52 &
531 1280 137 52 declara-

169 1317 93 46 uit
222 1317 106 46 quod
288 1317 93 46 non
341 1317 172 46 inuenitur
473 1317 79 46 in
499 1317 172 46 substantia,

166 1356 119 46 neque
245 1356 79 46 in
285 1356 185 46 relatione,
431 1356 119 46 neque
510 1356 79 46 in
537 1356 132 46 actione,

170 1393 100 53 aut
227 1393 186 53 passione,
370 1393 172 53 sequitur
498 1393 86 53 vt
527 1393 143 53 solummo-

179 1428 65 46 do
212 1428 75 46 sit
255 1428 65 46 in
287 1428 97 46 istis
351 1428 118 46 tribus.
437 1428 65 46 Et
470 1428 108 46 dixit:
545 1428 118 46 quoniam
631 1428 65 46 in

171 1472 180 49 vnoquoque
309 1472 152 49 istorum
420 1472 97 49 est
462 1472 207 49 contiarietas.

170 1508 40 38 &
186 1508 81 38 innuit
243 1508 137 38 vniversaliter
355 1508 65 38 hoc,
396 1508 65 38 quod
436 1508 73 38 causa
484 1508 145 38 vniversaliter,
597 1508 81 38 propter.

168 1542 119 47 quam
242 1542 104 47 est
302 1542 193 47 possibile
450 1542 89 47 vt
495 1542 134 47 motus
569 1542 104 47 solu-

166 1589 115 37 modo
237 1589 100 37 sit
295 1589 86 37 in
338 1589 100 37 his
395 1589 144 37 tribus
481 1589 187 37 praedicamen

170 1620 86 39 tis
219 1620 98 39 est,
280 1620 98 39 quia
342 1620 160 39 contraria
464 1620 147 39 existunt
575 1620 74 39 in
599 1620 74 39 eis.

164 1658 94 39 haec
223 1658 94 39 enim
281 1658 164 39 necessaria
410 1658 82 39 cam
457 1658 82 39 est
503 1658 70 39 in
538 1658 94 39 esse
585 1658 82 39 eorum

168 1698 81 40 Et
209 1698 135 40 dixit:
304 1698 122 40 Motus
385 1698 135 40 igitur
480 1698 81 40 in
507 1698 162 40 qualitate,

171 1734 73 44 &c.
212 1734 63 44 i.
244 1734 52 44 &
264 1734 115 44 vocetur
348 1734 125 44 intentio
442 1734 167 44 vniversalis,
577 1734 83 44 quae
619 1734 52 44 est

168 1773 126 53 motuum
257 1773 76 53 in
295 1773 126 53 quale,
383 1773 177 53 Alteratio.
522 1773 139 53 quoniam
611 1773 63 53 hoc

704 149 101 53 nomen
771 149 123 53 positum
861 149 78 53 est
905 149 190 53 vniversaliter
1062 149 123 53 omnibus
1141 149 78 53 moti-

694 189 111 52 bus,
763 189 97 52 qui
819 189 111 52 sunt
888 189 83 52 in
929 189 194 52 qualitate.
1082 189 69 52 &
1095 189 111 52 inten-

698 225 89 52 dit
749 225 89 52 per
800 225 102 52 hoc,
864 225 102 52 quod
928 225 128 52 dixit,
1017 225 192 52 coniunctum,
1158 225 51 52 i.

701 263 153 50 positum
813 263 84 50 ad
854 263 181 50 placitum.
994 263 112 50 D.d.
1064 263 84 50 Et
1091 263 112 50 intel-

698 303 112 49 ligo,
772 303 87 49 per
822 303 124 49 quale,
909 303 87 49 non
959 303 124 49 illud,
1045 303 99 49 quid
1108 303 87 49 est
1145 303 62 49 sub

696 340 153 49 stantia,
811 340 89 49 &c.
862 340 76 49 i.
900 340 64 49 &
925 340 178 49 intelligo,
1065 340 89 49 per
1103 340 102 49 quali-

697 376 142 43 tatem,
796 376 85 43 in
839 376 99 43 qua
896 376 185 43 inuenitur
1038 376 114 43 iste
1094 376 114 43 motus,

697 414 94 50 non
750 414 201 50 qualitatem,
911 414 107 50 quae
978 414 94 50 est
1031 414 80 50 in
1058 414 147 50 praedica-

693 451 116 52 mento
771 451 207 52 substantiae.
939 451 78 52 v.
977 451 78 52 g.
1003 451 194 52 differentias,

694 491 114 55 quae
765 491 114 55 sunt
836 491 200 55 qualitates
979 491 228 55 substantiales,

697 525 84 45 ed
739 525 112 45 spem
809 525 211 45 qualitatis,
978 525 98 45 cui
1020 525 183 45 attribuitur

702 564 87 52 nas
751 564 100 52 sio,
814 564 87 52 aut
864 564 175 52 passibilis
1001 564 162 52 qualitas.
1126 564 62 52 &
1139 564 62 52 hoc

689 603 196 47 intendebat,
846 603 92 47 cum
898 603 131 47 dixit:
990 603 65 47 &
1016 603 92 47 est
1068 603 118 47 illa.
1134 603 65 47 per

702 645 97 39 quam
763 645 134 39 dicitur
860 645 134 39 aliquid
957 645 109 39 pati,
1030 645 85 39 aut
1079 645 85 39 non
1115 645 85 39 pati-

698 682 72 49 &
726 682 201 49 intendebat
884 682 129 49 genus
970 682 100 49 per
1027 682 100 49 hoc
1084 682 86 49 de
1113 682 86 49 pdi-

693 724 161 38 camento
811 724 190 38 quantatis
957 724 205 38 passibili,
1118 724 73 38 &
1133 724 73 38 po-

692 755 165 39 tentiam
812 755 210 39 naturalem,
978 755 75 39 &
993 755 210 39 impotentiam.

695 791 131 49 quoniam
790 791 83 49 per
838 791 95 49 hoc,
897 791 95 49 quid
957 791 107 49 dixit
1028 791 107 49 pati:
1087 791 119 49 continet

690 829 110 48 duo
753 829 157 48 genera
863 829 157 48 simul,
973 829 188 48 continet
1098 829 110 48 genus

695 863 145 48 passiuum,
806 863 56 48 &
828 863 111 48 genus,
906 863 89 48 quod
962 863 122 48 dicitur
1051 863 134 48 secundum
1140 863 67 48 impo

698 907 141 46 tentiam
801 907 180 46 naturalem,
942 907 64 46 &
968 907 90 46 per
1019 907 103 46 hoc,
1083 907 103 46 quid
1135 907 64 46 di-

693 944 109 45 xit,
761 944 68 45 &
789 944 95 45 non
843 944 109 45 pati
911 944 136 45 innuit
1006 944 177 45 potentiam
1129 944 68 45 na-

698 976 151 42 turalem.
812 976 76 42 Et
850 976 113 42 dixit
925 976 88 42 hoc
976 976 151 42 secundum
1077 976 113 42 consyde

697 1020 168 39 rationem
823 1020 140 39 large,
921 1020 126 39 sicut
1005 1020 140 39 posuit
1089 1020 112 39 genera

694 1052 124 50 tionem
780 1052 112 50 primo
855 1052 74 50 in
892 1052 198 50 definitione.
1053 1052 136 50 quoniam
1152 1052 74 50 in

697 1091 126 49 Septio
786 1091 126 49 istius
874 1091 113 49 libri
950 1091 176 49 declarabit
1088 1091 101 49 quod
1139 1091 50 49 mo

698 1131 88 48 tus
749 1131 202 48 alterationis
913 1131 88 48 non
963 1131 164 48 inuenitur
1089 1131 76 48 in
1114 1131 76 48 pdi-

697 1173 140 44 camento
799 1173 191 44 qualitatis,
952 1173 102 44 nisi
1015 1173 76 44 in
1053 1173 127 44 genere
1129 1173 64 44 qua

697 1204 122 54 litatis
786 1204 133 54 passiuae
885 1204 133 54 secundum
985 1204 122 54 tactum,
1074 1204 122 54 gustum,
1163 1204 55 54 &

695 1245 132 37 visum.
787 1245 93 37 nam
840 1245 119 37 istae
920 1245 185 37 qualitates
1052 1245 146 37 recipiunt

696 1287 130 45 magis,
787 1287 65 45 &
813 1287 130 45 minus.
904 1287 65 45 &
930 1287 91 45 non
983 1287 91 45 est
1035 1287 91 45 ita
1087 1287 78 45 de
1113 1287 78 45 qua-

697 1317 156 50 litatibus,
819 1317 89 50 quae
875 1317 89 50 sunt
931 1317 67 50 in
964 1317 111 50 anima,
1042 1317 56 50 &
1064 1317 67 50 in
1087 1317 100 50 animato

691 1357 53 37 &
713 1357 64 37 in
745 1357 149 37 qualitate,
862 1357 85 37 quae
915 1357 75 37 est
958 1357 128 37 secundum
1043 1357 149 37 quantitatem.

688 1397 79 37 illa
738 1397 99 37 autem,
807 1397 79 37 quae
857 1397 109 37 dicitur
936 1397 119 37 secundum
1025 1397 139 37 potentiam,
1134 1397 50 37 &
1144 1397 40 37 im

696 1443 136 40 potent
792 1443 95 40 iam
846 1443 191 40 naturalem,
996 1443 95 40 est
1037 1443 150 40 propinqua

700 1471 71 49 pas
740 1471 101 49 siuae.
811 1471 51 49 &
832 1471 132 49 vidersali
933 1471 81 49 quod
983 1471 61 49 in
1014 1471 61 49 ea
1044 1471 71 49 non
1085 1471 71 49 est
1115 1471 71 49 motus

694 1506 72 52 &
722 1506 86 52 in
766 1506 158 52 Septimo
881 1506 245 52 pescrutabitur
1082 1506 86 52 de
1111 1506 72 52 hoc

696 1549 84 38 sed
744 1549 144 38 secundum
852 1549 108 38 verba
924 1549 96 38 eius
984 1549 72 38 in
1020 1549 84 38 hoc
1068 1549 96 38 loco
1116 1549 72 38 appa

693 1585 79 49 ret
738 1585 90 49 quod
794 1585 135 49 secundum
895 1585 79 49 eam
940 1585 146 49 inuenitur
1053 1585 113 49 motus.
1120 1585 68 49 D.d.

694 1623 115 47 Motus
771 1623 115 47 autem
848 1623 77 47 in
886 1623 192 47 quantitate,
1040 1623 90 47 &c.
1091 1623 77 47 i.
1129 1623 64 47 &
1142 1623 51 47 mo

688 1662 82 51 tus
735 1662 153 51 communis,
853 1662 82 51 qui
900 1662 82 51 est
947 1662 70 51 in
982 1662 164 51 pdicamento
1099 1662 94 51 quanti

695 1701 89 37 tatis
754 1701 118 37 scilicet
843 1701 79 37 quod
892 1701 118 37 continet
980 1701 79 37 duas
1030 1701 89 37 spes,
1089 1701 69 37 non
1118 1701 69 37 habet

686 1739 145 39 nomen:
788 1739 102 39 sed
846 1739 145 39 altera
948 1739 145 39 duarum
1035 1739 160 39 specierum

690 1778 142 48 dicitur
794 1778 168 48 Augmentum
923 1778 65 48 &
949 1778 142 48 reliqua
1040 1778 155 48 Diminutio.
