1416 2066
152 180 176 55 accidit
280 180 256 55 impossibile.
488 180 176 55 quoniam
600 180 80 55 hoc

171 221 111 45 non
234 221 174 45 accidit
361 221 158 45 graui,
472 221 79 45 &
503 221 142 45 leui,
582 221 95 45 nisi

171 257 137 54 quia
256 257 137 54 sunt
342 257 205 54 impedita
495 257 85 54 a
529 257 137 54 motu
598 257 85 54 na-

173 301 151 48 turali.
283 301 96 48 Sed
338 301 178 48 responsio
475 301 82 48 ad
516 301 96 48 hoc
571 301 96 48 est
612 301 69 48 re-

171 337 115 56 sponsio
254 337 146 56 praedicta,
369 337 125 56 scilicet
462 337 115 56 quoniam
546 337 104 56 oraue,
619 337 52 56 &
629 337 52 56 le-

176 380 92 48 ue
222 380 108 48 non
283 380 200 48 impeditur
437 380 77 48 a
468 380 154 48 medio,
575 380 92 48 in
606 380 77 48 quo

172 426 172 46 mouetur:
301 426 129 46 neque
387 426 129 46 motus
472 426 115 46 eius
544 426 86 46 in
573 426 100 46 medio

176 457 88 41 est
227 457 177 41 violentus,
366 457 88 41 sed
404 457 151 41 naturalis.

214 497 137 60 Quod
300 497 172 60 igitur
420 497 103 60 si
471 497 172 60 vacuum
574 497 103 60 est,

168 539 175 56 accidit
295 539 222 56 contrarium
470 539 175 56 illius,
581 539 95 56 pro-

162 583 129 51 pter
242 583 129 51 quod
323 583 177 51 probant
451 583 193 51 dicentes
580 583 96 51 esse

169 625 193 52 vacuum,
310 625 105 52 ex
362 625 175 52 dictis
468 625 210 52 manifestum

171 672 118 51 est.
245 672 88 51 Hi
289 672 147 51 igitur
392 672 147 51 putant
495 672 147 51 vacuum
584 672 88 51 esse

174 708 79 47 si
213 708 105 47 erit
279 708 158 47 secundum
397 708 118 47 locum
476 708 131 47 motus,
555 708 118 47 separa-

165 752 98 42 tum
221 752 169 42 secundum
348 752 98 42 se.
404 752 98 42 hoc
460 752 127 42 autem
544 752 112 42 idem
601 752 70 42 est

169 796 102 50 ac
220 796 102 50 si
271 796 186 50 dicamus
406 796 152 50 locum
508 796 135 50 esse
575 796 102 50 quid

162 839 247 43 separatum.
356 839 124 43 hoc
427 839 159 43 autem
533 839 141 43 quod
603 839 71 43 im

166 881 202 48 possibile
322 881 109 48 sit
384 881 155 48 dictum
492 881 109 48 est
539 881 124 48 prius.

216 921 205 65 Manifestum
377 921 103 65 est
436 921 161 65 igitur,
553 921 132 65 quod,
626 921 59 65 si

168 971 139 63 acuum
260 971 169 63 fuerit,
383 971 185 63 sequitur
507 971 169 63 contrariu

172 1020 100 58 ei,
229 1020 158 58 propter
344 1020 115 58 quod
415 1020 143 58 ponunt
515 1020 143 58 vacuum
601 1020 72 58 di-

165 1069 152 61 tentes
271 1069 137 61 ipsum
363 1069 137 61 esse.
454 1069 198 61 Existimat
592 1069 91 61 enim

169 1116 134 62 vacuum
262 1116 121 62 esse,
343 1116 80 62 si
383 1116 121 62 motus
464 1116 80 62 in
504 1116 107 62 loco
571 1116 94 62 sit
611 1116 67 62 di-

165 1164 165 57 stinctum
289 1164 96 57 per
344 1164 96 57 se.
399 1164 83 57 et
440 1164 96 57 hoc
495 1164 96 57 est
537 1164 138 57 dicerelo

170 1212 105 63 cum
230 1212 120 63 esse
305 1212 165 63 aliquod
425 1212 195 63 separatu.
574 1212 90 63 et
604 1212 75 63 iam

170 1260 172 62 posuimus
299 1260 101 62 hoc
356 1260 115 62 esse
414 1260 201 62 impossibile.

203 1317 148 58 Dicit:
307 1317 208 58 Manifestum
470 1317 104 58 est
530 1317 148 58 igitur
619 1317 59 58 ex

154 1358 96 57 his
209 1358 289 57 demonstrationibus
457 1358 124 57 quod,
540 1358 83 57 si
568 1358 110 57 vacuum

167 1398 139 56 fuerit,
268 1398 164 56 contingit
395 1398 177 56 contrarium
534 1398 114 56 illi,
597 1398 76 56 quod

172 1439 141 53 coegit
270 1439 169 53 dicentes
397 1439 141 53 vacuum
495 1439 127 53 esse,
566 1439 112 53 dicere

163 1476 134 47 ipsum
253 1476 179 47 scilicet
387 1476 134 47 motum
476 1476 119 47 esse
536 1476 134 47 Existi-

167 1517 132 45 mabant
259 1517 106 45 enim
326 1517 119 45 quod,
405 1517 79 45 si
445 1517 119 45 motus
524 1517 132 45 esset,
604 1517 66 45 va-

165 1556 115 39 cuum
237 1556 144 39 foret.
337 1556 86 39 &,
381 1556 101 39 cum
438 1556 130 39 dixit
510 1556 173 39 distinctum

174 1597 86 53 per
223 1597 86 53 se,
272 1597 147 53 intendit
382 1597 98 53 quod
444 1597 98 53 isti
505 1597 86 53 non
542 1597 135 53 opinantur

164 1637 145 47 ipsum
261 1637 210 47 admisceri
422 1637 113 47 cum
471 1637 210 47 corporibus,

166 1673 128 54 sicut
251 1673 171 54 opinatur
379 1673 114 54 alia
450 1673 128 54 secta
521 1673 157 54 dicentium

170 1713 143 43 vacuum
270 1713 128 43 esse.
355 1713 114 43 D.d.
427 1713 71 43 &
455 1713 100 43 hoc
512 1713 100 43 est
555 1713 114 43 dicere

171 1750 93 44 &c.
224 1750 79 44 i.
263 1750 66 44 &
290 1750 132 44 dicere
383 1750 132 44 vacuum
475 1750 106 44 esse
528 1750 146 44 separatum

164 1790 130 44 nihil
250 1790 130 44 aliud
337 1790 116 44 est,
410 1790 116 44 quam
482 1790 145 44 dicere
569 1790 101 44 locum

167 1830 125 53 esse
246 1830 234 53 dimensiones
433 1830 219 53 separatas:
589 1830 94 53 quod

159 1871 110 43 iam
207 1871 221 43 destruximus.

698 181 200 54 Ostenditur
855 181 143 54 pacuum
955 181 100 54 non
1012 181 114 54 esse
1069 181 157 54 separatum

770 229 107 54 quid
837 229 67 54 a
863 229 201 54 corporibus.
1024 229 107 54 Cap.
1077 229 54 54 A.

805 293 151 53 Tvero
906 293 117 53 per
973 293 100 53 se
1006 293 201 53 consyderan

813 336 134 53 tibus
903 336 194 53 videbitur
1052 336 149 53 vtique
1141 336 60 53 di

807 381 151 54 ctum
901 381 207 54 vacuum,
1033 381 170 54 perquam

703 422 122 43 vere
779 422 167 43 vacuum.
900 422 91 43 vt
946 422 122 43 enim
1022 422 91 43 in
1067 422 137 43 aqua,
1143 422 61 43 si

687 469 152 37 ponat
789 469 186 37 aliquis
924 469 169 37 cubum,
1043 469 152 37 cedet
1127 469 85 37 tan

697 504 92 60 ta
743 504 138 60 aqua,
835 504 169 60 quantus
957 504 153 60 cubus,
1065 504 107 60 sic
1126 504 77 60 &
1157 504 92 60 in

698 548 136 46 aere,
788 548 106 46 sed
849 548 136 46 sensu
939 548 241 46 immanifestum
1120 548 91 46 est.

695 590 140 44 atque
789 590 156 44 semper
898 590 156 44 itaque
1007 590 93 44 in
1053 590 125 44 omni
1116 590 93 44 cor-

687 637 150 45 pore
781 637 206 45 habenti
912 637 300 45 translationem,

713 677 98 54 in
762 677 115 54 quo
827 677 115 54 est
893 677 148 54 aptum
991 677 164 54 natura
1090 677 131 54 trans-

689 715 138 47 ferri,
786 715 152 47 necesse
897 715 111 47 est,
966 715 111 47 nisi
1021 715 194 47 condensetur.

694 758 151 52 cedere
800 758 106 52 aut
860 758 166 52 deorsum
981 758 166 52 semper,
1101 758 91 52 si
1132 758 75 52 de-

701 812 129 38 orsum
787 812 129 38 latio
873 812 115 38 est,
944 812 86 38 vt
988 812 158 38 terrae,
1102 812 100 38 aut
1145 812 72 38 sur

693 851 122 40 sum,
769 851 91 40 si
814 851 152 40 ignis,
921 851 106 40 aut
982 851 91 40 ad
1027 851 183 40 vtraque,
1149 851 61 40 vt

695 885 122 45 aer,
771 885 122 45 siue
847 885 213 45 quodcunque
1015 885 137 45 aliud
1106 885 107 45 sit
1152 885 61 45 im

696 932 194 47 positum.
842 932 97 47 In
890 932 146 47 vacuo
987 932 146 47 autem
1084 932 113 47 hoc
1133 932 81 47 qui

691 973 121 45 dem
760 973 260 45 impossibile
968 973 138 45 est.
1054 973 121 45 non
1106 973 104 45 enim

695 1020 152 53 corpus
801 1020 121 53 est.
877 1020 106 53 per
937 1020 136 53 vacui
1028 1020 136 53 autem
1104 1020 106 53 aequa

689 1056 92 52 le
735 1056 168 52 spatium
857 1056 229 52 transiuisse
1025 1056 183 52 videbitur,

694 1101 131 53 quod
775 1101 164 53 quidem
890 1101 131 53 erat
972 1101 82 53 &
1004 1101 147 53 prius
1103 1101 98 53 in
1135 1101 82 53 va-

692 1141 120 46 cuo:
767 1141 165 46 tanque,
887 1141 90 46 si
932 1141 135 46 neque
1021 1141 120 46 aqua
1081 1141 135 46 cederet

696 1185 149 42 ligneo
801 1185 134 42 cubo,
890 1185 134 42 neque
980 1185 120 42 aer,
1055 1185 105 42 sed
1099 1185 105 42 omnia

694 1225 217 49 transirent
865 1225 109 49 per
927 1225 155 49 ipsum.
1036 1225 93 49 At
1083 1225 124 49 vero
1145 1225 62 49 et

690 1269 169 46 cubus
803 1269 188 46 tantam
934 1269 169 46 habet
1028 1269 169 46 magnitu

691 1316 189 38 dinem,
823 1316 208 38 quantum
974 1316 208 38 occupat
1107 1316 94 38 va-

696 1356 125 49 cuum,
779 1356 125 49 quae,
863 1356 111 49 etsi
932 1356 139 49 calida
1029 1356 111 49 est,
1099 1356 97 49 aut
1141 1356 69 49 fri

688 1405 134 45 gida,
777 1405 104 45 aut
837 1405 149 45 grauis
941 1405 104 45 aut
1001 1405 149 45 leuis,
1090 1405 119 45 nihilo

698 1438 143 44 minus
793 1438 127 44 ipso
872 1438 127 44 esse
952 1438 158 44 altera
1062 1438 95 44 ab
1094 1438 111 44 omni-

694 1478 105 52 bus
754 1478 225 52 passionibus
934 1478 120 52 est,
1008 1478 135 52 etiam
1098 1478 90 52 si
1128 1478 75 52 fe-

696 1524 184 54 parabilis
838 1524 99 54 non
894 1524 99 54 sit
951 1524 85 54 ab
993 1524 142 54 illis.
1093 1524 113 54 dico
1149 1524 57 54 au

685 1569 127 49 tem
757 1569 181 49 lignei
884 1569 145 49 cubi
975 1569 181 49 molem,
1083 1569 127 49 quare

697 1608 89 51 &,
742 1608 89 51 si
786 1608 193 51 separetur
935 1608 89 51 ab
980 1608 164 51 omnibus
1084 1608 119 51 aliis,

696 1653 70 53 &
724 1653 126 53 neque
808 1653 140 53 leuis,
906 1653 126 53 neque
990 1653 140 53 grauis
1088 1653 112 53 sit,
1144 1653 56 53 oc

691 1696 184 51 cupabit
825 1696 184 51 aequale
960 1696 201 51 spatium,
1110 1696 84 51 &
1144 1696 101 51 in

692 1749 143 39 eadem
787 1749 127 39 erit
867 1749 79 39 &
898 1749 143 39 loci,
994 1749 79 39 &
1025 1749 143 39 vacui
1105 1749 95 39 par-

693 1778 87 57 te
737 1778 160 57 aequali
853 1778 131 57 sibi.
940 1778 116 57 quid
1013 1778 116 57 ergo
1071 1778 131 57 differi

688 1830 158 44 corpus
799 1830 126 44 cubi
878 1830 95 44 ab
925 1830 174 44 aequali
1051 1830 158 44 vacuo,
1162 1830 79 44 &

689 1868 152 55 locor&
795 1868 91 55 si
841 1868 106 55 duo
902 1868 152 55 talia,
1008 1868 167 55 propter
1115 1868 91 55 quid
