1416 2066
164 180 236 63 quiescit,
346 180 91 63 &
382 180 109 63 CA
437 180 218 63 mouetur.
582 180 109 63 ergo

177 228 154 62 AEnon
279 228 188 62 mouetur
416 228 119 62 per
484 228 119 62 se.
552 228 119 62 sed
604 228 85 62 po-

180 274 131 57 situm
268 274 102 57 est
326 274 131 57 ipsum
414 274 146 57 moueri
516 274 102 57 per
574 274 102 57 se.
618 274 73 57 er-

179 318 95 64 go
227 318 223 64 declaratum
402 318 111 64 est
465 318 143 64 quod,
561 318 111 64 cum
624 318 80 64 C
640 318 48 64 E

176 369 214 57 quieuerit,
344 369 183 57 quiescet
481 369 76 57 B
511 369 76 57 A
542 369 92 57 et
588 369 76 57 a
603 369 76 57 mo-

179 412 106 62 tu.
239 412 121 62 sed,
315 412 106 62 cum
375 412 151 62 fuerit
481 412 181 62 aliquid,
602 412 91 62 quod

180 460 185 59 quiescet
318 460 77 59 a
349 460 123 59 motu
426 460 108 59 per
487 460 169 59 quietem
595 460 92 59 alte

181 506 129 56 rius,
267 506 129 56 illud
353 506 158 56 mouetur
468 506 86 56 ab
511 506 115 56 illo
568 506 129 56 necessa

175 564 124 48 rio.
252 564 124 48 ergo
330 564 217 48 manifestum
500 564 109 48 est
562 564 124 48 quod
624 564 62 48 om

181 597 96 61 ne
229 597 144 61 motum
325 597 176 61 mouetur
453 597 96 61 ab
501 597 176 61 aliquo.
613 597 80 61 nam

184 644 120 56 omne
259 644 134 56 motum
348 644 105 56 est
408 644 224 56 diuisibile:
587 644 90 56 &,
617 644 75 56 cum

183 693 122 56 pars
259 693 213 56 quieuerit,
426 693 137 56 totum
503 693 167 56 quiescet.

167 1301 117 54 Quia
240 1301 204 54 manifestum
401 1301 102 54 est
459 1301 117 54 quod
532 1301 131 54 omne,
605 1301 87 54 quod

167 1345 107 41 non
228 1345 169 41 mouetur
351 1345 92 41 ab
397 1345 169 41 aliquo,
519 1345 107 41 non
565 1345 123 41 cessat

183 1381 90 47 per
235 1381 193 47 cessationem
389 1381 168 47 alicuius,
518 1381 142 47 quoniam
622 1381 90 47 non

185 1423 154 36 quiescit
301 1423 103 36 nisi
365 1423 64 36 a
391 1423 90 36 se:
443 1423 77 36 &,
481 1423 90 36 cum
533 1423 129 36 posuit
610 1423 77 36 hant

190 1457 185 47 propositionem,
344 1457 123 47 scilicet
436 1457 123 47 dicentem
528 1457 82 47 quod
579 1457 92 47 omne,
631 1457 62 47 quid

179 1494 104 49 non
239 1494 164 49 mouetur
358 1494 89 49 ab
403 1494 164 49 aliquo,
522 1494 149 49 omnino
611 1494 75 49 non

183 1540 134 31 cessat
276 1540 67 31 a
303 1540 94 31 suo
357 1540 107 31 motu
424 1540 94 31 per
478 1540 201 31 cessationem
625 1540 67 31 al-

182 1568 140 53 terius:
284 1568 63 53 &
309 1568 89 53 hoc
360 1568 89 53 per
411 1568 89 53 se,
462 1568 89 53 non
512 1568 89 53 per
550 1568 140 53 accidens.

189 1607 68 43 &
216 1607 108 43 siue
283 1607 162 43 cessatio
405 1607 162 43 alterius
526 1607 135 43 fuerit
621 1607 95 43 per

188 1652 154 43 quietem,
304 1652 90 43 aut
355 1652 90 43 per
406 1652 218 43 corruptionem,
573 1652 116 43 sequitu

184 1681 97 50 per
240 1681 222 50 conuersionem
420 1681 97 50 per
462 1681 222 50 contrapositio-

189 1717 80 52 nem
234 1717 92 52 quod
292 1717 103 52 omne,
361 1717 92 52 quod
418 1717 115 52 cessat
498 1717 80 52 per
532 1717 161 52 cessationem,

184 1758 178 36 alterius
318 1758 74 36 a
347 1758 134 36 motu,
437 1758 163 36 mouetur
555 1758 89 36 ab
585 1758 104 36 alio.

180 1796 91 46 Et
225 1796 106 46 hoc
286 1796 226 46 intendebat,
467 1796 106 46 cum
527 1796 91 46 d.
572 1796 121 46 Ergo
633 1796 60 46 ne

710 181 114 50 cesse
786 181 101 50 est,
849 181 76 50 si
887 181 139 50 aliquid
988 181 126 50 cessat
1076 181 63 50 a
1101 181 88 50 suo
1152 181 88 50 mo¬

711 225 86 35 tu,
760 225 86 35 &c.
809 225 74 35 i.
846 225 62 35 &
871 225 98 35 siue
932 225 123 35 illud,
1018 225 86 35 per
1067 225 111 35 cuius
1129 225 86 35 cessa

705 258 141 50 tionem,
808 258 90 50 aut
859 258 90 50 per
911 258 116 50 cuius
988 258 206 50 corruptionem
1142 258 77 50 ces-

705 291 91 48 sat
757 291 130 48 motus,
848 291 130 48 fuerit
939 291 104 48 ipse
1005 291 130 48 motor,
1096 291 91 48 aut
1135 291 78 48 ali-

710 340 116 38 quid,
787 340 77 38 ex
826 340 90 38 quo
878 340 155 38 sequitur
994 340 129 38 quies,
1084 340 90 38 aut
1123 340 90 38 corru

713 368 104 52 ptio
778 368 156 52 motoris.
895 368 91 52 Et,
947 368 91 52 cum
1000 368 130 52 posuit
1091 368 104 52 quod
1143 368 78 52 omne

701 413 101 37 quod
764 413 151 37 quiescit
877 413 88 37 per
928 413 138 37 quietem
1028 413 151 37 alterius
1129 413 88 37 essen

709 445 149 37 tialiter,
823 445 126 37 mouetur
915 445 69 37 ab
949 445 103 37 illo:
1017 445 57 37 &
1040 445 69 37 si
1075 445 114 37 illud,
1155 445 80 37 per

703 480 118 42 cuius
781 480 144 42 quietem
886 480 170 42 quiescit,
1017 480 92 42 non
1069 480 92 42 sit
1108 480 105 42 motor,

702 517 95 50 sed
757 517 163 50 aliquid,
879 517 82 50 ex
920 517 123 50 cuius
1002 517 136 50 quiete
1084 517 136 50 sequitur

704 556 131 47 quies
791 556 174 47 motoris,
921 556 102 47 aut
979 556 116 47 eius
1037 556 174 47 corruptio:

708 597 127 43 quoniam
801 597 104 43 omne,
870 597 92 43 quid
927 597 115 43 cessat
1008 597 184 43 esentialiter
1157 597 81 43 per

705 630 186 37 cessationem
853 630 161 37 alterius,
977 630 136 37 necesse
1077 630 87 37 est
1126 630 74 37 vt
1151 630 62 37 il-

706 664 85 42 lud
754 664 133 42 alterum
851 664 97 42 sit,
912 664 85 42 aut
960 664 97 42 ipse
1020 664 121 42 motor,
1105 664 85 42 aut
1141 664 73 42 ali-

705 705 114 49 quid
776 705 86 49 ex
819 705 129 49 cuius
905 705 143 49 quiete
1005 705 171 49 sequitur
1119 705 100 49 quies

704 743 178 35 motoris,
838 743 104 35 aut
897 743 193 35 corruptio
1045 743 178 35 motoris:
1164 743 59 35 si

702 779 126 39 autem
786 779 98 39 hoc
842 779 98 39 non
898 779 154 39 fuerit,
1010 779 112 39 erit
1066 779 154 39 quiescens

705 813 72 53 ab
741 813 96 53 alio
801 813 84 53 per
849 813 156 53 accidens.
969 813 96 53 D.d.
1028 813 144 53 quoniam,
1136 813 72 53 si
1160 813 60 53 hoc

705 852 126 39 fuerit
793 852 189 39 manifestum,
944 852 88 39 &c.
995 852 75 39 i.
1032 852 75 39 &,
1070 852 88 39 cum
1108 852 113 39 positum

703 888 84 51 sit
751 888 96 51 quod
811 888 143 51 quicquid
918 888 143 51 quiescit
1026 888 84 51 per
1074 888 131 51 quietem
1157 888 60 51 al-

705 926 144 43 terius,
810 926 144 43 mouetur
914 926 78 43 ab
953 926 118 43 alio:
1032 926 65 43 &
1058 926 92 43 est
1097 926 118 43 declara

712 965 91 47 tum
764 965 104 47 quod
829 965 104 47 omne
894 965 117 47 motum
972 965 91 47 est
1024 965 195 47 diuisibile:
1167 965 52 47 ap

707 1004 115 46 paret
784 1004 77 46 ex
822 1004 89 46 hoc
873 1004 102 46 quod
937 1004 102 46 omne
1001 1004 115 46 motum
1078 1004 140 46 mouetur
1167 1004 51 46 ab

699 1038 133 43 alio.
788 1038 206 43 D.incoepit
950 1038 162 43 narrare
1068 1038 133 43 modum
1141 1038 74 43 con

707 1075 221 54 secutionis,
884 1075 74 54 &
914 1075 89 54 d.
958 1075 118 54 Qam,
1032 1075 103 54 cum
1076 1075 133 54 videmus

711 1116 168 39 ABmoueri,
840 1116 90 39 &c.
892 1116 77 39 i.
930 1116 155 39 quoniam,
1046 1116 90 39 cum
1085 1116 129 39 pofueri-

710 1152 92 49 mus
763 1152 145 49 primum,
868 1152 66 49 &
894 1152 92 49 per
947 1152 92 49 se,
1000 1152 79 49 i.
1040 1152 92 49 non
1092 1152 92 49 per
1132 1152 79 49 ali-

710 1187 86 51 qua
759 1187 122 51 partem
844 1187 73 51 in
881 1187 110 51 ipse,
954 1187 134 51 necesse
1052 1187 86 51 est
1101 1187 73 51 vt
1125 1187 86 51 istud

708 1231 136 42 primum
804 1231 95 42 sit
858 1231 190 42 diuinbile.
1007 1231 95 42 nam
1048 1231 163 42 declaratum

713 1268 85 48 est
762 1268 98 48 quod
823 1268 98 48 omne
884 1268 110 48 motum
957 1268 85 48 est
1006 1268 183 48 diuisibile.
1140 1268 73 48 D.d.

708 1301 181 38 diuidatur
847 1301 83 38 in
889 1301 83 38 c.
931 1301 83 38 i.
972 1301 70 38 &
1000 1301 97 38 cum
1056 1301 111 38 omne
1112 1301 97 38 motum

706 1338 88 49 est
757 1338 190 49 diuisibile,
909 1338 164 49 diuidatur
1035 1338 126 49 igitur
1111 1338 101 49 primum

705 1380 156 49 motum,
814 1380 125 49 quid
892 1380 171 49 ponimus
1017 1380 93 49 in
1063 1380 156 49 puncto
1157 1380 62 49 c.

711 1413 134 45 necesse
809 1413 86 45 est
857 1413 134 45 igitur,
955 1413 86 45 cum
1004 1413 159 45 imaginati
1114 1413 98 45 fueri-

705 1461 98 42 mus
761 1461 84 42 ex
803 1461 98 42 hoc
858 1461 112 42 moto
928 1461 112 42 quod
998 1461 98 42 est
1054 1461 139 42 aliqua
1137 1461 84 42 pars

715 1491 170 57 quiescens.
849 1491 73 57 v.
885 1491 73 57 g.
921 1491 61 57 c
946 1491 73 57 r,
982 1491 134 57 necesse
1079 1491 85 57 est
1128 1491 73 57 vt
1152 1491 61 57 to-

708 1538 73 40 tum
749 1538 125 40 quiescat
843 1538 125 40 scilicet
936 1538 73 40 AE.
978 1538 62 40 i.
1009 1538 125 40 quoniam,
1103 1538 73 40 cum
1144 1538 83 40 pars
1186 1538 31 40 e

710 1566 71 44 o
738 1566 169 44 quierit,
865 1566 169 44 quiescet
992 1566 113 44 pars
1063 1566 99 44 Ac.
1119 1566 85 44 &,
1147 1566 71 44 cum

713 1608 97 47 pars
774 1608 158 47 quiescit,
895 1608 134 47 necesse
992 1608 85 47 est
1041 1608 73 47 vt
1077 1608 109 47 totum
1138 1608 73 47 que-

713 1642 113 40 scat.
789 1642 88 40 Et,
839 1642 88 40 cum
889 1642 125 40 posuit
977 1642 100 40 quod
1039 1642 138 40 necesse
1139 1642 88 40 est
1177 1642 50 40 vt

709 1681 129 52 istud
794 1681 129 52 motum
880 1681 186 52 quiescat,
1023 1681 100 52 cum
1066 1681 157 52 quieuerit

707 1724 137 38 aliqua
803 1724 110 38 pars
872 1724 124 38 eius,
954 1724 165 38 incoepit
1064 1724 151 38 declarare

703 1757 117 45 hoc,
776 1757 160 45 ducendo
893 1757 88 45 ad
937 1757 248 45 inconueniens,
1141 1757 73 45 &
1156 1757 58 45 d.

708 1797 68 53 si
742 1797 113 53 igitur
821 1797 79 53 non
866 1797 159 53 quieuerit,
991 1797 79 53 &c.
1037 1797 68 53 i.
1071 1797 68 53 si
1105 1797 113 53 igitur
1173 1797 45 53 to
