1416 2066
101 108 616 45 MARCIANTONII

242 164 352 39 CIMARAE

178 213 162 53 Sancti
291 213 242 53 Petrinatis,
485 213 81 53 &
501 213 210 53 Hydruntini,

217 268 234 37 Solutiones
385 268 284 37 Contradictionum

293 308 80 45 in
333 308 134 45 dictis
413 308 188 45 Aristotelis,

345 348 84 39 &
362 348 185 39 Auerrois.

274 396 125 54 Super
358 396 125 54 Primo
427 396 181 54 Physicorum.

392 452 146 47 Verrois
498 452 80 47 in
538 452 93 47 suo
578 452 133 47 procemio

395 487 124 44 super
478 487 124 44 Primo
546 487 165 44 Physicorum

389 522 76 33 in
427 522 139 33 secundo
529 522 165 33 capitulo:
643 522 63 33 vbi

387 556 107 30 ponit
458 556 166 30 vtilitatem
577 556 130 30 scientiae

386 581 177 38 speculatiuae,
531 581 94 38 dicit
594 581 83 38 quod
635 581 73 38 homi-

326 612 131 43 aaliter
421 612 83 43 nem
469 612 95 43 esse
528 612 155 43 perfectum
647 612 83 43 per

182 645 163 37 scientias
308 645 201 37 speculatiuas
471 645 88 37 est
521 645 138 37 hominem
609 645 100 37 habere

177 676 103 38 suam
241 676 141 38 vltimam
344 676 218 38 perfectionem,
524 676 64 38 &
550 676 116 38 talis
614 676 90 38 dispo

186 711 99 36 sitio
252 711 77 36 est
296 711 88 36 sibi
350 711 153 36 foelicitas
471 711 121 36 vltima,
559 711 55 36 &
570 711 131 36 sempiterna

180 740 105 37 vita.
251 740 82 37 Nos
297 740 105 37 autem
368 740 152 37 inuenimus
485 740 152 37 oppositum
602 740 70 37 ab
626 740 70 37 ipso

183 772 107 31 tertio
258 772 64 31 de
290 772 107 31 Anima.
365 772 86 31 com.
419 772 75 31 36.
462 772 64 31 &.
494 772 64 31 9.
526 772 96 31 meta.
590 772 86 31 com.
633 772 64 31 vlti

178 803 83 31 vbi
226 803 107 31 habet
297 803 95 31 ista
356 803 118 31 verba.
439 803 71 31 Et
474 803 189 31 declarauimus
616 803 83 31 super

189 832 67 42 9.
222 832 67 42 de
255 832 111 42 anima.
333 832 133 42 commento
433 832 144 42 allegato,
544 832 89 42 quod
588 832 111 42 foelici-

185 869 78 35 tas
229 869 123 35 maxima,
319 869 89 35 quae
374 869 78 35 est
419 869 67 35 in
453 869 123 35 spicere
542 869 134 35 intelliu
631 869 67 35 sepa

188 897 101 32 ratum
255 897 79 32 est
300 897 79 32 per
346 897 158 32 potentiam,
470 897 90 32 quae
526 897 79 32 fit
571 897 68 32 in
594 897 101 32 intelle

181 931 94 29 ctu
234 931 201 29 speculatiuo
395 931 107 29 apud
461 931 107 29 suam
528 931 147 29 vltimam
622 931 80 29 per-

179 960 146 34 fectionem
291 960 123 34 similem
381 960 157 34 potentiae,
504 960 90 34 quae
560 960 90 34 fuit
616 960 67 34 in
639 960 67 34 visu

183 996 100 36 apud
246 996 151 36 aspectum
359 996 75 36 ad
397 996 151 36 colores,
510 996 88 36 non
560 996 88 36 per
598 996 100 36 poten-

181 1024 105 34 tiam
246 1024 78 34 de
286 1024 105 34 modo
351 1024 196 34 potentiarum
495 1024 209 34 cogitatiuarum.

180 1058 84 33 quae
233 1058 158 33 acquiruntur
359 1058 74 33 per
402 1058 168 33 cognitionem:
539 1058 116 33 quoniam
623 1058 74 33 non
654 1058 53 33 est

184 1090 97 32 sicut
249 1090 162 32 existimauit
379 1090 141 32 Auempace,
487 1090 86 32 quod
541 1090 76 32 hoc
573 1090 130 32 acquiritur

186 1117 84 37 per
234 1117 192 37 cognitionem.
390 1117 72 37 Et
426 1117 72 37 in
463 1117 84 37 hoc
511 1117 108 37 etiam
583 1117 96 37 ipse
631 1117 72 37 accu

183 1154 80 39 sat
228 1154 171 39 Alfarabium.
365 1154 69 39 3.
400 1154 69 39 de
434 1154 114 39 anima,
514 1154 80 39 vbi
560 1154 114 39 supra,
628 1154 80 39 sicut

191 1188 91 31 atet
247 1188 148 31 intuenti.
361 1188 182 31 Contradictio
509 1188 114 31 igitur
577 1188 125 31 consistit

180 1213 66 37 in
213 1213 88 37 hoc,
268 1213 88 37 quia
323 1213 77 37 hic
367 1213 66 37 in
400 1213 132 37 procemio
500 1213 99 37 dicit
555 1213 154 37 foelicitatem

187 1246 126 36 hominis
278 1246 160 36 consistere
404 1246 69 36 in
438 1246 183 36 acquisitione
575 1246 126 36 scientia.

182 1283 81 31 rum
229 1283 220 31 speculatiuarum:
414 1283 70 31 in
449 1283 104 31 aliis
519 1283 93 31 vero
577 1283 104 31 locis
634 1283 70 31 alle

181 1316 108 31 gatis
253 1316 108 31 dicit
324 1316 191 31 foelicitatem
480 1316 131 31 hominis
576 1316 84 31 non
611 1316 96 31 consi-

186 1340 98 38 stere
252 1340 65 38 in
284 1340 142 38 huiusmodi
393 1340 153 38 scientiis,
513 1340 87 38 quae
568 1340 76 38 per
601 1340 98 38 discur-

189 1373 83 37 sum
236 1373 177 37 acquiruntr,
378 1373 83 37 sed
425 1373 71 37 in
460 1373 153 37 intuitiua
567 1373 141 37 cognitione

185 1406 97 36 Lei,
245 1406 97 36 quae
306 1406 133 36 habetur
403 1406 85 36 per
451 1406 181 36 intellectum
584 1406 121 36 adeptum.

185 1435 69 38 et
219 1435 81 38 hoc
265 1435 104 38 etiam
334 1435 127 38 videtur
426 1435 104 38 velle
495 1435 173 38 Themistius,
622 1435 81 38 sicut

182 1467 95 34 ipse
241 1467 142 34 allegat.
348 1467 71 34 3.
383 1467 71 34 de
419 1467 118 34 anima.
502 1467 71 34 Ad
537 1467 83 34 hoc
573 1467 130 34 soluentes

186 1499 121 34 dicimus
274 1499 99 34 quod.
340 1499 66 34 3.
373 1499 66 34 de
406 1499 110 34 anima,
483 1499 77 34 vbi
527 1499 88 34 erat
582 1499 99 34 locus
637 1499 66 34 pro-

189 1530 103 32 prius
257 1530 171 32 discutiendi
394 1530 103 32 istam
463 1530 206 32 difficultatem,
623 1530 80 32 locu-

184 1558 78 37 tus
228 1558 78 37 est
273 1558 67 37 ex
306 1558 122 37 propria
395 1558 156 37 sententia:
517 1558 78 37 hic
562 1558 89 37 vero
606 1558 100 37 locutus

187 1594 75 32 est
230 1594 129 32 secundum
327 1594 107 32 mentem
402 1594 129 32 aliorum.
499 1594 75 32 Aut
542 1594 118 32 aliter,
628 1594 54 32 &
639 1594 64 32 sub-

189 1624 114 35 tilius
268 1624 114 35 potest
348 1624 102 35 prima
416 1624 182 35 controuersia
552 1624 148 35 conciliari,

186 1654 72 34 vt
222 1654 132 34 dicamus
318 1654 192 34 foelicitatem
474 1654 132 34 hominis
558 1654 144 34 consistere

186 1688 72 45 in
222 1688 192 45 acquisitione
378 1688 180 45 scientiarum
510 1688 192 45 speculatiuarum

180 1720 137 35 dupricitur
288 1720 88 35 posse
347 1720 137 35 intelligi,
454 1720 69 35 vel
493 1720 147 35 dispostiue,
611 1720 69 35 vel
640 1720 59 35 com-

178 1749 140 38 pletiue.
283 1749 70 38 Et
319 1749 93 38 tunc
377 1749 129 38 dicimus
470 1749 93 38 quod
529 1749 105 38 primo
599 1749 93 38 modo
646 1749 58 38 est

186 1779 106 39 verum
257 1779 141 39 secundum
362 1779 94 39 viam
421 1779 106 39 Auer.
492 1779 129 39 secundo
586 1779 94 39 vero
633 1779 70 39 modo

185 1813 84 30 est
233 1813 132 30 falsum.
329 1813 108 30 primo
401 1813 96 30 modo
461 1813 144 30 loquitur
569 1813 96 30 hic,
617 1813 84 30 secun

189 1843 62 39 do
220 1843 83 39 modo
272 1843 135 39 loquitur.
376 1843 62 39 I.
407 1843 62 39 de
438 1843 104 39 anima,
511 1843 62 39 &.
542 1843 62 39 9.
573 1843 93 39 meta.
635 1843 73 39 vbi
666 1843 42 39 ne

731 109 75 43 gat
774 109 170 43 foelicitatem
912 109 149 43 consissere
1029 109 64 43 in
1061 109 138 43 scientiis
1157 109 96 43 specula

729 150 85 35 tiuis
785 150 132 35 completiue
889 150 113 35 scilicet
973 150 66 35 nai
1011 150 113 35 cognitio
1095 150 141 35 scientiarum
1199 150 47 35 spe

725 181 179 29 chlatiuarum
868 181 84 29 nen
916 181 84 29 est
964 181 179 29 foelicitas,
1107 181 84 29 sed
1155 181 84 29 est
1190 181 60 29 via

728 208 68 34 ad
762 208 113 34 illam.
841 208 79 34 Et,
886 208 91 34 quia
943 208 159 34 quandaoque
1068 208 79 34 via
1113 208 68 34 ad
1136 208 113 34 terminum

726 239 173 35 consueuit
859 239 133 35 sumere
952 239 252 35 denoniiuationem
1164 239 66 35 a
1177 239 80 35 ter-

729 273 95 33 mino,
793 273 95 33 iuxta
856 273 95 33 illud
920 273 159 33 Ihilosopus.
1047 273 64 33 2.
1079 273 95 33 rixy.
1142 273 85 33 tex.
1185 273 64 33 com.

723 297 77 35 14.
767 297 144 35 generatio
878 297 77 35 est
922 297 121 35 natura,
1010 297 88 35 quia
1065 297 77 35 est
1109 297 77 35 via
1154 297 66 35 in
1176 297 77 35 natu-

730 332 88 31 ram,
785 332 77 31 ita
829 332 99 31 etiam
896 332 133 31 scientia
995 332 166 31 speculatiua
1128 332 77 31 est
1161 332 88 31 foeli-

725 369 107 35 citas,
800 369 86 35 quia
854 369 75 35 est
896 369 75 35 via
939 369 64 35 ad
971 369 182 35 foelicitatem,
1121 369 86 35 quae
1164 369 86 35 feeli-

717 396 114 41 citas
794 396 89 41 est
844 396 127 41 primum
933 396 191 41 principium,
1086 396 64 41 a
1111 396 89 41 quo
1149 396 102 41 coelum

721 428 170 38 dependent,
855 428 61 38 &
879 428 134 38 natura,
976 428 110 38 sicut
1049 428 110 38 patet
1110 428 134 38 expresse.

724 458 85 33 12.
772 458 109 33 meta.
845 458 61 33 &
869 458 97 33 tex.
930 458 61 33 &
954 458 145 33 comnien.
1051 458 48 33 S.

751 484 138 46 Secunda
852 484 163 46 contrasi.
977 484 125 46 ibidem
1065 484 88 46 est
1115 484 100 46 ista
1165 484 75 46 Quia

721 522 146 32 declarans
833 522 124 32 quomodo
923 522 67 32 ad
957 522 169 32 scientiarum
1081 522 157 32 speculariua-

720 556 100 35 rum
777 556 243 35 acquisitionem
977 556 229 35 consequantur
1149 556 100 35 omnes

723 582 133 36 virtutes
823 582 133 36 morales,
922 582 133 36 ostendit
1022 582 122 36 quomodo
1100 582 144 36 consequatur

719 615 204 35 magnanimitas,
887 615 60 35 &
911 615 120 35 inquit
994 615 96 35 quod
1054 615 144 35 sapiens,
1162 615 84 35 cum
1198 615 48 35 co

720 647 142 37 gnouerit
826 647 165 37 paruitatem
956 647 106 37 vitae
1027 647 106 37 suae,
1098 647 59 37 &
1109 647 142 37 perpetuita

720 679 101 32 tem
777 679 231 32 sempiternam,
965 679 72 32 &
994 679 130 32 motum
1066 679 173 32 continuum,

718 709 58 41 &
742 709 93 41 quod
800 709 151 41 proportio
916 709 93 41 suae
974 709 105 41 vitae
1044 709 70 41 ad
1079 709 116 41 tempus
1149 709 93 41 sempi-

723 740 113 37 ternum
802 740 91 37 est,
859 740 102 37 sicut
927 740 113 37 puncti
1006 740 68 37 ad
1040 740 125 37 lineam,
1131 740 79 37 vel
1165 740 79 37 sicut

722 773 126 30 minimi
811 773 164 30 finitorum
937 773 76 30 ad
975 773 177 30 infinitum,
1114 773 88 30 non
1152 773 88 30 procu

717 803 114 30 rabit
794 803 152 30 propriam
908 803 127 30 vitam.
997 803 64 30 &
1022 803 114 30 parum
1098 803 114 30 infra
1162 803 76 30 sub-

720 833 79 40 dit
765 833 90 40 quod
821 833 112 40 eligit
900 833 112 40 mottem
978 833 90 40 prae
1034 833 90 40 vita
1091 833 79 40 Sed
1136 833 101 40 huius
1192 833 56 40 op-

722 866 133 37 positum
819 866 85 37 nos
867 866 157 37 inuenimus
988 866 73 37 ab
1024 866 121 37 Arist.
1109 866 85 37 in,
1145 866 97 37 aethi-

722 902 111 34 corum,
800 902 89 34 cap.
855 902 78 34 e2.
900 902 78 34 vbi
944 902 100 34 habet
1011 902 100 34 quods
1078 902 111 34 quanto
1145 902 100 34 aliquis

718 926 108 36 magis
790 926 96 36 ommi
850 926 131 36 virtute
945 926 131 36 polset,
1041 926 155 36 quantoque
1148 926 96 36 foeli-

718 959 93 40 cior
777 959 93 40 est,
835 959 105 40 Tanto
905 959 105 40 magis
975 959 93 40 illi
1034 959 93 40 mors
1092 959 129 40 molesta
1174 959 70 40 est.

717 990 92 36 nam
769 990 171 36 huiusmodi
901 990 92 36 vir
953 990 131 36 maxime
1045 990 131 36 dignus
1137 990 92 36 est
1176 990 66 36 vi-

727 1022 70 35 a,
762 1022 59 35 &
786 1022 129 35 maximis
880 1022 105 35 bonis
950 1022 164 35 priuaturi.
1079 1022 105 35 ipsum
1138 1022 105 35 sciens.

722 1055 78 36 Sed
767 1055 67 36 ad
800 1055 78 36 hoc
845 1055 90 36 solu
901 1055 90 36 etes
957 1055 123 36 dicimus
1047 1055 90 36 quod
1091 1055 146 36 Philosophus

733 1086 82 37 alio
784 1086 82 37 casu
835 1086 133 37 loquitur,
937 1086 61 37 et
967 1086 61 37 in
998 1086 82 37 alio
1049 1086 82 37 casu
1100 1086 122 37 loquitur
1182 1086 61 37 Aue.

722 1119 76 32 hic.
769 1119 76 32 Nam,
816 1119 57 32 si
845 1119 142 32 comparentur
959 1119 95 32 foelis
1025 1119 47 32 &
1044 1119 95 32 miset,
1110 1119 57 32 i.
1139 1119 66 32 non
1167 1119 76 32 habens

721 1151 171 43 scientiam,
855 1151 98 43 tunc
916 1151 98 43 sine
977 1151 110 43 dubio
1050 1151 110 43 felix
1123 1151 110 43 magis
1184 1151 61 43 ti-

718 1181 108 34 mebit
790 1181 132 34 mortem,
886 1181 96 34 quam
946 1181 120 34 miser.
1030 1181 60 34 &
1054 1181 108 34 ratio
1126 1181 96 34 est,
1174 1181 72 34 quia

732 1214 72 36 lus
773 1214 103 36 perdit
845 1214 103 36 quando
917 1214 113 36 moritur
999 1214 82 36 quae
1051 1214 103 36 miser.
1123 1214 93 36 Auer.
1174 1214 72 36 autem

722 1243 81 40 hic
768 1243 138 40 loquitui
871 1243 69 40 in
906 1243 104 40 casu,
975 1243 81 40 quo
1021 1243 127 40 sapiens
1113 1243 127 40 dubitat
1193 1243 46 40 ne

725 1275 169 38 faelicitatem
863 1275 127 38 amittat.
958 1275 85 38 tunc
1011 1275 85 38 enim
1064 1275 64 38 in
1096 1275 85 38 illo
1149 1275 85 38 casu
1191 1275 53 38 de-

723 1308 81 39 bet
770 1308 173 39 praeeligere
908 1308 115 39 mortem
989 1308 92 39 prae
1047 1308 104 39 vita.
1116 1308 69 39 Et
1151 1308 81 39 hoc
1185 1308 58 39 ex-

728 1341 107 37 presse
803 1341 107 37 sonant
878 1341 96 37 verba
942 1341 96 37 eius.
1005 1341 107 37 inquit
1080 1341 85 37 enim
1133 1341 53 37 &
1144 1341 96 37 proprie

720 1370 96 44 cum
775 1370 124 44 habet
858 1370 220 44 perfectionem
1036 1370 165 44 humanam,
1160 1370 69 44 &
1173 1370 69 44 du-

725 1403 146 31 bitauerit
837 1403 90 31 quod
893 1403 56 31 a
915 1403 168 31 perfectione
1050 1403 168 31 expolietur,
1173 1403 67 31 tunc

720 1436 87 30 non
769 1436 87 30 est
819 1436 125 30 mirum,
907 1436 75 30 si
944 1436 162 30 aliquando
1069 1436 125 30 eligit
1144 1436 100 30 mortem

721 1465 88 42 prae
776 1465 99 42 vita.
842 1465 55 42 &
864 1465 77 42 sic
908 1465 121 42 sedatur
997 1465 187 42 contradictio.
1151 1465 77 42 Sed
1184 1465 55 42 hic

726 1502 80 35 est
771 1502 103 35 focus
840 1502 183 35 dubitationis
988 1502 114 35 contra
1068 1502 114 35 Auerr.
1148 1502 91 35 pera
1193 1502 46 35 r-

717 1531 104 31 dus.
782 1531 104 31 Tum,
847 1531 104 31 quia
913 1531 117 31 malum
991 1531 91 31 non
1043 1531 117 31 habet
1108 1531 131 31 rationem

722 1561 167 32 appetibilis:
858 1561 94 32 sicut
920 1561 94 32 patet
983 1561 63 32 ex
1014 1561 94 32 primo
1077 1561 105 32 aethi.
1150 1561 84 32 cap.
1192 1561 42 32 3.

717 1593 115 33 bonum
794 1593 115 33 ipsum
870 1593 102 33 est,
934 1593 102 33 quod
997 1593 115 33 omnia
1074 1593 165 33 appetunt,
1201 1593 64 33 &

730 1625 120 34 aethi.
814 1625 108 34 malum
886 1625 60 34 a
910 1625 108 34 nullo
982 1625 168 34 appetitur:
1114 1625 96 34 mors
1162 1625 84 34 autem

720 1660 123 31 malum:
806 1660 111 31 ergo,
880 1660 86 31 &c.
929 1660 136 31 Amplius
1028 1660 86 31 est
1065 1660 173 31 contradictio

721 1686 63 36 in
753 1686 105 36 dictis
827 1686 84 36 eis.
879 1686 84 36 Quia
932 1686 84 36 ipse
984 1686 95 36 dicit
1047 1686 84 36 quod
1100 1686 116 36 sapiens
1173 1686 74 36 debet

721 1718 122 36 eligere
810 1718 122 36 mortem,
899 1718 67 36 ne
932 1718 156 36 expolietur
1054 1718 167 36 felicitate.
1187 1718 78 36 Sed

726 1754 75 33 hoc
769 1754 96 33 nihil
833 1754 75 33 est
876 1754 128 33 secundum
972 1754 107 33 fatuam
1047 1754 139 33 opinionem
1154 1754 85 33 eius
1196 1754 43 33 de

727 1787 122 31 vnitate
815 1787 177 31 intellectus.
959 1787 66 31 Et
992 1787 122 31 videtur
1081 1787 89 31 esse
1136 1787 100 31 etiam
1192 1787 55 31 com

719 1812 78 46 tra
764 1812 179 46 Philosophum.
909 1812 67 46 3.
942 1812 112 46 aethi.
1021 1812 89 46 cap.
1076 1812 67 46 9.
1110 1812 78 46 vbi
1143 1812 101 46 reddens

718 1844 133 38 causam,
815 1844 109 38 quare
888 1844 97 38 mors
948 1844 121 38 omnium
1021 1844 218 38 terribilissimum,
