1416 2066
177 181 74 48 in
214 181 148 48 dispone,
324 181 74 48 in
361 181 86 48 qua
410 181 160 48 possibile
533 181 98 48 erat
595 181 74 48 vt
620 181 62 48 mo-

185 215 101 43 tor
242 215 173 43 moueret,
372 215 72 43 &
401 215 130 43 motum
487 215 187 43 moueretur
631 215 86 43 &,

185 255 95 43 cum
240 255 95 43 ita
294 255 108 43 sit,
361 255 68 43 &
388 255 135 43 postea
483 255 162 43 venerunt
605 255 81 43 ad
632 255 54 43 di

187 293 151 45 sponem,
297 293 83 45 in
339 293 96 45 qua
394 293 124 45 motor
476 293 124 45 mouet
559 293 83 45 in
587 293 96 45 actu,

181 329 75 46 &
211 329 136 46 motum
301 329 166 46 mouetur
422 329 90 46 in
467 329 136 46 actu,
542 329 136 46 manife-

184 369 109 48 stum
253 369 95 48 est
307 369 109 48 quod
375 369 123 48 illud
457 369 218 48 impedimentum
621 369 68 48 iam

186 405 139 46 ablatum
287 405 101 46 est.
350 405 76 46 ex
388 405 88 46 quo
439 405 139 46 necesse
540 405 88 46 est
590 405 101 46 quod
641 405 50 46 al

177 444 116 38 terum
254 444 129 38 eorum,
345 444 90 38 aut
396 444 155 38 vtrumque
499 444 181 38 transmutetur

178 480 68 41 &
206 480 95 41 hoc
260 480 203 41 intendebat,
422 480 95 41 cum
476 480 135 41 dixit:
571 480 95 41 sed
612 480 81 41 tram

181 519 161 40 smutatur
301 519 161 40 alterum.
421 519 80 40 Et
462 519 94 40 cum
515 519 134 40 posuit
609 519 107 40 quod

183 557 147 45 necesse
290 557 94 45 est
343 557 80 45 in
384 557 147 45 motore,
491 557 67 45 &
518 557 80 45 in
558 557 121 45 moto,
625 557 67 45 cum

182 596 165 38 fuerunt
302 596 150 38 mutata
407 596 90 38 ex
453 596 180 38 dispone,
588 596 90 38 in
618 596 75 38 qua

188 637 98 37 non
244 637 112 37 fuit
314 637 140 37 motus,
412 637 84 37 ad
454 637 182 37 disponem,
594 637 84 37 in
622 637 70 37 qua

182 665 86 41 est
231 665 122 41 motus,
316 665 98 41 quod
377 665 134 41 necesse
475 665 86 41 est
524 665 73 41 vt
561 665 98 41 illi
610 665 73 41 moto

175 706 101 40 ri,
232 706 101 40 aut
290 706 116 40 moto
363 706 159 40 accidat
464 706 217 40 transmutatio,

186 744 81 50 aut
233 744 139 50 vtrique,
337 744 81 50 aut
384 744 81 50 per
430 744 139 50 acciuns,
534 744 81 50 aut
569 744 116 50 essentia

188 781 116 37 esiter
270 781 139 37 incoepit
374 781 151 37 declarare
490 781 93 37 hoc,
548 781 58 37 &
571 781 116 37 dixit:
641 781 46 37 ne

190 818 110 42 cesse
263 818 86 42 est
312 818 98 42 enim
373 818 86 42 &c.
422 818 73 42 i.
459 818 61 42 &
483 818 86 42 hoc
532 818 135 42 necesse
618 818 61 42 est

185 853 124 45 quia
263 853 155 45 motor,
372 853 78 45 &
403 853 140 45 motum
496 853 124 45 sunt
574 853 93 45 in
605 853 78 45 ca-

182 893 96 50 pso
237 893 82 50 ad
278 893 165 50 aliquid,
402 893 82 50 &,
443 893 96 50 cum
498 893 82 50 in
539 893 137 50 aliquo
621 893 69 50 tem

189 931 123 47 core
265 931 107 47 hoc
327 931 107 47 non
388 931 184 47 moueret,
526 931 77 47 &
557 931 107 47 hoc
603 931 77 47 non

183 965 210 45 moueretur.
348 965 75 45 &
378 965 120 45 post
453 965 105 45 hoc
513 965 180 45 mouerit,
648 965 75 45 &

182 1007 105 46 illud
252 1007 93 46 enim
310 1007 140 46 oueretur
415 1007 163 46 manifestum
543 1007 81 46 est
589 1007 93 46 quod
647 1007 70 46 in

188 1041 82 49 ter
235 1041 93 49 illa
293 1041 93 49 fuit
351 1041 105 49 facta
421 1041 140 49 relatio,
526 1041 93 49 quae
584 1041 82 49 non
619 1041 70 49 fuit

191 1079 112 52 ante.
265 1079 62 52 &
290 1079 112 52 omnis
365 1079 137 52 relatio
465 1079 150 52 sequitur
565 1079 125 52 transinu

189 1121 105 47 tatio
259 1121 93 47 nem:
318 1121 93 47 ergo
376 1121 128 47 necesse
469 1121 82 47 est
516 1121 70 47 vt
551 1121 93 47 ante
609 1121 93 47 tram
656 1121 35 47 s

189 1158 201 45 mitationem
347 1158 158 45 positam
461 1158 100 45 sit
519 1158 144 45 aliqua
605 1158 86 45 tram

185 1194 194 49 sinutatio
334 1194 89 49 in
379 1194 164 49 motore,
498 1194 104 49 aut
558 1194 89 49 in
588 1194 104 49 moto,

186 1230 85 45 aut
235 1230 73 45 in
271 1230 146 45 vtioque,
381 1230 85 45 aut
429 1230 73 45 in
466 1230 183 45 extrinseco.
612 1230 73 45 v.
636 1230 49 45 g.

196 1277 96 41 per
251 1277 96 41 sit
306 1277 123 41 illic
388 1277 151 41 aliquod
484 1277 205 41 impedimentum,

187 1306 116 51 quod
260 1306 174 51 aufertur
391 1306 131 51 post.
478 1306 73 51 &
507 1306 102 51 hoc
550 1306 131 51 intende

191 1344 105 43 lat,
256 1344 92 43 cum
309 1344 131 43 dixit:
401 1344 144 43 necesse
505 1344 92 43 est
558 1344 131 43 igitur
637 1344 52 43 vt

190 1382 87 51 sit
239 1382 99 51 tran
301 1382 149 51 mutatio,
413 1382 87 51 &c.
463 1382 99 51 D.d.
525 1382 99 51 qua,
575 1382 112 51 propter

191 1421 153 45 necesse
303 1421 98 45 est
358 1421 84 45 vt
400 1421 139 45 primam
484 1421 209 45 transmutatio-

186 1455 98 43 nem
242 1455 182 43 praecedat
382 1455 238 43 transmutatio.
577 1455 84 43 Et
605 1455 84 43 haec

198 1493 146 52 demratio,
310 1493 90 52 quam
367 1493 135 52 induxit,
468 1493 79 52 est
513 1493 169 52 vniversalis
648 1493 68 52 in

190 1532 100 40 omni
252 1532 137 40 motore,
352 1532 100 40 siue
414 1532 75 40 in
452 1532 137 40 virtute
539 1532 150 40 rationali,

192 1566 107 44 siue
259 1566 81 44 in
299 1566 94 44 non
353 1566 188 44 rationali.
500 1566 67 44 &
527 1566 94 44 hoc
567 1566 121 44 induxit

189 1604 101 50 nos
246 1604 86 50 ad
289 1604 187 50 exponenda
434 1604 130 50 verba
520 1604 130 50 eius,
592 1604 101 50 sicut

195 1650 121 43 prius
275 1650 201 43 exposuimus.
436 1650 81 43 Et
476 1650 148 43 oportet
584 1650 94 43 nos
624 1650 67 43 per

190 1680 153 52 scrutari
305 1680 77 52 in
344 1680 90 52 hoc
395 1680 102 52 loco
459 1680 102 52 quid
523 1680 153 52 intendit
625 1680 64 52 per

191 1717 111 49 hunc
260 1717 180 49 sermonem.
399 1717 124 49 vtrum
482 1717 166 49 intendit
606 1717 111 49 quod

190 1757 110 48 motus
263 1757 146 48 secundum
373 1757 110 48 genus
446 1757 122 48 semper
531 1757 110 48 fuit,
605 1757 85 48 aut
641 1757 49 48 in

190 1795 136 39 tendit
286 1795 109 39 hoc,
353 1795 109 39 esse
421 1795 122 39 motum
503 1795 163 39 aeternum
612 1795 82 39 vnum

704 172 75 46 in
741 172 137 46 specie.
841 172 87 46 Est
891 172 100 46 enim
953 172 75 46 in
990 172 87 46 hoc
1040 172 125 46 aliqua
1115 172 100 46 diffi-

710 213 121 51 cultas.
798 213 132 51 quoniam,
897 213 66 51 si
930 213 132 51 intendit
1028 213 154 51 declarare,
1149 213 88 51 quod

709 252 111 53 motus
783 252 86 53 non
832 252 136 53 deficit
931 252 148 53 secundum
1042 252 111 53 genus
1116 252 74 53 in
1141 252 74 53 ali-

710 292 82 47 qua
757 292 105 47 hora,
827 292 176 47 existimatur
968 292 94 47 quod
1027 292 176 47 impossibile
1155 292 59 47 est

703 330 110 52 ipsum
776 330 171 52 continuari
911 330 147 52 secundum
1020 330 122 52 genus,
1094 330 122 52 secundum

700 362 219 48 quemcunque
872 362 141 48 modum
966 362 156 48 fuerit
1060 362 156 48 positus.

704 406 88 44 Sed
754 406 100 44 sunt
816 406 175 44 positiones
954 406 213 44 impossibiles,
1129 406 63 44 &
1141 406 75 44 pos-

700 444 153 38 sibiles
811 444 167 38 quaedam.
936 444 69 38 &
964 444 111 38 hoc,
1033 444 111 38 quod
1103 444 97 38 est
1145 444 69 38 pos

706 478 134 52 sibile,
804 478 86 52 est
852 478 122 52 illud,
938 478 98 52 quod
999 478 171 52 necessario
1121 478 86 52 seque

704 517 97 49 tur
760 517 83 49 ex
801 517 125 49 istis
885 517 208 49 proponibus,
1051 517 111 49 quas
1107 517 111 49 posuit

704 555 90 37 hic
755 555 154 37 scilicet
871 555 167 37 potentiam
999 555 179 37 praecedere
1127 555 90 37 actum

708 591 127 43 secundum
804 591 117 43 tempus:
889 591 53 43 &
910 591 127 43 secundum
1005 591 74 43 hoc
1047 591 74 43 est
1090 591 106 43 illud,
1153 591 64 43 quid

704 636 176 38 intendit
836 636 88 38 de
880 636 103 38 hac
939 636 220 38 intentione,
1101 636 117 38 diminu

704 664 120 42 tum.
779 664 75 42 &
809 664 120 42 ideo
884 664 165 42 videmus
1005 664 210 42 Alsarabium
1155 664 60 42 in

707 702 99 42 suo
764 702 128 42 libro
849 702 85 42 de
891 702 156 42 entibus
990 702 227 42 transmutabili-

701 741 105 50 bus
761 741 120 50 niti
836 741 194 50 enumerare
985 741 149 50 modos,
1089 741 90 50 in
1119 741 90 50 qui-

708 780 92 38 bus
760 780 171 38 possibile
892 780 92 38 est
945 780 118 38 motum
1024 780 184 38 praecedere
1155 780 53 38 mo

701 818 106 40 tum
761 818 151 40 alium:
867 818 75 40 &
897 818 106 40 hoc
957 818 91 40 in
1003 818 166 40 motore,
1123 818 75 40 &
1154 818 91 40 in

704 852 117 43 moto,
782 852 131 43 deinde
874 852 183 43 declarasse
1017 852 104 43 quis
1069 852 144 43 possibis,

704 890 56 52 &
726 890 89 52 quis
782 890 167 52 impossibis,
915 890 56 52 &
937 890 89 52 quod
993 890 133 52 possibis
1093 890 78 52 est
1126 890 89 52 neces-

703 932 130 35 sarius
794 932 156 35 secundum
911 932 208 35 desinitionem
1080 932 130 35 motus.
1158 932 52 35 Et

707 965 157 46 secundum
825 965 92 46 hoc
877 965 105 46 erit
942 965 105 46 opus
1008 965 170 46 Alfarabil
1125 965 92 46 quasi

698 1005 254 41 complementum
905 1005 95 41 ad
953 1005 159 41 illud,
1064 1005 127 41 quod
1127 1005 80 41 de-

705 1041 148 41 clarauit
815 1041 123 41 Arist.
901 1041 98 41 hic:
963 1041 111 41 licet
1037 1041 123 41 Arist.
1110 1041 111 41 fecerit

708 1078 121 52 illud,
792 1078 97 52 quod
853 1078 109 52 fecit
925 1078 181 52 Alfarabius,
1070 1078 85 52 in.
1118 1078 85 52 il.
1155 1078 60 52 li-

711 1116 90 38 bro
762 1116 77 38 de
801 1116 166 38 Onatione.
929 1116 77 38 in
967 1116 102 38 illo
1031 1116 102 38 enim
1095 1116 115 38 sibro
1159 1116 51 38 de

714 1158 142 36 larauit
817 1158 155 36 qualiter
933 1158 90 36 est
985 1158 168 36 possibile
1114 1158 103 36 omne
1165 1158 52 36 mo

706 1191 93 43 tum
759 1191 174 43 precedere
893 1191 134 43 motum,
986 1191 67 43 &
1013 1191 147 43 quomodo
1120 1191 93 43 est
1160 1191 53 43 im

715 1228 155 46 possibile.
837 1228 55 46 &
859 1228 77 46 sic
903 1228 100 46 sermo
970 1228 89 46 eius
1025 1228 66 46 in
1058 1228 77 46 hoc
1102 1228 100 46 libro
1158 1228 55 46 est

705 1277 203 37 diminutus,
865 1277 73 37 &
894 1277 218 37 complebitur
1069 1277 131 37 post.
1141 1277 73 37 Aut

705 1305 146 50 dicamus
811 1305 106 50 quod
878 1305 133 50 Arist.
971 1305 93 50 non
1024 1305 160 50 intendit
1144 1305 93 50 per

712 1343 106 43 hanc
778 1343 225 43 declarationem
963 1343 172 43 declarare
1096 1343 106 43 quod
1149 1343 66 43 in-

709 1388 168 42 possibile
838 1388 90 42 est
890 1388 129 42 mundum
980 1388 103 42 esse
1044 1388 77 42 in
1083 1388 129 42 aliqua
1160 1388 52 42 ho

707 1417 89 42 ra
752 1417 134 42 extra
841 1417 119 42 vnum
915 1417 148 42 motum,
1019 1417 104 42 sed
1064 1417 148 42 declara-

711 1461 68 37 re
745 1461 91 37 quod
802 1461 114 37 mundus
882 1461 171 37 impossibile
1018 1461 80 37 est
1064 1461 68 37 vt
1098 1461 80 37 sit
1132 1461 80 37 extra

707 1492 99 50 motum
773 1492 132 50 secundum
872 1492 110 50 oenus.
949 1492 55 50 &
971 1492 121 50 quomodo
1060 1492 143 50 inuenitur
1159 1492 66 50 omne

710 1521 111 59 motum
784 1521 161 59 precedere
907 1521 124 59 motum,
994 1521 86 59 est
1043 1521 99 59 alia
1105 1521 111 59 quod.
1167 1521 49 59 Et

712 1567 138 49 secundum
815 1567 80 49 hoc
861 1567 115 49 vietur
941 1567 103 49 quasi
1010 1567 149 49 intendere
1114 1567 103 49 contra-

710 1604 134 38 dicere
803 1604 147 38 sermoni
910 1604 174 38 dicentium
1043 1604 120 38 motum
1110 1604 107 38 defice

711 1641 85 42 te
753 1641 85 42 in
796 1641 142 42 aliqua
895 1641 128 42 hora,
980 1641 99 42 non
1037 1641 156 42 probare
1136 1641 71 42 mo-

708 1680 95 41 tum
763 1680 108 41 esse
830 1680 176 41 aeternum.
966 1680 81 41 Et
1006 1680 122 41 forte
1087 1680 122 41 etiam
1155 1680 54 41 in

709 1724 132 43 tendit
801 1724 92 43 per
854 1724 106 43 hunc
920 1724 171 43 sermonem,
1052 1724 145 43 probare
1144 1724 66 43 mun

709 1755 83 46 dum
757 1755 95 46 esse
816 1755 119 46 semper
899 1755 142 46 secundum
1006 1755 95 46 hanc
1065 1755 154 46 disponem,
1172 1755 47 46 in

720 1792 80 50 quo
765 1792 80 50 est
811 1792 103 50 modo.
880 1792 138 50 quoniam,
984 1792 80 50 cum
1030 1792 161 50 posuerimus
1156 1792 92 50 quod
