1416 2066
194 173 223 53 Existentia
369 173 127 53 ergo
449 173 143 53 mundi
544 173 111 53 his
592 173 127 53 duabus

217 217 147 43 virtutibus
332 217 147 43 perficitur
447 217 126 43 scilicet
542 217 115 43 virtute
615 217 105 43 quietis,

214 260 66 38 &
240 260 146 38 virtute
346 260 159 38 mouendi,
466 260 106 38 quae
532 260 93 38 est
572 260 146 38 contraria

213 292 99 54 illi.
279 292 121 54 videtur
367 292 110 54 igitur
444 292 77 54 hoc
488 292 176 54 intellexisse
631 292 77 54 per
664 292 55 54 duo

216 333 171 50 principia.
350 333 98 50 D.d.
411 333 85 50 sed
460 333 122 50 illud,
545 333 98 50 quid
606 333 110 50 magis
667 333 49 50 ap

213 370 167 49 propiquat
342 370 142 49 motori,
445 370 90 49 est
496 370 167 49 velocius.
625 370 77 49 i.
664 370 77 49 &,

218 407 99 46 quia
280 407 137 46 necesse
379 407 87 46 est
429 407 99 46 quod
491 407 124 46 partes
578 407 87 46 rei
616 407 99 46 motae,

215 444 80 53 qua
260 444 103 53 magis
329 444 92 53 sunt
387 444 138 53 veloces,
490 444 92 53 sint
547 444 115 53 illae,
627 444 92 53 quae
673 444 46 53 ma

207 485 102 47 gis
266 485 249 47 appropinquant
470 485 161 47 motori,
587 485 117 47 pres
646 485 73 47 au-

214 517 83 45 tem
262 517 189 45 velocissimae
415 517 178 45 caeterarum,
557 517 95 45 quae
617 517 95 45 sunt
676 517 71 45 in

213 559 142 43 sphera
312 559 156 43 totius,
425 559 113 43 sunt
496 559 142 43 maximi
581 559 142 43 circuli,

214 596 83 49 qui
262 596 95 49 sunt
321 596 72 49 in
357 596 83 49 ea,
405 596 131 49 necesse
500 596 83 49 est
548 596 95 49 quod
608 596 95 49 iste
655 596 60 49 lo-

215 632 93 42 cus
268 632 159 42 sphaerae
387 632 93 42 sit
439 632 198 42 propinquior
585 632 132 42 caeteris

215 672 199 42 motoribus.
371 672 157 42 partium
485 672 128 42 autem
556 672 157 42 propinqua

213 708 86 53 rum
262 708 160 53 proportio
385 708 74 53 ad
422 708 111 53 illum
496 708 135 53 dignior
594 708 98 53 est,
643 708 74 53 pro-

214 749 139 45 portione
319 749 128 45 aliarum
412 749 70 45 ad
446 749 116 45 illum.
527 749 70 45 &,
562 749 81 45 cum
609 749 81 45 sit
643 749 70 45 ita,

220 783 125 44 constat
310 783 91 44 quod
367 783 79 44 sit
413 783 113 44 illic.
492 783 68 44 i.
526 783 57 44 &
549 783 79 44 sic
594 783 79 44 est
640 783 68 44 de
662 783 57 44 mo-

214 823 67 43 tu
247 823 111 43 totius
325 823 134 43 scilicet
425 823 89 43 quod
481 823 111 43 quanto
559 823 100 43 magis
615 823 111 43 appropin

211 868 125 36 quatur
299 868 138 36 motori,
399 868 113 36 tanto
474 868 100 36 erit
537 868 163 36 velocius.
649 868 63 36 mo-

219 899 87 39 tor
268 899 124 39 igitur
355 899 87 39 est
405 899 75 39 in
442 899 149 39 partibus
542 899 174 39 velocioribus

218 941 131 37 totius,
313 941 143 37 scilicet
420 941 71 37 in
456 941 131 37 circulo
551 941 107 37 maxio
622 941 107 37 orbis
681 941 48 37 ma

213 980 128 42 ximi,
298 980 99 42 qui
355 980 128 42 facit
440 980 156 42 diurnum
554 980 142 42 motum.
639 980 85 42 Hane

217 1012 125 49 autem
300 1012 292 49 appropinquationem
550 1012 153 49 debemus
648 1012 69 49 in-

222 1047 118 43 telligere
313 1047 109 43 secundum
394 1047 82 43 esse,
449 1047 64 43 non
485 1047 109 43 secundum
567 1047 91 43 locum,
630 1047 73 43 quid
667 1047 54 43 enim

218 1086 89 45 est
269 1086 89 45 non
320 1086 76 45 in
358 1086 153 45 corpore,
473 1086 89 45 non
524 1086 89 45 est
574 1086 76 45 in
613 1086 114 45 loco.
689 1086 64 45 &

219 1126 109 45 quasi
292 1126 121 45 innuit
377 1126 85 45 per
425 1126 97 45 hoc,
486 1126 133 45 quoniam
571 1126 146 45 principium

215 1163 133 48 mouendi
311 1163 84 48 est
360 1163 72 48 ex
396 1163 169 48 nobiliori,
528 1163 145 48 scilicet
637 1163 72 48 ex
661 1163 60 48 me-

216 1201 91 49 dio
268 1201 170 49 sphaerae,
399 1201 104 49 quae
464 1201 91 49 est
516 1201 144 49 maximus
608 1201 104 49 circu-

214 1237 120 42 lus.
289 1237 75 42 &
319 1237 105 42 hoc
379 1237 210 42 manifestum
543 1237 105 42 est
588 1237 135 42 sensui,

214 1280 173 46 quoniam
340 1280 141 46 motio
434 1280 188 46 corporis
559 1280 173 46 sphaerici

206 1312 72 42 a
234 1312 101 42 suo
292 1312 129 42 medio
378 1312 101 42 est
436 1312 158 42 melior,
551 1312 72 42 &
565 1312 158 42 nobilior.

255 1365 125 53 Habet
338 1365 125 53 autem
422 1365 111 53 dubi
491 1365 180 53 tationem,
630 1365 83 53 si
658 1365 69 53 com

209 1404 152 54 tingat
315 1404 182 54 aliquid,
451 1404 121 54 quid
527 1404 182 54 mouetur,
648 1404 76 54 mo-

213 1446 114 51 uere
284 1446 185 51 continue,
426 1446 100 51 sed
483 1446 114 51 non,
554 1446 85 51 vt
597 1446 100 51 id,
640 1446 85 51 quod

209 1489 132 47 pellit
301 1489 132 47 iterum
394 1489 66 47 &
420 1489 145 47 iterum,
526 1489 66 47 &
552 1489 79 47 eo
592 1489 106 47 quod
645 1489 79 47 com-

218 1526 171 45 sequenter
349 1526 105 45 sit,
415 1526 171 45 continue.
546 1526 92 45 Aut
599 1526 105 45 enim
651 1526 66 45 ip-

212 1572 104 40 sum
272 1572 104 40 ops
331 1572 178 40 pellere,
465 1572 104 40 aut
524 1572 178 40 trahere,
643 1572 74 40 vel

214 1611 183 48 vtrunque,
355 1611 99 48 aut
411 1611 155 48 alterum
524 1611 155 48 aliquid
623 1611 99 48 exci-

216 1652 126 46 piens
300 1652 126 46 aliud
384 1652 84 46 ab
426 1652 126 46 alio,
511 1652 126 46 sicut
595 1652 126 46 dudum
665 1652 56 46 di

206 1689 92 49 ctum
264 1689 81 49 est
310 1689 69 49 in
345 1689 104 49 ijns,
414 1689 92 49 quae
472 1689 196 49 proliciuntur,
633 1689 81 49 si,
667 1689 58 49 cum

210 1735 212 48 diuisibilis
379 1735 99 48 sit
436 1735 113 48 aer,
506 1735 99 48 aut
563 1735 127 48 aqua,
647 1735 99 48 mo

212 1771 106 53 uet,
278 1771 93 53 sed
331 1771 79 53 vt
371 1771 93 53 qui
424 1771 132 53 semper
516 1771 159 53 mouetur.
622 1771 93 53 vtro-

214 1812 83 54 que
262 1812 107 54 autem
333 1812 95 54 modo
393 1812 83 54 non
441 1812 155 54 possibile
560 1812 83 54 est
608 1812 95 54 vnum
655 1812 60 54 ce,

738 173 97 59 sed
793 173 193 59 contiguum.
945 173 124 59 Solus
1028 173 138 59 itaque
1125 173 83 59 is
1153 173 110 59 conti-

732 221 144 45 nuus
822 221 144 45 est,
912 221 126 45 quo
984 221 162 45 ipsum
1075 221 180 45 immobile

734 260 143 46 mouet.
834 260 143 46 semper
934 260 114 46 enim
1005 260 186 46 similiter
1148 260 86 46 se
1177 260 71 46 ha-

731 301 144 59 bens,
827 301 80 59 &
859 301 96 59 ad
907 301 112 59 id,
971 301 128 59 quod
1052 301 176 59 mouetur
1164 301 96 59 simi

734 343 142 44 liter
829 343 95 44 se
876 343 190 44 habebit,
1018 343 79 44 &
1034 343 174 44 continue.

786 385 94 68 Sed
839 385 94 68 est
893 385 94 68 hic
947 385 108 68 quod
1015 385 202 68 difficilis.
1163 385 94 68 motor

736 428 148 70 quidem
840 428 103 70 pot
899 428 148 70 mouere
1002 428 192 70 continue,
1150 428 74 70 &
1179 428 103 70 non

745 477 142 61 ecundu
844 477 128 61 idem,
929 477 170 61 secundum
1057 477 113 61 quod
1113 477 142 61 expellit

740 529 113 53 vnum
811 529 113 53 post
881 529 141 53 aliud:
980 529 85 53 et
1023 529 99 53 sic
1065 529 184 53 continuatio

733 572 115 64 eius
805 572 101 64 est
862 572 202 64 successio.
1021 572 86 64 Ad
1064 572 115 64 quod
1136 572 101 64 est
1179 572 72 64 di-

735 620 156 64 cendum,
848 620 142 64 quonia
947 620 156 64 necesse
1061 620 113 64 est,
1132 620 99 64 aut
1174 620 85 64 quod

736 668 138 47 seper
828 668 199 47 expellat,
981 668 107 47 aut
1042 668 199 47 attrahat,
1180 668 77 47 aut

735 714 118 65 agat
809 714 192 65 vtrunque,
957 714 104 65 aut
1016 714 118 65 agat
1090 714 148 65 aliud,
1179 714 74 65 cui

734 760 177 58 succedit
867 760 118 58 vnum
941 760 118 58 post
1015 760 148 58 aliud,
1118 760 89 58 vt
1148 760 103 58 dixi-

737 805 95 61 mus
792 805 162 61 superius
913 805 81 61 in
954 805 81 61 re
994 805 176 61 prorecta.
1129 805 95 61 aer
1170 805 81 61 enim

734 850 120 65 quia
809 850 105 65 est
869 850 134 65 aptus
958 850 90 65 vt
1003 850 209 65 diuidatur,
1152 850 105 65 simi-

732 901 133 61 uiter
821 901 89 61 et
866 901 133 61 aqua,
955 901 133 61 mouet
1043 901 104 61 per
1103 901 119 61 suum
1162 901 89 61 motu

732 948 150 63 semper
837 948 135 63 modis
927 948 195 63 diuersis.
1076 948 105 63 sed
1121 948 135 63 impossi

739 993 113 62 bile
810 993 99 62 est
866 993 142 62 secudu
966 993 170 62 vtrunque
1093 993 113 62 modu
1164 993 113 62 quod

737 1038 128 52 motus
822 1038 100 52 sit
879 1038 128 52 vnus,
964 1038 100 52 sed
1021 1038 228 52 successiuus.
1192 1038 57 52 Co

738 1089 146 57 tinuus
841 1089 146 57 igitur
943 1089 103 57 est
1002 1089 146 57 solus,
1105 1089 103 57 qui
1148 1089 103 57 moue-

731 1133 106 61 tur
792 1133 76 61 a
822 1133 106 61 non
883 1133 137 61 moto.
974 1133 167 61 quonia,
1096 1133 91 61 cu
1126 1133 122 61 semper

743 1180 105 46 sit
803 1180 134 46 eodem
892 1180 134 46 modo,
982 1180 75 46 &
1012 1180 120 46 ideo
1087 1180 120 46 etia
1161 1180 120 46 apud

740 1228 138 62 illud,
837 1228 110 62 quod
906 1228 83 62 ab
947 1228 110 62 illo
1016 1228 166 62 mouetur,
1141 1228 97 62 est
1182 1228 69 62 eo-

738 1276 116 46 dem
805 1276 132 46 modo
871 1276 182 46 continue.

782 1317 113 47 Vult
853 1317 184 47 declarare
994 1317 85 47 in
1036 1317 99 47 hoc
1079 1317 155 47 capitulo,

742 1357 142 53 quoniam
845 1357 77 53 ex
884 1357 103 53 ipsa
948 1357 206 53 continuanone
1116 1357 116 53 motus
1181 1357 64 53 se-

739 1397 129 46 quitur
830 1397 103 46 quod
894 1397 103 46 iste
959 1397 116 46 motor
1036 1397 90 46 non
1088 1397 90 46 sit
1127 1397 116 46 corpus,

738 1436 99 51 sicut
804 1436 121 51 oportet
892 1436 99 51 etiam
958 1436 88 51 quod
1012 1436 77 51 sit
1056 1436 99 51 vnus,
1122 1436 55 51 &
1144 1436 88 51 quod
1188 1436 55 51 il-

738 1475 94 49 lud,
797 1475 94 49 quid
856 1475 130 49 mouetur
950 1475 71 49 ab
986 1475 106 49 illo,
1056 1475 83 49 sit
1104 1475 106 49 motum
1163 1475 83 49 vnum.

745 1517 128 44 Motor
830 1517 114 44 enim
901 1517 199 44 corporeus,
1058 1517 114 44 quia
1129 1517 100 44 non
1172 1517 71 44 mo-

745 1548 104 46 uet,
810 1548 104 46 nisi
875 1548 196 46 expellendo,
1032 1548 91 46 aut
1071 1548 170 46 attrahendo,

734 1585 102 41 aut
793 1585 174 41 vtrunque
923 1585 160 41 agendo:
1040 1585 189 41 attrahens
1170 1585 73 41 au-

736 1624 94 42 tem,
795 1624 59 42 &
819 1624 154 42 expellens
937 1624 83 42 non
984 1624 106 42 eodem
1055 1624 94 42 modo
1114 1624 71 42 se
1138 1624 106 42 hiabunt

736 1661 109 51 circa
808 1661 121 51 illud,
893 1661 97 51 quid
954 1661 133 51 mouetur
1050 1661 73 51 in
1087 1661 121 51 initio
1159 1661 85 51 expul

740 1696 113 43 sionis,
822 1696 72 43 aut
863 1696 174 43 attractionis,
1006 1696 51 43 &
1027 1696 62 43 in
1058 1696 92 43 fine,
1119 1696 123 43 scilicet
1201 1696 41 43 in

735 1741 267 42 propiiquitate,
958 1741 74 42 &
988 1741 208 42 remotione:
1136 1741 104 42 motor

733 1780 117 44 ergo,
811 1780 91 44 qui
863 1780 91 44 est
915 1780 143 44 corpus,
1020 1780 91 44 non
1072 1780 91 44 est
1111 1780 130 44 consimi-

737 1811 97 55 lium
798 1811 146 55 disponum
907 1811 97 55 apud
968 1811 122 55 illud,
1053 1811 97 55 quod
1114 1811 146 55 mouetur:
