1416 2066
139 161 147 41 appetitum
252 161 124 41 indiget
342 161 203 41 intelligentia,
511 161 68 41 vt
545 161 79 41 sit
579 161 79 41 forma

138 199 166 32 informans
266 199 128 32 orbem.
355 199 89 32 Nam
406 199 217 32 intelligentia
572 199 77 32 inte

136 229 101 33 ligit
203 229 56 33 &
226 229 124 33 appetit
316 229 79 33 per
361 229 90 33 suam
417 229 157 33 essentiam,
541 229 67 33 vt
574 229 79 33 est
608 229 45 33 de

146 266 146 32 intentione
260 266 83 32 Com.
312 266 73 32 12.
354 266 94 32 meta.
416 266 83 32 com.
468 266 73 32 23.
510 266 73 32 36.
552 266 63 32 &.
583 266 73 32 39.
625 266 52 32 &

141 296 76 36 si.
185 296 76 36 qui
228 296 87 36 vult
283 296 87 36 quod
338 296 65 36 in
370 296 153 36 abstractis
490 296 55 36 a
512 296 120 36 materia
589 296 65 36 idem

137 333 80 29 est
182 333 171 29 intelligens
319 333 57 29 &
342 333 171 29 intellectio
480 333 57 29 &
491 333 160 29 intellectum.

138 356 65 41 si
171 356 87 41 enim
225 356 186 41 intelligentia
378 356 65 41 in
411 356 175 41 intelligendo
542 356 109 41 depende-

139 387 74 35 ret
182 387 53 35 a
203 387 74 35 suo
245 387 95 35 orbe,
308 387 74 35 cum
350 387 74 35 sua
392 387 158 35 intellectio
518 387 74 35 sit
560 387 74 35 sua
592 387 63 35 sub-

140 419 115 34 stantia
223 419 125 34 secundum
317 419 104 34 ipsum:
390 419 136 34 accideret
494 419 83 34 ergo
536 419 125 34 intelligen

142 450 77 35 tiam
191 450 77 35 esse
239 450 116 35 causatam
326 450 48 35 a
345 450 68 35 suo
384 450 87 35 orhe:
442 450 77 35 quod
491 450 68 35 est
520 450 135 35 impossibile,

136 483 57 41 &
158 483 115 41 contra
239 483 92 41 Com.
296 483 69 41 I.
330 483 115 41 physi.
410 483 92 41 com.
468 483 80 41 63.
514 483 69 41 Si
548 483 92 41 vero
594 483 57 41 di-

137 516 75 33 cas
180 516 118 33 propter
266 516 129 33 secundum
363 516 129 33 scilicet
460 516 118 33 propter
546 516 107 33 motum,
610 516 43 33 in

142 545 189 33 telligentiam
295 545 94 33 esse
354 545 130 33 formam.
449 545 130 33 Contra,
531 545 118 33 intelli-

141 576 134 41 gentia
235 576 81 41 ad
275 576 175 41 causandum
409 576 121 41 motum
490 576 121 41 habet
557 576 94 41 omnem

144 613 161 29 actiuitatem
273 613 108 29 absque
349 613 86 29 hoc,
403 613 86 29 quod
456 613 118 29 vniatur
542 613 86 29 sibi
585 613 65 29 for-

140 645 158 29 maliter.
258 645 105 29 ergo
324 645 144 29 propter
429 645 118 29 istam
508 645 131 29 causam
586 645 66 29 non

137 677 143 29 oportet
241 677 117 29 ipsam
319 677 104 29 dare
384 677 104 29 esse
450 677 117 29 orbi,
515 677 143 29 assumptum

140 709 157 31 probatur.
261 709 97 31 quia
321 709 205 31 intelligentia
490 709 85 31 non
538 709 109 31 mouet
599 709 60 31 or-

145 738 91 32 bemt
201 738 102 32 manu,
269 738 79 32 aut
315 738 102 32 pede,
383 738 79 32 aut
428 738 113 32 aliquo
508 738 136 32 corporeo
598 738 57 32 in-

143 766 150 35 strumento,
261 766 75 35 sed
304 766 86 35 solo
357 766 171 35 intelligere,
496 766 54 35 &
518 766 107 35 velle,
582 766 75 35 iuxta

143 798 95 36 illud
207 798 95 36 Auer.
271 798 74 36 12.
313 798 95 36 meta.
377 798 85 36 com.
430 798 74 36 36.
472 798 117 36 corpora
546 798 117 36 coelessia

143 828 91 38 sunt
199 828 136 38 animata.
302 828 57 38 &
324 828 136 38 declarat
427 828 125 38 quomodo
518 828 91 38 sint
563 828 91 38 anima-

146 861 79 37 ta,
191 861 57 37 &
214 861 113 37 dicit,
293 861 57 37 &
315 861 79 37 non
361 861 113 37 habent
440 861 68 37 de
474 861 158 37 virtutibus
587 861 68 37 ani-

150 889 83 45 mae
198 889 95 45 nisi
257 889 190 45 intellectum,
412 889 60 45 &
436 889 143 45 virtutem
531 889 119 45 desydera

143 924 111 39 tiuam,
220 924 89 39 quae
276 924 100 39 mouet
342 924 66 39 in
375 924 100 39 loco.
442 924 66 39 si
475 924 111 39 igitur
541 924 111 39 intelli-

141 954 113 40 gentia
220 954 102 40 mouet
287 954 113 40 orben:
366 954 102 40 mouet
434 954 79 40 per
479 954 181 40 intelligere,
626 954 56 40 &

147 986 109 35 velle.
223 986 76 35 sed
267 986 87 35 suum
321 986 163 35 intelligere
451 986 54 35 &
473 986 98 35 velle
528 986 130 35 abstractum

146 1019 93 32 est,
205 1019 58 32 &
228 1019 81 32 non
274 1019 81 32 fit
321 1019 140 32 mediante
425 1019 140 32 corpore,
530 1019 81 32 nec
565 1019 93 32 mediam

143 1053 68 29 te
177 1053 113 29 aliquo
255 1053 146 29 existente
368 1053 68 29 in
402 1053 135 29 corpore,
503 1053 135 29 sequitur
593 1053 68 29 ergo

145 1079 144 38 propter
250 1079 144 38 neutrum
354 1079 144 38 istorum
446 1079 209 38 intelligentiam

151 1110 83 36 dare
203 1110 83 36 esse
254 1110 145 36 formaliter
369 1110 93 36 orbi.
431 1110 62 36 Et
462 1110 73 36 hoc
503 1110 125 36 testatur
586 1110 73 36 etiam

152 1141 80 37 Com.
202 1141 60 37 3.
232 1141 90 37 meta.
293 1141 80 37 com.
343 1141 70 37 12.
383 1141 70 37 vbi
423 1141 100 37 dicit,
493 1141 80 37 quod
544 1141 110 37 corpora
614 1141 50 37 coe

145 1171 120 33 lestia
229 1171 96 33 sunt
289 1171 132 33 animata
385 1171 72 33 ex
421 1171 132 33 corpore
517 1171 60 33 &
541 1171 108 33 forma
613 1171 72 33 in

142 1206 161 32 telligibili.
272 1206 60 32 Et
303 1206 131 32 declarans
403 1206 120 32 quomodo,
493 1206 110 32 subdit,
574 1206 70 32 non
604 1206 50 32 ita

144 1237 71 38 per
185 1237 92 38 anima
246 1237 71 38 sit
286 1237 71 38 res
327 1237 122 38 animata,
419 1237 92 38 neque
480 1237 71 38 sic
521 1237 81 38 quod
572 1237 71 38 ibi
602 1237 51 38 sit

138 1269 159 34 aliquid,
257 1269 106 34 quod
324 1269 159 34 animetur
443 1269 93 34 per
497 1269 146 34 animam,
590 1269 66 34 aut

143 1298 103 31 viuat
211 1298 80 31 per
257 1298 115 31 vitam,
337 1298 80 31 sed
383 1298 92 31 sunt
440 1298 126 31 animata
532 1298 80 31 per
578 1298 80 31 se,
624 1298 57 31 &

139 1333 103 29 viua.
207 1333 92 29 omne
265 1333 92 29 enim
322 1333 92 29 quod
380 1333 103 29 viuit
448 1333 80 29 per
494 1333 115 29 vitam,
575 1333 57 29 &
586 1333 69 29 ani-

140 1365 110 30 matur
213 1365 85 30 per
262 1365 134 30 animam,
359 1365 85 30 est
408 1365 183 30 generabile,
554 1365 61 30 &
567 1365 85 30 corru

148 1393 128 35 ptibile.
244 1393 85 35 Ista
298 1393 96 35 autem
362 1393 96 35 verba
426 1393 75 35 pro
469 1393 96 35 tanto
533 1393 107 35 dicit,
597 1393 64 35 quia

139 1428 79 30 in
178 1428 119 30 rebus
258 1428 119 30 anima
337 1428 185 30 informante
483 1428 159 30 animatis
589 1428 66 30 res

144 1454 135 36 animata
242 1454 86 36 est
291 1454 110 36 anima
364 1454 98 36 sua:
425 1454 98 36 quia
487 1454 98 36 tota
536 1454 122 36 quiditas

137 1484 116 38 talium
219 1484 81 38 est
265 1484 58 38 a
288 1484 81 38 sua
335 1484 116 38 forma.
416 1484 70 38 7.
451 1484 104 38 meta.
520 1484 81 38 34.
567 1484 70 38 &.
590 1484 58 38 2i.

141 1515 147 38 quiditas
251 1515 98 38 hoi,
312 1515 86 38 est
361 1515 98 38 homo
422 1515 86 38 vno
471 1515 110 38 modo.
545 1515 86 38 Sed
582 1515 73 38 cor-

150 1546 78 32 pora
199 1546 126 32 coelestia
296 1546 78 32 sunt
345 1546 107 32 animata
423 1546 68 32 per
461 1546 68 32 se,
500 1546 49 32 &
520 1546 88 32 viua,
578 1546 68 32 hoc
607 1546 49 32 est

138 1581 103 29 dictu,
210 1581 103 29 habent
282 1581 114 29 formam,
365 1581 83 29 quae
416 1581 145 29 appellatur
530 1581 83 29 vita
582 1581 52 29 &
592 1581 62 29 ani-

146 1613 64 30 ma
178 1613 96 30 orbis
242 1613 75 30 per
285 1613 75 30 se:
327 1613 85 30 quia
381 1613 75 30 non
423 1613 181 30 transfunditur
572 1613 64 30 in
594 1613 53 30 or-

135 1641 91 33 bem
187 1641 143 33 formale
291 1641 143 33 viuere,
395 1641 65 33 &
421 1641 156 33 animatum
538 1641 117 33 esse.
603 1641 52 33 Si

140 1677 90 36 enim
196 1677 78 36 sic
241 1677 112 36 esset,
319 1677 112 36 vtique
397 1677 101 36 verum
465 1677 101 36 esset
532 1677 112 36 dicere
599 1677 56 36 or-

140 1704 71 34 bem
181 1704 102 34 viuere
252 1704 71 34 per
293 1704 193 34 intelligentiam,
456 1704 92 34 sicut
517 1704 71 34 est
557 1704 61 34 in
578 1704 71 34 istis

138 1736 172 39 inferioribus.
280 1736 51 39 &
300 1736 81 39 ideo
351 1736 91 39 etiam
412 1736 122 39 secundum
503 1736 91 39 ipsum
564 1736 71 39 non
594 1736 61 39 poni

135 1769 79 33 tur
180 1769 79 33 ibi
225 1769 101 33 anima
292 1769 180 33 imaginatiua,
439 1769 101 33 sicut
507 1769 113 33 posuit
574 1769 79 33 Auic.

138 1796 98 38 Suuit
204 1796 109 38 igitur
280 1796 120 38 animata
367 1796 120 38 corpora
455 1796 153 38 coelestia,
575 1796 55 38 &
586 1796 65 38 viua

142 1832 73 34 per
183 1832 73 34 se,
225 1832 63 34 i.
257 1832 147 34 solitarie,
372 1832 84 34 quia
424 1832 105 34 habent
498 1832 84 34 sibi
540 1832 115 34 appropria

137 1864 83 33 tum
184 1864 177 33 principium,
326 1864 94 33 quod
385 1864 83 33 pot
432 1864 94 33 dici
491 1864 106 33 anima
562 1864 59 33 &
574 1864 71 33 vita

141 1891 90 48 uxta
197 1891 101 48 illud
265 1891 101 48 supra
332 1891 146 48 allegatum
445 1891 169 48 principium,
568 1891 79 48 motus

671 163 67 39 de
704 163 123 39 omnibus
794 163 145 39 mobilibus
905 163 89 39 est,
961 163 101 39 sicut
1028 163 101 39 anima
1095 163 67 39 de
1118 163 78 39 rebus

670 205 116 29 viuis.
752 205 93 29 vnle
810 205 70 29 in
844 205 116 29 quinto
925 205 93 29 cap.
983 205 70 29 de
1018 205 162 29 substantia
1134 205 58 29 or-

679 236 81 40 bis,
729 236 142 40 declarauns
841 236 111 40 quomodo
922 236 172 40 intelligentia
1063 236 71 40 est
1094 236 101 40 separata

679 263 70 43 ab
714 263 105 43 orbe,
784 263 105 43 dicit
854 263 93 43 quod
913 263 82 43 hoc
960 263 82 43 est
1006 263 152 43 inquantum
1111 263 82 43 istud

670 293 116 37 corpus
752 293 81 37 non
798 293 128 37 indiget
891 293 105 37 ipsa,
961 293 93 37 quia
1019 293 105 37 ipsum
1089 293 81 37 est
1124 293 70 37 per-

675 332 119 30 manens
758 332 83 30 per
806 332 83 30 se.
853 332 178 30 Reuertantur
995 332 130 30 igitur,
1090 332 59 30 &
1102 332 83 30 dica-

679 359 87 31 nus
728 359 111 31 motum
802 359 111 31 coeli
877 359 99 31 esse
939 359 173 31 naturalem:
1075 359 87 31 non
1112 359 74 31 quia

674 388 76 38 sit
718 388 54 38 a
739 388 98 38 forma
804 388 130 38 naturali
902 388 141 38 causatus,
1010 388 87 38 sed,
1065 388 87 38 quia
1119 388 76 38 est
1151 388 33 38 a

682 428 149 30 principio
796 428 126 30 passiuo
888 428 126 30 habente
980 428 69 30 ex
1015 428 80 30 sui
1061 428 126 30 rarione
1141 428 46 30 in

675 451 147 39 trinseca
785 451 208 39 inclinationem
956 451 73 39 ad
992 451 196 39 suscipiendum
1139 451 49 39 mo

677 492 77 30 tum
721 492 66 30 ab
754 492 87 30 ipsa
808 492 197 30 intelligentia,
972 492 87 30 quae
1027 492 77 30 est
1060 492 131 30 intrinseca

674 521 122 37 coelo,
759 521 134 37 sumendo
857 521 122 37 coelum
943 521 86 37 pro
991 521 159 37 aggregato
1114 521 73 37 ex
1138 521 49 37 in

675 548 172 38 telligentia
812 548 57 38 &
835 548 103 38 orbe.
904 548 57 38 &
927 548 80 38 est
972 548 160 38 intrinseca
1087 548 103 38 quantum

675 576 80 33 ad
715 576 214 33 operationem,
889 576 94 33 non
943 576 147 33 quantum
1050 576 80 33 ad
1076 576 121 33 formale

673 609 98 33 esse.
738 609 54 33 &
760 609 76 33 sic
804 609 87 33 dico
858 609 109 33 coelum
934 609 87 33 esse
988 609 98 33 motum
1054 609 65 33 ex
1086 609 76 33 se.
1119 609 76 33 Orbis

673 638 98 36 autem
739 638 109 36 natura
815 638 87 36 est,
870 638 55 36 &
891 638 164 36 quiditatiue
1022 638 55 36 a
1044 638 131 36 Naturali
1132 638 65 36 com.

675 672 156 37 syderatur.
798 672 78 37 est
842 672 100 37 autem
909 672 123 37 natura,
998 672 89 37 quae
1054 672 78 37 est
1088 672 100 37 materia

675 709 77 29 non
719 709 66 29 in
752 709 144 29 potentia,
863 709 77 29 sed
907 709 66 29 in
940 709 99 29 actu.
1006 709 110 29 natura
1084 709 88 29 enim
1128 709 66 29 ana-

675 735 111 34 logice
753 735 122 34 dicitur
842 735 67 34 de
875 735 89 34 illa
930 735 56 34 &
953 735 89 34 ista
1008 735 133 34 materia.
1097 735 100 34 Natura-

673 765 106 37 litas
744 765 106 37 autem
814 765 177 37 accidentium
956 765 106 37 habet
1026 765 129 37 attendi
1109 765 82 37 penes

675 796 154 33 subiectum
793 796 106 33 suum,
864 796 59 33 &
888 796 83 33 non
935 796 106 33 penes
1006 796 165 33 efficiens.
1124 796 71 33 sub-

676 829 110 37 stantia
756 829 80 37 enim
806 829 60 37 vt
836 829 90 37 dicit
896 829 110 37 Commen.
976 829 60 37 4.
1006 829 90 37 meta.
1066 829 80 37 com.
1116 829 60 37 2.
1146 829 70 37 non

682 859 73 35 est
723 859 94 35 causa
786 859 146 35 accidentis
900 859 125 35 secundum
994 859 94 35 finem
1057 859 52 35 &
1067 859 125 35 efficiens,

677 892 72 38 sed
718 892 123 38 secundum
810 892 133 38 materiam.
912 892 92 38 motus
973 892 82 38 enim
1024 892 112 38 lapidis
1096 892 102 38 proiecti

675 927 131 39 deorsum
771 927 72 39 ab
807 927 120 39 aliquo
890 927 84 39 non
938 927 84 39 est
986 927 155 39 naturalis
1093 927 96 39 ratio-

676 953 60 41 ne
706 953 159 41 prorcientis,
835 953 70 41 sed
875 953 110 41 ratione
955 953 80 41 sui.
1005 953 60 41 Et
1035 953 100 41 quando
1094 953 100 41 dicitur,

674 984 97 43 quod
735 984 61 43 a
759 984 97 43 pari
820 984 170 43 aggregatum
954 984 73 43 ex
990 984 146 43 plaustro
1100 984 61 43 &
1112 984 85 43 bobus

679 1017 105 34 esset
750 1017 105 34 motum
820 1017 70 34 ex
855 1017 82 34 se,
902 1017 94 34 quia
961 1017 105 34 boues
1031 1017 94 34 sunt
1078 1017 117 34 intrinse

679 1049 70 43 ci
714 1049 94 43 tali
773 1049 164 43 aggregato:
902 1049 176 43 Respondetur
1043 1049 129 43 negando
1125 1049 70 43 com-

673 1079 147 41 sequens,
783 1079 61 41 &
807 1079 220 41 consequentiam.
991 1079 98 41 quia
1052 1079 86 41 non
1101 1079 86 41 est
1138 1079 61 41 ta-

675 1113 85 33 lis
723 1113 145 33 habitudo
832 1113 109 33 inter
905 1113 169 33 plaustrum,
1038 1113 60 33 &
1062 1113 121 33 boues,
1135 1113 60 33 qua

675 1141 72 39 lis
716 1141 72 39 est
757 1141 92 39 inter
818 1141 92 39 orbem
879 1141 51 39 &
900 1141 194 39 intelligentiam.
1063 1141 72 39 nam
1094 1141 102 39 secundum

677 1173 88 37 Auer.
736 1173 59 37 2.
765 1173 98 37 coeli.
833 1173 78 37 com.
882 1173 59 37 3.
911 1173 59 37 ex
941 1173 166 37 intelligentia
1077 1173 59 37 et
1106 1173 78 37 orbe
1145 1173 49 37 fit

674 1212 127 30 verius
763 1212 101 30 vnum
826 1212 101 30 quae
889 1212 76 30 ex
927 1212 139 30 materia
1029 1212 63 30 &
1054 1212 127 30 forma.
1130 1212 63 30 nam

674 1236 196 38 intelligentia
836 1236 81 38 non
882 1236 115 38 vnitur
963 1236 92 38 orbi
1009 1236 185 38 diuisibiliter,

666 1267 84 39 nec
714 1267 144 39 mediante
822 1267 180 39 quantitate,
965 1267 108 39 sicut
1037 1267 120 39 vnitur
1109 1267 84 39 forma

674 1299 157 32 materiae.
795 1299 157 32 similiter
916 1299 157 32 plaustrum
1037 1299 85 32 non
1085 1299 109 32 habet
1146 1299 48 32 na

672 1332 151 37 turalem
782 1332 234 37 inclinationem
975 1332 83 37 ad
1016 1332 138 37 motum,
1099 1332 96 37 sicut

672 1360 117 34 orbis
750 1360 78 34 ad
789 1360 130 34 motum.
880 1360 65 34 &
906 1360 104 34 ideo
972 1360 104 34 bene
1037 1360 117 34 motus
1102 1360 91 34 plau-

673 1392 83 32 stri
724 1392 73 32 est
766 1392 62 32 ab
797 1392 93 32 alio.
859 1392 52 32 &
880 1392 62 32 de
911 1392 83 32 illo
963 1392 83 32 bene
1015 1392 145 32 concedimus
1129 1392 83 32 quod

671 1424 80 34 sit
716 1424 69 34 de
751 1424 115 34 aliquo
831 1424 126 34 illorum
923 1424 138 34 generum,
1026 1424 149 34 videlicet
1130 1424 57 34 vel

680 1453 115 37 pulsio,
763 1453 73 37 vel
805 1453 115 37 vectio,
889 1453 73 37 vel
931 1453 126 37 vertigo,
1025 1453 73 37 vel
1067 1453 126 37 tractio.
1151 1453 42 37 Vn

675 1483 69 39 de
710 1483 92 39 illa
768 1483 127 39 diuisio
860 1483 139 39 pertinet
964 1483 69 39 ad
999 1483 104 39 motus
1056 1483 139 39 violentos.

674 1517 135 37 violentum
778 1517 104 37 autem,
851 1517 62 37 vt
882 1517 94 37 dicit
944 1517 156 37 Philosophus
1069 1517 62 37 in
1100 1517 62 37 3.
1121 1517 73 37 aeth-

679 1549 75 31 est
722 1549 96 31 cuius
786 1549 150 31 principium
904 1549 160 31 extrinsecum
1032 1549 75 31 est
1075 1549 96 31 nihil
1128 1549 64 31 con-

673 1578 103 32 ferente
748 1578 85 32 illo,
804 1578 66 32 cui
842 1578 66 32 vis
879 1578 122 32 affertur.
973 1578 131 32 qualiciter
1076 1578 66 32 non
1114 1578 66 32 est
1151 1578 56 32 in

677 1608 141 42 proposito
786 1608 65 42 de
818 1608 98 42 orbe,
884 1608 98 42 licet
949 1608 76 42 hoc
992 1608 76 42 sit
1036 1608 98 42 verum
1101 1608 65 42 de
1123 1608 65 42 plau

671 1640 95 33 stro
730 1640 142 33 respectu
837 1640 107 33 boum,
908 1640 107 33 quare
980 1640 107 33 patet
1051 1640 142 33 solutio.
1146 1640 47 33 Ad

673 1672 123 43 formam
759 1672 123 43 igitur
845 1672 234 43 contradictionis
1029 1672 160 43 principalem

674 1703 155 35 dicimus,
790 1703 116 35 motum
868 1703 116 35 coeli
945 1703 103 35 esse
1010 1703 181 35 naturalem.
1139 1703 52 35 Ad

678 1740 146 32 pppositum
790 1740 101 32 autem
857 1740 168 32 respondetur
991 1740 90 32 quod
1047 1740 90 32 Com.
1103 1740 78 32 non
1137 1740 56 32 ne-

671 1765 104 33 gauit
741 1765 104 33 motum
810 1765 104 33 coeli
879 1765 127 33 omnibus
972 1765 104 33 modis
1041 1765 92 33 esse
1087 1765 104 33 natura-

676 1803 75 31 em:
719 1803 75 31 sed
762 1803 118 31 negauit
848 1803 96 31 ipsum
912 1803 75 31 non
955 1803 86 31 esse
1008 1803 150 31 naturalem,
1115 1803 75 31 sicut

665 1836 105 31 motus
735 1836 175 31 elementorum
876 1836 82 31 est
922 1836 164 31 naturalis,
1051 1836 70 31 vt
1086 1836 93 31 ipse
1133 1836 58 31 ex-

675 1860 116 38 presse
757 1860 116 38 habet.
838 1860 81 38 Pro
885 1860 81 38 quo
931 1860 128 38 aduerte
1024 1860 93 38 quod
1071 1860 116 38 elementa

667 1900 136 30 mouentur
769 1900 57 30 a
791 1900 147 30 principio
905 1900 159 30 intrinseco
1029 1900 125 30 actiuo,
1109 1900 79 30 sicut
