1416 2066
193 181 92 45 di.
245 181 65 45 &
271 181 105 45 hoc,
337 181 105 45 quod
402 181 144 45 accidit
507 181 170 45 quibusdam
625 181 78 45 cor-

220 223 117 37 poribus
305 223 159 37 coelestibus
433 223 127 37 scilicet
528 223 85 37 quia
582 223 85 37 sunt
635 223 64 37 in
656 223 53 37 lo-

213 260 83 52 co,
260 260 94 52 quia
319 260 177 52 continentur
461 260 71 52 ab
497 260 118 52 aliis,
579 260 83 52 est
626 260 83 52 per
662 260 47 52 ac

220 296 125 56 cidens.
310 296 136 56 secundum
412 296 79 56 hoc
458 296 113 56 igitur
537 296 79 56 est
571 296 136 56 intelligen

211 338 86 40 dus
260 338 98 40 iste
321 338 123 40 locus,
407 338 74 40 vt
444 338 98 40 mihi
505 338 98 40 ver.
567 338 111 40 Alex.
628 338 74 40 vero

208 376 163 43 opinatur
331 376 109 43 quod
398 376 136 43 sphera
493 376 176 43 stellarum
616 376 81 43 fixa

212 419 89 40 rum
263 419 89 40 non
314 419 89 40 est
365 419 76 40 in
403 419 114 40 loco,
479 419 63 40 &
504 419 114 40 dicit
580 419 101 40 hanc
631 419 76 40 esse

212 453 132 51 opinionem
314 453 81 51 Ari.
364 453 92 51 dicit
425 453 81 51 enim
476 453 81 51 quod
527 453 71 51 non
568 453 71 51 est
608 453 61 51 in
629 453 71 51 loco-

209 495 103 48 nisi
274 495 78 48 eo
312 495 116 48 modo,
390 495 90 48 quo
442 495 142 48 mouetur
545 495 65 48 &
571 495 78 48 in
597 495 116 48 mouetur

216 533 69 50 per
256 533 69 50 se,
295 533 89 50 neque
355 533 69 50 per
394 533 109 50 accuns,
473 533 89 50 neque
533 533 119 50 secundum
612 533 89 50 partes,

204 579 100 43 aut
261 579 143 43 totum.
361 579 114 43 ergo
432 579 100 43 non
490 579 100 43 est
547 579 86 43 in
590 579 129 43 loco.
661 579 43 43 &

209 609 188 50 verificat
353 609 130 50 ipsam
440 609 101 50 non
498 609 145 50 moueri
600 609 101 50 per
643 609 58 50 se

219 645 93 54 quia
278 645 175 54 impossibile
418 645 82 54 est
464 645 70 54 vt
499 645 140 54 moueatur
592 645 117 54 secundum

212 690 102 49 totum,
283 690 72 49 aut
324 690 123 49 secundum
416 690 113 49 partes.
498 690 123 49 secundum
590 690 92 49 totum
642 690 61 49 qui-

211 726 93 45 dem.
269 726 128 45 quoniam
362 726 81 45 non
409 726 104 45 mutat
478 726 116 45 locum:
559 726 139 45 secundum
652 726 58 45 au-

192 764 100 54 tem
249 764 158 54 partes,
364 764 115 54 quia
435 764 100 54 non
493 764 115 54 sunt
565 764 158 54 diuisae
665 764 43 54 a

208 804 112 52 toto,
282 804 62 52 &
307 804 99 52 quia
369 804 112 52 totum
443 804 112 52 etiam
518 804 87 52 est
555 804 149 52 quiescens.

206 845 63 45 &
232 845 165 45 similiter
359 845 114 45 dicit
435 845 101 45 quod
498 845 89 45 non
549 845 140 45 mouetur
638 845 63 45 per

206 881 154 54 accidens.
324 881 106 54 illud
395 881 95 54 enim
455 881 95 54 quod
514 881 130 54 mouetur
608 881 83 54 per
644 881 59 54 ac-

205 925 135 47 cidens,
303 925 86 47 non
352 925 135 47 mouetur
451 925 148 47 secundum
561 925 123 47 partes
648 925 86 47 per

207 960 175 53 accidens,
341 960 108 53 nisi
409 960 108 53 quia
476 960 121 53 motus
557 960 135 53 totius
638 960 67 53 est

209 997 93 50 per
262 997 93 50 se.
315 997 67 50 &
342 997 173 50 similiter
475 997 93 50 non
528 997 93 50 est
581 997 80 50 in
608 997 93 50 actu,

214 1036 100 53 quia
276 1036 87 53 non
326 1036 100 53 sunt
388 1036 187 53 distinctae,
538 1036 112 53 neque
613 1036 75 53 in
638 1036 62 53 po-

208 1075 151 55 tentia,
318 1075 110 55 quia
387 1075 151 55 uunquam
484 1075 220 55 distinguentur.

206 1117 58 51 &
230 1117 105 51 prper
299 1117 81 51 hoc
346 1117 105 51 dicit
416 1117 139 51 praecise
520 1117 93 51 quod
578 1117 105 51 motus
636 1117 70 51 cir-

209 1153 138 52 cularis
310 1153 88 52 non
360 1153 88 52 est
411 1153 76 52 in
449 1153 113 52 loco,
524 1153 63 52 &
549 1153 101 52 quod
612 1153 88 52 non
650 1153 63 52 est

208 1193 185 52 translatio,
356 1193 62 52 &
381 1193 111 52 dicit
455 1193 99 52 quod
517 1193 87 52 non
566 1193 87 52 est
603 1193 99 52 impos-

207 1231 130 43 sibile
298 1231 130 43 corpus
389 1231 104 43 esse
454 1231 91 43 non
507 1231 78 43 in
546 1231 117 43 loco.
611 1231 91 43 locus

203 1270 89 52 enim
259 1270 78 52 non
303 1270 78 52 est
348 1270 134 52 corporis
448 1270 200 52 essentialiter,
604 1270 100 52 quoniam

208 1317 99 44 non
265 1317 185 44 accipitur
407 1317 85 44 in
449 1317 213 44 definitione
606 1317 99 44 corpo

193 1349 106 53 ris,
259 1349 119 53 neque
338 1349 132 53 corpus
431 1349 79 53 in
470 1349 198 53 definitione
616 1349 92 53 loci-

201 1389 83 54 Et,
249 1389 83 54 cum
296 1389 119 54 locus,
379 1389 83 54 qui
426 1389 83 54 est
474 1389 119 54 finis,
557 1389 83 54 est
604 1389 71 54 in
628 1389 71 54 con-

204 1429 170 37 tinente,
331 1429 99 37 non
388 1429 184 37 contento,
530 1429 71 37 &
558 1429 99 37 nos
601 1429 99 37 dici-

208 1464 106 42 mus,
274 1464 145 42 ponatur
379 1464 106 42 quod
445 1464 92 42 non
498 1464 92 42 est
551 1464 79 42 de
577 1464 119 42 necessi

206 1500 98 46 tate
267 1500 160 46 corporis,
390 1500 74 46 vt
427 1500 86 46 sit
476 1500 74 46 in
513 1500 111 46 loco,
587 1500 111 46 nonne
649 1500 62 46 est

211 1539 74 47 de
248 1539 185 47 uecessitate
395 1539 111 47 moti,
469 1539 74 47 vt
506 1539 86 47 sit
555 1539 74 47 in
592 1539 98 47 loco
641 1539 62 47 aut

205 1588 77 45 per
249 1588 77 45 se,
293 1588 77 45 aut
338 1588 77 45 per
382 1588 144 45 accidens:
492 1588 133 45 quoniam,
592 1588 77 45 cum
625 1588 77 45 sphae

207 1620 75 44 ra
244 1620 87 44 non
294 1620 125 44 fuerit
381 1620 75 44 in
418 1620 100 44 loco
481 1620 87 44 per
531 1620 87 44 se,
580 1620 112 44 neque
643 1620 62 44 per

202 1666 166 41 accidens,
330 1666 89 41 non
381 1666 102 41 esit
445 1666 77 41 in
483 1666 115 41 loco.
560 1666 77 41 &,
598 1666 89 41 cum
636 1666 64 41 non

204 1697 141 53 fuerit
303 1697 85 53 in
345 1697 127 53 loco,
430 1697 155 53 quomodo
543 1697 141 53 igitur
627 1697 71 53 mo-

207 1735 145 43 uebitur:
315 1735 96 43 nisi
376 1735 133 43 dicatur
472 1735 96 43 quod
532 1735 108 43 locus
605 1735 84 43 non
641 1735 60 43 est

204 1772 90 45 de
249 1772 225 45 necessitate
429 1772 150 45 motus.
533 1772 75 45 &
563 1772 135 45 totum
638 1772 75 45 hoc

205 1813 95 53 est
245 1813 189 53 impossibile.

742 181 93 53 vt
789 181 140 53 autem
882 181 155 53 dictum
991 181 124 53 est,
1069 181 124 53 alia
1131 181 93 53 qui-

727 229 94 48 dem
780 229 107 48 sunt
847 229 81 48 in
888 229 107 48 loco
955 229 161 48 secundum
1062 229 148 48 potentiam

717 277 105 49 alia
783 277 105 49 vero
848 277 158 49 secundum
966 277 131 49 actum.
1045 277 171 49 Quapropter.

717 309 122 53 cum
786 309 227 53 continuum
961 309 174 53 quidem
1083 309 122 53 sit
1135 309 87 53 id,

722 351 100 47 quod
784 351 87 47 est
834 351 150 47 similium
946 351 150 47 partium,
1058 351 150 47 secundum
1158 351 62 47 po-

723 396 170 46 tentiam
846 396 93 46 in
892 396 124 46 loco
970 396 154 46 partes
1078 396 139 46 sunt:
1155 396 77 46 cum

724 444 131 38 vero
805 444 196 38 separata
952 444 163 38 quidem
1067 444 147 38 sunt,
1148 444 82 38 tan

718 480 95 50 gunt
777 480 107 50 autem
849 480 83 50 se,
896 480 71 50 vt
932 480 142 50 aceruus,
1038 480 142 50 secundum
1133 480 95 50 actum.

771 519 79 60 Et
810 519 105 60 res,
876 519 118 60 sicut
954 519 157 60 diximus,
1072 519 118 60 aliae
1137 519 92 60 sunt,

721 564 86 63 in
764 564 115 63 loco
836 564 187 63 potentia,
980 564 72 63 &
1009 564 115 63 alia
1081 564 115 63 sunt
1139 564 86 63 inlo

719 613 85 63 co
761 613 128 63 actu.
846 613 99 63 Cum
903 613 142 63 igitur
1002 613 142 63 illud,
1101 613 113 63 quod
1158 613 71 63 est

716 661 231 62 consimilium
900 661 185 62 partium,
1039 661 154 62 fuerit
1131 661 92 62 con-

720 722 140 49 tinuu,
818 722 140 49 partes
916 722 112 49 eius
987 722 84 49 in
1029 722 168 49 potentia
1141 722 84 49 sunt

716 756 86 62 in
759 756 129 62 loco,
845 756 129 62 donec
931 756 101 62 cum
989 756 216 62 separentur:
1161 756 101 62 sed

727 819 128 50 erunt
812 819 243 50 contingentes,
1012 819 86 50 vt
1055 819 157 50 aceruus
1169 819 86 50 in

718 849 112 57 loco
788 849 84 57 in
816 849 98 57 actu.

758 925 102 50 Cum
817 925 204 50 declarauit
977 925 117 50 quod
1050 925 160 50 quaedam
1152 925 87 50 cor-

732 965 92 46 pora
789 965 92 46 sunt
846 965 69 46 in
881 965 92 46 loco
938 965 80 46 per
984 965 80 46 se,
1030 965 57 46 &
1053 965 92 46 sunt
1110 965 103 46 illa,
1168 965 57 46 ex-

728 1005 90 49 tra
780 1005 103 49 quae
844 1005 90 49 est
895 1005 141 49 aliquid
998 1005 128 49 corpus
1075 1005 141 49 continens

717 1042 66 40 &
743 1042 145 40 quaedam
848 1042 105 40 sunt
914 1042 79 40 in
954 1042 118 40 loco,
1033 1042 105 40 quia
1098 1042 132 40 partes
1177 1042 53 40 eo

721 1079 93 50 rum
774 1079 106 50 sunt
840 1079 80 50 in
880 1079 119 50 loco,
960 1079 66 50 &
986 1079 106 50 haec
1052 1079 93 50 est
1092 1079 133 50 disposi-

728 1119 94 51 tio
781 1119 161 51 corporis
902 1119 134 51 totius
995 1119 134 51 mundi,
1089 1119 67 51 &
1103 1119 121 51 quaedam

726 1155 97 52 sunt
786 1155 73 52 in
823 1155 97 52 loco
883 1155 85 52 per
932 1155 158 52 accidens,
1053 1155 73 52 vt
1090 1155 121 52 illud,
1162 1155 73 52 quid

722 1197 160 50 mouetur
839 1197 248 50 circulariter,
1043 1197 175 50 incoepit
1160 1197 73 50 de-

723 1237 132 51 clarare
819 1237 108 51 etiam
891 1237 96 51 quod
951 1237 132 51 quaedam
1036 1237 192 51 attribuuiitur,

723 1274 109 40 loco
791 1274 177 40 potentia,
928 1274 68 40 &
955 1274 150 40 quaedam
1064 1274 123 40 actu,
1145 1274 68 40 &
1159 1274 68 40 di-

722 1313 95 49 xit:
781 1313 71 49 Et
817 1313 95 49 res,
876 1313 107 49 sicut
947 1313 142 49 diximus,
1054 1313 83 49 &c.
1101 1313 71 49 i.
1125 1313 107 49 quoniam

727 1352 177 42 corporum
860 1352 133 42 aliud
949 1352 104 42 est
1008 1352 89 42 in
1053 1352 177 42 potentia
1171 1352 59 42 in

727 1390 122 53 loco,
809 1390 109 53 quia
877 1390 95 53 pot
931 1390 109 53 esse
999 1390 82 53 in
1040 1390 109 53 ipso
1108 1390 82 53 in
1135 1390 95 53 actu,

726 1429 66 44 &
752 1429 119 44 aliud
831 1429 92 44 est
884 1429 79 44 in
924 1429 106 44 loco
990 1429 79 44 in
1029 1429 119 44 actu.
1108 1429 106 44 D.d.
1161 1429 66 44 Cum

722 1469 139 53 ligitur
824 1469 152 53 corpora,
938 1469 89 53 &c.
988 1469 76 53 i.
1026 1469 63 53 &
1052 1469 152 53 corpora,
1153 1469 76 53 quae

723 1509 106 52 sunt
789 1509 80 52 in
829 1509 106 52 loco
896 1509 80 52 in
935 1509 173 52 potentia,
1068 1509 106 52 sunt
1122 1509 106 52 partes

724 1544 172 51 corporis
852 1544 172 51 continui
981 1544 214 51 consimilium
1138 1544 86 51 par-

725 1584 132 50 tium,
813 1584 103 50 dum
872 1584 147 50 fuerit
975 1584 205 50 continuum,
1136 1584 88 50 v.
1165 1584 59 50 g.

727 1623 124 52 aqua:
810 1623 83 52 &,
852 1623 97 52 cum
907 1623 138 52 partes
1004 1623 138 52 illius
1087 1623 138 52 separan-

726 1661 106 40 tur,
792 1661 66 40 &
818 1661 185 40 diuiduntur
964 1661 185 40 abinuicem,
1110 1661 106 40 esit
1176 1661 79 40 in

721 1700 106 46 loco
787 1700 80 46 in
827 1700 120 46 actu.
907 1700 80 46 Et
947 1700 80 46 in
987 1700 106 46 isto
1053 1700 160 46 sermonen
1160 1700 66 46 est

727 1740 110 51 prdo
796 1740 233 51 praeposterus.
988 1740 69 51 &
1015 1740 124 51 debet
1098 1740 96 51 sic
1139 1740 96 51 legi.

725 1778 138 51 donec,
822 1778 97 51 cum
877 1778 207 51 separantur,
1043 1778 124 51 erunt
1126 1778 83 51 in
1154 1778 69 51 lo-

722 1817 88 42 co
766 1817 88 42 in
810 1817 132 42 actu,
898 1817 103 42 sed
957 1817 132 42 erunt
1030 1817 205 42 continoentes

717 1847 124 59 sicut
800 1847 165 59 aceruus.
923 1847 69 59 &
951 1847 178 59 intendit,
1088 1847 96 59 sed
1129 1847 96 59 acci
