<?xml version="1.0" encoding="UTF-8"?>
<alto xmlns:xsi="http://www.w3.org/2001/XMLSchema-instance"
      xmlns="http://www.loc.gov/standards/alto/ns-v2#"
      xmlns:page="http://schema.primaresearch.org/PAGE/gts/pagecontent/2013-07-15"
      xsi:schemaLocation="http://www.loc.gov/standards/alto/ns-v2# http://www.loc.gov/standards/alto/alto.xsd">
   <Description>
      <MeasurementUnit>pixel</MeasurementUnit>
      <OCRProcessing ID="IdOcr">
         <ocrProcessingStep>
            <processingDateTime>2021-02-13T08:26:18.285-05:00</processingDateTime>
            <processingSoftware>
               <softwareCreator>READ COOP</softwareCreator>
               <softwareName>Transkribus</softwareName>
            </processingSoftware>
         </ocrProcessingStep>
      </OCRProcessing>
   </Description>
   <Tags/>
   <Layout>
      <Page ID="Page1" PHYSICAL_IMG_NR="1" HEIGHT="2066" WIDTH="1416">
         <TopMargin HEIGHT="0" WIDTH="1416" VPOS="0" HPOS="0"/>
         <LeftMargin HEIGHT="2066" WIDTH="0" VPOS="0" HPOS="0"/>
         <RightMargin HEIGHT="2066" WIDTH="0" VPOS="0" HPOS="1416"/>
         <BottomMargin HEIGHT="0" WIDTH="1416" VPOS="2066" HPOS="0"/>
         <PrintSpace HEIGHT="2066" WIDTH="1416" VPOS="0" HPOS="0">
            <TextBlock ID="TextRegion_1611678671455_39"
                       HEIGHT="1805"
                       WIDTH="518"
                       VPOS="142"
                       HPOS="216">
               <Shape>
                  <Polygon POINTS="216,142 734,142 734,1947 216,1947"/>
               </Shape>
               <TextLine ID="line_1611678655807_30"
                         BASELINE="236"
                         HEIGHT="56"
                         WIDTH="504"
                         VPOS="180"
                         HPOS="211">
                  <String HEIGHT="56"
                          WIDTH="111"
                          VPOS="180"
                          HPOS="199"
                          CONTENT="eius,"/>
                  <SP HEIGHT="56" WIDTH="12" VPOS="180" HPOS="309"/>
                  <String HEIGHT="56" WIDTH="61" VPOS="180" HPOS="272" CONTENT="&amp;"/>
                  <SP HEIGHT="56" WIDTH="12" VPOS="180" HPOS="334"/>
                  <String HEIGHT="56"
                          WIDTH="135"
                          VPOS="180"
                          HPOS="297"
                          CONTENT="soluere"/>
                  <SP HEIGHT="56" WIDTH="12" VPOS="180" HPOS="432"/>
                  <String HEIGHT="56"
                          WIDTH="111"
                          VPOS="180"
                          HPOS="395"
                          CONTENT="omnes"/>
                  <SP HEIGHT="56" WIDTH="12" VPOS="180" HPOS="506"/>
                  <String HEIGHT="56"
                          WIDTH="148"
                          VPOS="180"
                          HPOS="469"
                          CONTENT="quaodnes"/>
                  <SP HEIGHT="56" WIDTH="12" VPOS="180" HPOS="617"/>
                  <String HEIGHT="56"
                          WIDTH="148"
                          VPOS="180"
                          HPOS="567"
                          CONTENT="accidentes"/>
               </TextLine>
               <TextLine ID="r2l4"
                         BASELINE="266"
                         HEIGHT="45"
                         WIDTH="492"
                         VPOS="221"
                         HPOS="217">
                  <String HEIGHT="45" WIDTH="74" VPOS="221" HPOS="205" CONTENT="in"/>
                  <SP HEIGHT="45" WIDTH="12" VPOS="221" HPOS="279"/>
                  <String HEIGHT="45" WIDTH="86" VPOS="221" HPOS="242" CONTENT="eo,"/>
                  <SP HEIGHT="45" WIDTH="12" VPOS="221" HPOS="328"/>
                  <String HEIGHT="45" WIDTH="98" VPOS="221" HPOS="291" CONTENT="illa"/>
                  <SP HEIGHT="45" WIDTH="12" VPOS="221" HPOS="389"/>
                  <String HEIGHT="45"
                          WIDTH="111"
                          VPOS="221"
                          HPOS="352"
                          CONTENT="vero,"/>
                  <SP HEIGHT="45" WIDTH="12" VPOS="221" HPOS="463"/>
                  <String HEIGHT="45" WIDTH="98" VPOS="221" HPOS="426" CONTENT="quae"/>
                  <SP HEIGHT="45" WIDTH="12" VPOS="221" HPOS="525"/>
                  <String HEIGHT="45"
                          WIDTH="185"
                          VPOS="221"
                          HPOS="488"
                          CONTENT="inueniuntur"/>
                  <SP HEIGHT="45" WIDTH="12" VPOS="221" HPOS="672"/>
                  <String HEIGHT="45" WIDTH="74" VPOS="221" HPOS="635" CONTENT="in"/>
                  <SP HEIGHT="45" WIDTH="12" VPOS="221" HPOS="709"/>
                  <String HEIGHT="45" WIDTH="49" VPOS="221" HPOS="660" CONTENT="lo"/>
               </TextLine>
               <TextLine ID="r2l6"
                         BASELINE="307"
                         HEIGHT="38"
                         WIDTH="496"
                         VPOS="269"
                         HPOS="225">
                  <String HEIGHT="38" WIDTH="78" VPOS="269" HPOS="212" CONTENT="co"/>
                  <SP HEIGHT="38" WIDTH="13" VPOS="269" HPOS="290"/>
                  <String HEIGHT="38"
                          WIDTH="235"
                          VPOS="269"
                          HPOS="251"
                          CONTENT="essentialiter,"/>
                  <SP HEIGHT="38" WIDTH="13" VPOS="269" HPOS="486"/>
                  <String HEIGHT="38" WIDTH="65" VPOS="269" HPOS="447" CONTENT="&amp;"/>
                  <SP HEIGHT="38" WIDTH="13" VPOS="269" HPOS="512"/>
                  <String HEIGHT="38"
                          WIDTH="131"
                          VPOS="269"
                          HPOS="473"
                          CONTENT="primo,"/>
                  <SP HEIGHT="38" WIDTH="13" VPOS="269" HPOS="604"/>
                  <String HEIGHT="38"
                          WIDTH="117"
                          VPOS="269"
                          HPOS="564"
                          CONTENT="sunt,"/>
                  <SP HEIGHT="38" WIDTH="13" VPOS="269" HPOS="682"/>
                  <String HEIGHT="38"
                          WIDTH="91"
                          VPOS="269"
                          HPOS="630"
                          CONTENT="sicut"/>
               </TextLine>
               <TextLine ID="r2l8"
                         BASELINE="350"
                         HEIGHT="50"
                         WIDTH="486"
                         VPOS="300"
                         HPOS="224">
                  <String HEIGHT="50"
                          WIDTH="116"
                          VPOS="300"
                          HPOS="212"
                          CONTENT="dixit,"/>
                  <SP HEIGHT="50" WIDTH="12" VPOS="300" HPOS="328"/>
                  <String HEIGHT="50"
                          WIDTH="139"
                          VPOS="300"
                          HPOS="293"
                          CONTENT="quinque."/>
                  <SP HEIGHT="50" WIDTH="12" VPOS="300" HPOS="432"/>
                  <String HEIGHT="50"
                          WIDTH="116"
                          VPOS="300"
                          HPOS="398"
                          CONTENT="Primum"/>
                  <SP HEIGHT="50" WIDTH="12" VPOS="300" HPOS="513"/>
                  <String HEIGHT="50" WIDTH="93" VPOS="300" HPOS="479" CONTENT="est,"/>
                  <SP HEIGHT="50" WIDTH="12" VPOS="300" HPOS="571"/>
                  <String HEIGHT="50" WIDTH="93" VPOS="300" HPOS="536" CONTENT="quod"/>
                  <SP HEIGHT="50" WIDTH="12" VPOS="300" HPOS="629"/>
                  <String HEIGHT="50"
                          WIDTH="104"
                          VPOS="300"
                          HPOS="594"
                          CONTENT="locus"/>
                  <SP HEIGHT="50" WIDTH="12" VPOS="300" HPOS="698"/>
                  <String HEIGHT="50" WIDTH="58" VPOS="300" HPOS="652" CONTENT="com"/>
               </TextLine>
               <TextLine ID="r2l12"
                         BASELINE="386"
                         HEIGHT="46"
                         WIDTH="485"
                         VPOS="340"
                         HPOS="228">
                  <String HEIGHT="46"
                          WIDTH="104"
                          VPOS="340"
                          HPOS="216"
                          CONTENT="tinet"/>
                  <SP HEIGHT="46" WIDTH="12" VPOS="340" HPOS="320"/>
                  <String HEIGHT="46"
                          WIDTH="127"
                          VPOS="340"
                          HPOS="286"
                          CONTENT="locatum"/>
                  <SP HEIGHT="46" WIDTH="12" VPOS="340" HPOS="413"/>
                  <String HEIGHT="46" WIDTH="92" VPOS="340" HPOS="378" CONTENT="ita,"/>
                  <SP HEIGHT="46" WIDTH="12" VPOS="340" HPOS="471"/>
                  <String HEIGHT="46" WIDTH="92" VPOS="340" HPOS="436" CONTENT="quod"/>
                  <SP HEIGHT="46" WIDTH="12" VPOS="340" HPOS="528"/>
                  <String HEIGHT="46" WIDTH="81" VPOS="340" HPOS="494" CONTENT="non"/>
                  <SP HEIGHT="46" WIDTH="12" VPOS="340" HPOS="574"/>
                  <String HEIGHT="46" WIDTH="81" VPOS="340" HPOS="540" CONTENT="est"/>
                  <SP HEIGHT="46" WIDTH="12" VPOS="340" HPOS="621"/>
                  <String HEIGHT="46"
                          WIDTH="127"
                          VPOS="340"
                          HPOS="586"
                          CONTENT="aliquid"/>
                  <SP HEIGHT="46" WIDTH="12" VPOS="340" HPOS="713"/>
                  <String HEIGHT="46" WIDTH="46" VPOS="340" HPOS="667" CONTENT="de"/>
               </TextLine>
               <TextLine ID="r2l15"
                         BASELINE="423"
                         HEIGHT="47"
                         WIDTH="488"
                         VPOS="376"
                         HPOS="225">
                  <String HEIGHT="47"
                          WIDTH="141"
                          VPOS="376"
                          HPOS="212"
                          CONTENT="locato."/>
                  <SP HEIGHT="47" WIDTH="13" VPOS="376" HPOS="353"/>
                  <String HEIGHT="47" WIDTH="64" VPOS="376" HPOS="315" CONTENT="&amp;"/>
                  <SP HEIGHT="47" WIDTH="13" VPOS="376" HPOS="379"/>
                  <String HEIGHT="47" WIDTH="77" VPOS="376" HPOS="341" CONTENT="in"/>
                  <SP HEIGHT="47" WIDTH="13" VPOS="376" HPOS="418"/>
                  <String HEIGHT="47" WIDTH="90" VPOS="376" HPOS="379" CONTENT="hoc"/>
                  <SP HEIGHT="47" WIDTH="13" VPOS="376" HPOS="469"/>
                  <String HEIGHT="47"
                          WIDTH="141"
                          VPOS="376"
                          HPOS="430"
                          CONTENT="differt"/>
                  <SP HEIGHT="47" WIDTH="13" VPOS="376" HPOS="572"/>
                  <String HEIGHT="47" WIDTH="64" VPOS="376" HPOS="533" CONTENT="a"/>
                  <SP HEIGHT="47" WIDTH="13" VPOS="376" HPOS="597"/>
                  <String HEIGHT="47"
                          WIDTH="128"
                          VPOS="376"
                          HPOS="559"
                          CONTENT="forma:"/>
                  <SP HEIGHT="47" WIDTH="13" VPOS="376" HPOS="687"/>
                  <String HEIGHT="47"
                          WIDTH="77"
                          VPOS="376"
                          HPOS="636"
                          CONTENT="for"
                          SUBS_TYPE="HypPart1"
                          SUBS_CONTENT="forma"/>
                  <HYP CONTENT="-"/>
               </TextLine>
               <TextLine ID="r2l18"
                         BASELINE="458"
                         HEIGHT="42"
                         WIDTH="486"
                         VPOS="416"
                         HPOS="225">
                  <String HEIGHT="42"
                          WIDTH="69"
                          VPOS="416"
                          HPOS="213"
                          CONTENT="ma"
                          SUBS_TYPE="HypPart2"
                          SUBS_CONTENT="forma"/>
                  <SP HEIGHT="42" WIDTH="12" VPOS="416" HPOS="283"/>
                  <String HEIGHT="42" WIDTH="93" VPOS="416" HPOS="248" CONTENT="enim"/>
                  <SP HEIGHT="42" WIDTH="12" VPOS="416" HPOS="341"/>
                  <String HEIGHT="42" WIDTH="58" VPOS="416" HPOS="306" CONTENT="&amp;"/>
                  <SP HEIGHT="42" WIDTH="12" VPOS="416" HPOS="364"/>
                  <String HEIGHT="42" WIDTH="69" VPOS="416" HPOS="329" CONTENT="si"/>
                  <SP HEIGHT="42" WIDTH="12" VPOS="416" HPOS="399"/>
                  <String HEIGHT="42"
                          WIDTH="150"
                          VPOS="416"
                          HPOS="364"
                          CONTENT="continet,"/>
                  <SP HEIGHT="42" WIDTH="12" VPOS="416" HPOS="514"/>
                  <String HEIGHT="42"
                          WIDTH="104"
                          VPOS="416"
                          HPOS="480"
                          CONTENT="tamen"/>
                  <SP HEIGHT="42" WIDTH="12" VPOS="416" HPOS="584"/>
                  <String HEIGHT="42" WIDTH="81" VPOS="416" HPOS="549" CONTENT="non"/>
                  <SP HEIGHT="42" WIDTH="12" VPOS="416" HPOS="630"/>
                  <String HEIGHT="42" WIDTH="81" VPOS="416" HPOS="595" CONTENT="est"/>
                  <SP HEIGHT="42" WIDTH="12" VPOS="416" HPOS="676"/>
                  <String HEIGHT="42"
                          WIDTH="81"
                          VPOS="416"
                          HPOS="630"
                          CONTENT="aliud"/>
               </TextLine>
               <TextLine ID="r2l21"
                         BASELINE="498"
                         HEIGHT="44"
                         WIDTH="478"
                         VPOS="454"
                         HPOS="230">
                  <String HEIGHT="44" WIDTH="80" VPOS="454" HPOS="217" CONTENT="am"/>
                  <SP HEIGHT="44" WIDTH="13" VPOS="454" HPOS="296"/>
                  <String HEIGHT="44"
                          WIDTH="146"
                          VPOS="454"
                          HPOS="257"
                          CONTENT="locato."/>
                  <SP HEIGHT="44" WIDTH="13" VPOS="454" HPOS="403"/>
                  <String HEIGHT="44" WIDTH="66" VPOS="454" HPOS="363" CONTENT="&amp;"/>
                  <SP HEIGHT="44" WIDTH="13" VPOS="454" HPOS="429"/>
                  <String HEIGHT="44" WIDTH="80" VPOS="454" HPOS="389" CONTENT="in"/>
                  <SP HEIGHT="44" WIDTH="13" VPOS="454" HPOS="469"/>
                  <String HEIGHT="44" WIDTH="93" VPOS="454" HPOS="429" CONTENT="hoc"/>
                  <SP HEIGHT="44" WIDTH="13" VPOS="454" HPOS="522"/>
                  <String HEIGHT="44"
                          WIDTH="146"
                          VPOS="454"
                          HPOS="482"
                          CONTENT="differt"/>
                  <SP HEIGHT="44" WIDTH="13" VPOS="454" HPOS="628"/>
                  <String HEIGHT="44" WIDTH="66" VPOS="454" HPOS="589" CONTENT="a"/>
                  <SP HEIGHT="44" WIDTH="13" VPOS="454" HPOS="655"/>
                  <String HEIGHT="44"
                          WIDTH="106"
                          VPOS="454"
                          HPOS="602"
                          CONTENT="vacuo:"/>
               </TextLine>
               <TextLine ID="r2l23"
                         BASELINE="539"
                         HEIGHT="45"
                         WIDTH="487"
                         VPOS="494"
                         HPOS="222">
                  <String HEIGHT="45"
                          WIDTH="125"
                          VPOS="494"
                          HPOS="210"
                          CONTENT="vacuum"/>
                  <SP HEIGHT="45" WIDTH="12" VPOS="494" HPOS="334"/>
                  <String HEIGHT="45"
                          WIDTH="100"
                          VPOS="494"
                          HPOS="297"
                          CONTENT="enim"/>
                  <SP HEIGHT="45" WIDTH="12" VPOS="494" HPOS="397"/>
                  <String HEIGHT="45" WIDTH="87" VPOS="494" HPOS="359" CONTENT="non"/>
                  <SP HEIGHT="45" WIDTH="12" VPOS="494" HPOS="447"/>
                  <String HEIGHT="45"
                          WIDTH="162"
                          VPOS="494"
                          HPOS="409"
                          CONTENT="continet."/>
                  <SP HEIGHT="45" WIDTH="12" VPOS="494" HPOS="572"/>
                  <String HEIGHT="45"
                          WIDTH="150"
                          VPOS="494"
                          HPOS="534"
                          CONTENT="Secundum"/>
                  <SP HEIGHT="45" WIDTH="12" VPOS="494" HPOS="684"/>
                  <String HEIGHT="45" WIDTH="75" VPOS="494" HPOS="634" CONTENT="aute"/>
               </TextLine>
               <TextLine ID="r2l25"
                         BASELINE="584"
                         HEIGHT="48"
                         WIDTH="492"
                         VPOS="536"
                         HPOS="222">
                  <String HEIGHT="48" WIDTH="89" VPOS="536" HPOS="211" CONTENT="est,"/>
                  <SP HEIGHT="48" WIDTH="11" VPOS="536" HPOS="300"/>
                  <String HEIGHT="48"
                          WIDTH="123"
                          VPOS="536"
                          HPOS="267"
                          CONTENT="quoniam"/>
                  <SP HEIGHT="48" WIDTH="11" VPOS="536" HPOS="390"/>
                  <String HEIGHT="48"
                          WIDTH="101"
                          VPOS="536"
                          HPOS="356"
                          CONTENT="locus"/>
                  <SP HEIGHT="48" WIDTH="11" VPOS="536" HPOS="457"/>
                  <String HEIGHT="48" WIDTH="78" VPOS="536" HPOS="423" CONTENT="est"/>
                  <SP HEIGHT="48" WIDTH="11" VPOS="536" HPOS="502"/>
                  <String HEIGHT="48"
                          WIDTH="134"
                          VPOS="536"
                          HPOS="468"
                          CONTENT="aequalis"/>
                  <SP HEIGHT="48" WIDTH="11" VPOS="536" HPOS="602"/>
                  <String HEIGHT="48"
                          WIDTH="123"
                          VPOS="536"
                          HPOS="569"
                          CONTENT="locato."/>
                  <SP HEIGHT="48" WIDTH="11" VPOS="536" HPOS="692"/>
                  <String HEIGHT="48"
                          WIDTH="67"
                          VPOS="536"
                          HPOS="647"
                          CONTENT="Ter"
                          SUBS_TYPE="HypPart1"
                          SUBS_CONTENT="Tertium"/>
                  <HYP CONTENT="-"/>
               </TextLine>
               <TextLine ID="r2l26"
                         BASELINE="624"
                         HEIGHT="52"
                         WIDTH="480"
                         VPOS="572"
                         HPOS="229">
                  <String HEIGHT="52"
                          WIDTH="89"
                          VPOS="572"
                          HPOS="218"
                          CONTENT="tium"
                          SUBS_TYPE="HypPart2"
                          SUBS_CONTENT="Tertium"/>
                  <SP HEIGHT="52" WIDTH="11" VPOS="572" HPOS="307"/>
                  <String HEIGHT="52" WIDTH="89" VPOS="572" HPOS="274" CONTENT="vero"/>
                  <SP HEIGHT="52" WIDTH="11" VPOS="572" HPOS="363"/>
                  <String HEIGHT="52" WIDTH="89" VPOS="572" HPOS="329" CONTENT="est,"/>
                  <SP HEIGHT="52" WIDTH="11" VPOS="572" HPOS="419"/>
                  <String HEIGHT="52"
                          WIDTH="123"
                          VPOS="572"
                          HPOS="385"
                          CONTENT="quoniam"/>
                  <SP HEIGHT="52" WIDTH="11" VPOS="572" HPOS="508"/>
                  <String HEIGHT="52"
                          WIDTH="100"
                          VPOS="572"
                          HPOS="475"
                          CONTENT="locus"/>
                  <SP HEIGHT="52" WIDTH="11" VPOS="572" HPOS="575"/>
                  <String HEIGHT="52"
                          WIDTH="145"
                          VPOS="572"
                          HPOS="542"
                          CONTENT="separatur"/>
                  <SP HEIGHT="52" WIDTH="11" VPOS="572" HPOS="687"/>
                  <String HEIGHT="52" WIDTH="56" VPOS="572" HPOS="653" CONTENT="a"/>
                  <SP HEIGHT="52" WIDTH="11" VPOS="572" HPOS="709"/>
                  <String HEIGHT="52" WIDTH="45" VPOS="572" HPOS="664" CONTENT="lo"/>
               </TextLine>
               <TextLine ID="r2l28"
                         BASELINE="658"
                         HEIGHT="45"
                         WIDTH="486"
                         VPOS="613"
                         HPOS="227">
                  <String HEIGHT="45"
                          WIDTH="112"
                          VPOS="613"
                          HPOS="215"
                          CONTENT="cato."/>
                  <SP HEIGHT="45" WIDTH="12" VPOS="613" HPOS="327"/>
                  <String HEIGHT="45" WIDTH="62" VPOS="613" HPOS="289" CONTENT="&amp;"/>
                  <SP HEIGHT="45" WIDTH="12" VPOS="613" HPOS="352"/>
                  <String HEIGHT="45" WIDTH="75" VPOS="613" HPOS="314" CONTENT="in"/>
                  <SP HEIGHT="45" WIDTH="12" VPOS="613" HPOS="389"/>
                  <String HEIGHT="45" WIDTH="87" VPOS="613" HPOS="352" CONTENT="hoc"/>
                  <SP HEIGHT="45" WIDTH="12" VPOS="613" HPOS="439"/>
                  <String HEIGHT="45"
                          WIDTH="112"
                          VPOS="613"
                          HPOS="401"
                          CONTENT="etiam"/>
                  <SP HEIGHT="45" WIDTH="12" VPOS="613" HPOS="514"/>
                  <String HEIGHT="45"
                          WIDTH="137"
                          VPOS="613"
                          HPOS="476"
                          CONTENT="differt"/>
                  <SP HEIGHT="45" WIDTH="12" VPOS="613" HPOS="613"/>
                  <String HEIGHT="45" WIDTH="62" VPOS="613" HPOS="576" CONTENT="a"/>
                  <SP HEIGHT="45" WIDTH="12" VPOS="613" HPOS="638"/>
                  <String HEIGHT="45"
                          WIDTH="125"
                          VPOS="613"
                          HPOS="588"
                          CONTENT="materia,"/>
               </TextLine>
               <TextLine ID="r2l30"
                         BASELINE="691"
                         HEIGHT="43"
                         WIDTH="486"
                         VPOS="648"
                         HPOS="220">
                  <String HEIGHT="43" WIDTH="74" VPOS="648" HPOS="205" CONTENT="&amp;"/>
                  <SP HEIGHT="43" WIDTH="15" VPOS="648" HPOS="279"/>
                  <String HEIGHT="43"
                          WIDTH="147"
                          VPOS="648"
                          HPOS="235"
                          CONTENT="forma."/>
                  <SP HEIGHT="43" WIDTH="15" VPOS="648" HPOS="382"/>
                  <String HEIGHT="43" WIDTH="74" VPOS="648" HPOS="338" CONTENT="&amp;"/>
                  <SP HEIGHT="43" WIDTH="15" VPOS="648" HPOS="411"/>
                  <String HEIGHT="43" WIDTH="103" VPOS="648" HPOS="367" CONTENT="hoc"/>
                  <SP HEIGHT="43" WIDTH="15" VPOS="648" HPOS="470"/>
                  <String HEIGHT="43"
                          WIDTH="206"
                          VPOS="648"
                          HPOS="426"
                          CONTENT="intendebat"/>
                  <SP HEIGHT="43" WIDTH="15" VPOS="648" HPOS="632"/>
                  <String HEIGHT="43" WIDTH="103" VPOS="648" HPOS="588" CONTENT="cum"/>
                  <SP HEIGHT="43" WIDTH="15" VPOS="648" HPOS="691"/>
                  <String HEIGHT="43"
                          WIDTH="74"
                          VPOS="648"
                          HPOS="632"
                          CONTENT="di"
                          SUBS_TYPE="HypPart1"
                          SUBS_CONTENT="dixit:"/>
                  <HYP CONTENT="-"/>
               </TextLine>
               <TextLine ID="r2l32"
                         BASELINE="742"
                         HEIGHT="53"
                         WIDTH="482"
                         VPOS="689"
                         HPOS="222">
                  <String HEIGHT="53"
                          WIDTH="104"
                          VPOS="689"
                          HPOS="209"
                          CONTENT="xit:"
                          SUBS_TYPE="HypPart2"
                          SUBS_CONTENT="dixit:"/>
                  <SP HEIGHT="53" WIDTH="13" VPOS="689" HPOS="313"/>
                  <String HEIGHT="53" WIDTH="91" VPOS="689" HPOS="274" CONTENT="Est"/>
                  <SP HEIGHT="53" WIDTH="13" VPOS="689" HPOS="365"/>
                  <String HEIGHT="53"
                          WIDTH="117"
                          VPOS="689"
                          HPOS="326"
                          CONTENT="etiam"/>
                  <SP HEIGHT="53" WIDTH="13" VPOS="689" HPOS="443"/>
                  <String HEIGHT="53"
                          WIDTH="117"
                          VPOS="689"
                          HPOS="404"
                          CONTENT="extra"/>
                  <SP HEIGHT="53" WIDTH="13" VPOS="689" HPOS="522"/>
                  <String HEIGHT="53"
                          WIDTH="182"
                          VPOS="689"
                          HPOS="483"
                          CONTENT="quodcunque"/>
                  <SP HEIGHT="53" WIDTH="13" VPOS="689" HPOS="665"/>
                  <String HEIGHT="53"
                          WIDTH="91"
                          VPOS="689"
                          HPOS="613"
                          CONTENT="singu"/>
               </TextLine>
               <TextLine ID="r2l34"
                         BASELINE="770"
                         HEIGHT="45"
                         WIDTH="489"
                         VPOS="725"
                         HPOS="225">
                  <String HEIGHT="45"
                          WIDTH="138"
                          VPOS="725"
                          HPOS="212"
                          CONTENT="larium,"/>
                  <SP HEIGHT="45" WIDTH="13" VPOS="725" HPOS="350"/>
                  <String HEIGHT="45" WIDTH="63" VPOS="725" HPOS="313" CONTENT="&amp;"/>
                  <SP HEIGHT="45" WIDTH="13" VPOS="725" HPOS="375"/>
                  <String HEIGHT="45"
                          WIDTH="163"
                          VPOS="725"
                          HPOS="338"
                          CONTENT="separatur"/>
                  <SP HEIGHT="45" WIDTH="13" VPOS="725" HPOS="501"/>
                  <String HEIGHT="45" WIDTH="75" VPOS="725" HPOS="463" CONTENT="ab"/>
                  <SP HEIGHT="45" WIDTH="13" VPOS="725" HPOS="538"/>
                  <String HEIGHT="45"
                          WIDTH="100"
                          VPOS="725"
                          HPOS="501"
                          CONTENT="eis."/>
                  <SP HEIGHT="45" WIDTH="13" VPOS="725" HPOS="601"/>
                  <String HEIGHT="45" WIDTH="75" VPOS="725" HPOS="564" CONTENT="Et"/>
                  <SP HEIGHT="45" WIDTH="13" VPOS="725" HPOS="639"/>
                  <String HEIGHT="45" WIDTH="75" VPOS="725" HPOS="601" CONTENT="in"/>
                  <SP HEIGHT="45" WIDTH="13" VPOS="725" HPOS="676"/>
                  <String HEIGHT="45"
                          WIDTH="88"
                          VPOS="725"
                          HPOS="626"
                          CONTENT="libro"/>
               </TextLine>
               <TextLine ID="r2l35"
                         BASELINE="810"
                         HEIGHT="46"
                         WIDTH="481"
                         VPOS="764"
                         HPOS="226">
                  <String HEIGHT="46"
                          WIDTH="96"
                          VPOS="764"
                          HPOS="215"
                          CONTENT="Alex."/>
                  <SP HEIGHT="46" WIDTH="11" VPOS="764" HPOS="312"/>
                  <String HEIGHT="46"
                          WIDTH="118"
                          VPOS="764"
                          HPOS="279"
                          CONTENT="habetur"/>
                  <SP HEIGHT="46" WIDTH="11" VPOS="764" HPOS="397"/>
                  <String HEIGHT="46" WIDTH="86" VPOS="764" HPOS="365" CONTENT="loco"/>
                  <SP HEIGHT="46" WIDTH="11" VPOS="764" HPOS="450"/>
                  <String HEIGHT="46"
                          WIDTH="118"
                          VPOS="764"
                          HPOS="418"
                          CONTENT="istiusc"/>
                  <SP HEIGHT="46" WIDTH="11" VPOS="764" HPOS="536"/>
                  <String HEIGHT="46" WIDTH="64" VPOS="764" HPOS="504" CONTENT="li"/>
                  <SP HEIGHT="46" WIDTH="11" VPOS="764" HPOS="568"/>
                  <String HEIGHT="46" WIDTH="53" VPOS="764" HPOS="536" CONTENT="&amp;"/>
                  <SP HEIGHT="46" WIDTH="11" VPOS="764" HPOS="589"/>
                  <String HEIGHT="46"
                          WIDTH="96"
                          VPOS="764"
                          HPOS="557"
                          CONTENT="etiam"/>
                  <SP HEIGHT="46" WIDTH="11" VPOS="764" HPOS="654"/>
                  <String HEIGHT="46" WIDTH="75" VPOS="764" HPOS="621" CONTENT="non"/>
                  <SP HEIGHT="46" WIDTH="11" VPOS="764" HPOS="696"/>
                  <String HEIGHT="46" WIDTH="53" VPOS="764" HPOS="654" CONTENT="est"/>
               </TextLine>
               <TextLine ID="r2l37"
                         BASELINE="859"
                         HEIGHT="54"
                         WIDTH="484"
                         VPOS="805"
                         HPOS="226">
                  <String HEIGHT="54"
                          WIDTH="118"
                          VPOS="805"
                          HPOS="213"
                          CONTENT="extra"/>
                  <SP HEIGHT="54" WIDTH="13" VPOS="805" HPOS="331"/>
                  <String HEIGHT="54"
                          WIDTH="144"
                          VPOS="805"
                          HPOS="291"
                          CONTENT="aliquid"/>
                  <SP HEIGHT="54" WIDTH="13" VPOS="805" HPOS="435"/>
                  <String HEIGHT="54"
                          WIDTH="209"
                          VPOS="805"
                          HPOS="396"
                          CONTENT="singularium,"/>
                  <SP HEIGHT="54" WIDTH="13" VPOS="805" HPOS="605"/>
                  <String HEIGHT="54" WIDTH="65" VPOS="805" HPOS="566" CONTENT="&amp;"/>
                  <SP HEIGHT="54" WIDTH="13" VPOS="805" HPOS="632"/>
                  <String HEIGHT="54" WIDTH="92" VPOS="805" HPOS="592" CONTENT="est"/>
                  <SP HEIGHT="54" WIDTH="13" VPOS="805" HPOS="684"/>
                  <String HEIGHT="54" WIDTH="78" VPOS="805" HPOS="632" CONTENT="sepa"/>
               </TextLine>
               <TextLine ID="r2l39"
                         BASELINE="897"
                         HEIGHT="53"
                         WIDTH="484"
                         VPOS="844"
                         HPOS="222">
                  <String HEIGHT="53"
                          WIDTH="142"
                          VPOS="844"
                          HPOS="208"
                          CONTENT="ratum."/>
                  <SP HEIGHT="53" WIDTH="14" VPOS="844" HPOS="350"/>
                  <String HEIGHT="53" WIDTH="85" VPOS="844" HPOS="307" CONTENT="I&amp;"/>
                  <SP HEIGHT="53" WIDTH="14" VPOS="844" HPOS="393"/>
                  <String HEIGHT="53" WIDTH="100" VPOS="844" HPOS="350" CONTENT="hoc"/>
                  <SP HEIGHT="53" WIDTH="14" VPOS="844" HPOS="450"/>
                  <String HEIGHT="53" WIDTH="100" VPOS="844" HPOS="407" CONTENT="est"/>
                  <SP HEIGHT="53" WIDTH="14" VPOS="844" HPOS="507"/>
                  <String HEIGHT="53"
                          WIDTH="128"
                          VPOS="844"
                          HPOS="464"
                          CONTENT="magis"/>
                  <SP HEIGHT="53" WIDTH="14" VPOS="844" HPOS="592"/>
                  <String HEIGHT="53"
                          WIDTH="142"
                          VPOS="844"
                          HPOS="549"
                          CONTENT="verum,"/>
                  <SP HEIGHT="53" WIDTH="14" VPOS="844" HPOS="692"/>
                  <String HEIGHT="53" WIDTH="71" VPOS="844" HPOS="635" CONTENT="sed"/>
               </TextLine>
               <TextLine ID="r2l41"
                         BASELINE="922"
                         HEIGHT="30"
                         WIDTH="474"
                         VPOS="892"
                         HPOS="231">
                  <String HEIGHT="30" WIDTH="85" VPOS="892" HPOS="219" CONTENT="non"/>
                  <SP HEIGHT="30" WIDTH="12" VPOS="892" HPOS="304"/>
                  <String HEIGHT="30" WIDTH="85" VPOS="892" HPOS="267" CONTENT="est"/>
                  <SP HEIGHT="30" WIDTH="12" VPOS="892" HPOS="353"/>
                  <String HEIGHT="30"
                          WIDTH="109"
                          VPOS="892"
                          HPOS="316"
                          CONTENT="notum"/>
                  <SP HEIGHT="30" WIDTH="12" VPOS="892" HPOS="425"/>
                  <String HEIGHT="30" WIDTH="85" VPOS="892" HPOS="389" CONTENT="per"/>
                  <SP HEIGHT="30" WIDTH="12" VPOS="892" HPOS="474"/>
                  <String HEIGHT="30" WIDTH="73" VPOS="892" HPOS="438" CONTENT="se"/>
                  <SP HEIGHT="30" WIDTH="12" VPOS="892" HPOS="511"/>
                  <String HEIGHT="30" WIDTH="73" VPOS="892" HPOS="474" CONTENT="de"/>
                  <SP HEIGHT="30" WIDTH="12" VPOS="892" HPOS="547"/>
                  <String HEIGHT="30"
                          WIDTH="109"
                          VPOS="892"
                          HPOS="511"
                          CONTENT="loco."/>
                  <SP HEIGHT="30" WIDTH="12" VPOS="892" HPOS="620"/>
                  <String HEIGHT="30" WIDTH="97" VPOS="892" HPOS="583" CONTENT="illi"/>
                  <SP HEIGHT="30" WIDTH="12" VPOS="892" HPOS="681"/>
                  <String HEIGHT="30" WIDTH="73" VPOS="892" HPOS="632" CONTENT="enim"/>
               </TextLine>
               <TextLine ID="r2l43"
                         BASELINE="970"
                         HEIGHT="49"
                         WIDTH="478"
                         VPOS="921"
                         HPOS="230">
                  <String HEIGHT="49" WIDTH="96" VPOS="921" HPOS="216" CONTENT="qui"/>
                  <SP HEIGHT="49" WIDTH="14" VPOS="921" HPOS="312"/>
                  <String HEIGHT="49"
                          WIDTH="137"
                          VPOS="921"
                          HPOS="271"
                          CONTENT="dicunt"/>
                  <SP HEIGHT="49" WIDTH="14" VPOS="921" HPOS="408"/>
                  <String HEIGHT="49"
                          WIDTH="123"
                          VPOS="921"
                          HPOS="367"
                          CONTENT="locum"/>
                  <SP HEIGHT="49" WIDTH="14" VPOS="921" HPOS="489"/>
                  <String HEIGHT="49"
                          WIDTH="109"
                          VPOS="921"
                          HPOS="449"
                          CONTENT="esse"/>
                  <SP HEIGHT="49" WIDTH="14" VPOS="921" HPOS="558"/>
                  <String HEIGHT="49"
                          WIDTH="150"
                          VPOS="921"
                          HPOS="517"
                          CONTENT="vacuum,"/>
                  <SP HEIGHT="49" WIDTH="14" VPOS="921" HPOS="667"/>
                  <String HEIGHT="49"
                          WIDTH="96"
                          VPOS="921"
                          HPOS="612"
                          CONTENT="sepa"
                          SUBS_TYPE="HypPart1"
                          SUBS_CONTENT="separant"/>
                  <HYP CONTENT="-"/>
               </TextLine>
               <TextLine ID="r2l44"
                         BASELINE="1002"
                         HEIGHT="42"
                         WIDTH="484"
                         VPOS="960"
                         HPOS="223">
                  <String HEIGHT="42"
                          WIDTH="105"
                          VPOS="960"
                          HPOS="210"
                          CONTENT="rant"
                          SUBS_TYPE="HypPart2"
                          SUBS_CONTENT="separant"/>
                  <SP HEIGHT="42" WIDTH="13" VPOS="960" HPOS="315"/>
                  <String HEIGHT="42"
                          WIDTH="105"
                          VPOS="960"
                          HPOS="275"
                          CONTENT="loco"/>
                  <SP HEIGHT="42" WIDTH="13" VPOS="960" HPOS="380"/>
                  <String HEIGHT="42" WIDTH="65" VPOS="960" HPOS="341" CONTENT="a"/>
                  <SP HEIGHT="42" WIDTH="13" VPOS="960" HPOS="406"/>
                  <String HEIGHT="42"
                          WIDTH="144"
                          VPOS="960"
                          HPOS="367"
                          CONTENT="locato,"/>
                  <SP HEIGHT="42" WIDTH="13" VPOS="960" HPOS="511"/>
                  <String HEIGHT="42" WIDTH="65" VPOS="960" HPOS="472" CONTENT="&amp;"/>
                  <SP HEIGHT="42" WIDTH="13" VPOS="960" HPOS="537"/>
                  <String HEIGHT="42"
                          WIDTH="144"
                          VPOS="960"
                          HPOS="498"
                          CONTENT="remanet"/>
                  <SP HEIGHT="42" WIDTH="13" VPOS="960" HPOS="642"/>
                  <String HEIGHT="42"
                          WIDTH="118"
                          VPOS="960"
                          HPOS="602"
                          CONTENT="locus"/>
                  <SP HEIGHT="42" WIDTH="13" VPOS="960" HPOS="720"/>
                  <String HEIGHT="42" WIDTH="39" VPOS="960" HPOS="668" CONTENT="i"/>
               </TextLine>
               <TextLine ID="r2l46"
                         BASELINE="1042"
                         HEIGHT="43"
                         WIDTH="482"
                         VPOS="999"
                         HPOS="231">
                  <String HEIGHT="43"
                          WIDTH="131"
                          VPOS="999"
                          HPOS="216"
                          CONTENT="actu."/>
                  <SP HEIGHT="43" WIDTH="15" VPOS="999" HPOS="348"/>
                  <String HEIGHT="43" WIDTH="73" VPOS="999" HPOS="304" CONTENT="&amp;"/>
                  <SP HEIGHT="43" WIDTH="15" VPOS="999" HPOS="377"/>
                  <String HEIGHT="43"
                          WIDTH="131"
                          VPOS="999"
                          HPOS="333"
                          CONTENT="Alex."/>
                  <SP HEIGHT="43" WIDTH="15" VPOS="999" HPOS="465"/>
                  <String HEIGHT="43"
                          WIDTH="161"
                          VPOS="999"
                          HPOS="421"
                          CONTENT="exponit"/>
                  <SP HEIGHT="43" WIDTH="15" VPOS="999" HPOS="582"/>
                  <String HEIGHT="43"
                          WIDTH="117"
                          VPOS="999"
                          HPOS="538"
                          CONTENT="hunc"/>
                  <SP HEIGHT="43" WIDTH="15" VPOS="999" HPOS="655"/>
                  <String HEIGHT="43"
                          WIDTH="117"
                          VPOS="999"
                          HPOS="596"
                          CONTENT="locum."/>
               </TextLine>
               <TextLine ID="r2l48"
                         BASELINE="1090"
                         HEIGHT="45"
                         WIDTH="482"
                         VPOS="1045"
                         HPOS="224">
                  <String HEIGHT="45"
                          WIDTH="104"
                          VPOS="1045"
                          HPOS="211"
                          CONTENT="quia"/>
                  <SP HEIGHT="45" WIDTH="13" VPOS="1045" HPOS="315"/>
                  <String HEIGHT="45"
                          WIDTH="130"
                          VPOS="1045"
                          HPOS="276"
                          CONTENT="Arist."/>
                  <SP HEIGHT="45" WIDTH="13" VPOS="1045" HPOS="406"/>
                  <String HEIGHT="45"
                          WIDTH="182"
                          VPOS="1045"
                          HPOS="367"
                          CONTENT="intendebat"/>
                  <SP HEIGHT="45" WIDTH="13" VPOS="1045" HPOS="550"/>
                  <String HEIGHT="45"
                          WIDTH="104"
                          VPOS="1045"
                          HPOS="511"
                          CONTENT="quod"/>
                  <SP HEIGHT="45" WIDTH="13" VPOS="1045" HPOS="615"/>
                  <String HEIGHT="45"
                          WIDTH="117"
                          VPOS="1045"
                          HPOS="576"
                          CONTENT="locus"/>
                  <SP HEIGHT="45" WIDTH="13" VPOS="1045" HPOS="693"/>
                  <String HEIGHT="45" WIDTH="65" VPOS="1045" HPOS="641" CONTENT="non"/>
               </TextLine>
               <TextLine ID="r2l50"
                         BASELINE="1128"
                         HEIGHT="51"
                         WIDTH="474"
                         VPOS="1077"
                         HPOS="228">
                  <String HEIGHT="51"
                          WIDTH="163"
                          VPOS="1077"
                          HPOS="213"
                          CONTENT="excedit"/>
                  <SP HEIGHT="51" WIDTH="15" VPOS="1077" HPOS="376"/>
                  <String HEIGHT="51"
                          WIDTH="178"
                          VPOS="1077"
                          HPOS="332"
                          CONTENT="locatum."/>
                  <SP HEIGHT="51" WIDTH="15" VPOS="1077" HPOS="509"/>
                  <String HEIGHT="51" WIDTH="74" VPOS="1077" HPOS="465" CONTENT="&amp;"/>
                  <SP HEIGHT="51" WIDTH="15" VPOS="1077" HPOS="539"/>
                  <String HEIGHT="51"
                          WIDTH="163"
                          VPOS="1077"
                          HPOS="495"
                          CONTENT="exponit"/>
                  <SP HEIGHT="51" WIDTH="15" VPOS="1077" HPOS="658"/>
                  <String HEIGHT="51"
                          WIDTH="104"
                          VPOS="1077"
                          HPOS="598"
                          CONTENT="ipsum"/>
               </TextLine>
               <TextLine ID="r2l52"
                         BASELINE="1167"
                         HEIGHT="52"
                         WIDTH="490"
                         VPOS="1115"
                         HPOS="227">
                  <String HEIGHT="52"
                          WIDTH="96"
                          VPOS="1115"
                          HPOS="216"
                          CONTENT="etiam"/>
                  <SP HEIGHT="52" WIDTH="11" VPOS="1115" HPOS="312"/>
                  <String HEIGHT="52"
                          WIDTH="128"
                          VPOS="1115"
                          HPOS="280"
                          CONTENT="secundum"/>
                  <SP HEIGHT="52" WIDTH="11" VPOS="1115" HPOS="408"/>
                  <String HEIGHT="52"
                          WIDTH="85"
                          VPOS="1115"
                          HPOS="376"
                          CONTENT="suum"/>
                  <SP HEIGHT="52" WIDTH="11" VPOS="1115" HPOS="461"/>
                  <String HEIGHT="52"
                          WIDTH="107"
                          VPOS="1115"
                          HPOS="429"
                          CONTENT="modum,"/>
                  <SP HEIGHT="52" WIDTH="11" VPOS="1115" HPOS="536"/>
                  <String HEIGHT="52" WIDTH="53" VPOS="1115" HPOS="504" CONTENT="&amp;"/>
                  <SP HEIGHT="52" WIDTH="11" VPOS="1115" HPOS="557"/>
                  <String HEIGHT="52"
                          WIDTH="96"
                          VPOS="1115"
                          HPOS="525"
                          CONTENT="dicit"/>
                  <SP HEIGHT="52" WIDTH="11" VPOS="1115" HPOS="621"/>
                  <String HEIGHT="52"
                          WIDTH="85"
                          VPOS="1115"
                          HPOS="589"
                          CONTENT="quod"/>
                  <SP HEIGHT="52" WIDTH="11" VPOS="1115" HPOS="674"/>
                  <String HEIGHT="52" WIDTH="75" VPOS="1115" HPOS="642" CONTENT="non"/>
                  <SP HEIGHT="52" WIDTH="11" VPOS="1115" HPOS="717"/>
                  <String HEIGHT="52" WIDTH="43" VPOS="1115" HPOS="674" CONTENT="ac"/>
               </TextLine>
               <TextLine ID="r2l54"
                         BASELINE="1207"
                         HEIGHT="50"
                         WIDTH="483"
                         VPOS="1157"
                         HPOS="226">
                  <String HEIGHT="50"
                          WIDTH="91"
                          VPOS="1157"
                          HPOS="216"
                          CONTENT="cidit"/>
                  <SP HEIGHT="50" WIDTH="10" VPOS="1157" HPOS="307"/>
                  <String HEIGHT="50" WIDTH="60" VPOS="1157" HPOS="276" CONTENT="ei"/>
                  <SP HEIGHT="50" WIDTH="10" VPOS="1157" HPOS="337"/>
                  <String HEIGHT="50"
                          WIDTH="81"
                          VPOS="1157"
                          HPOS="307"
                          CONTENT="hoc,"/>
                  <SP HEIGHT="50" WIDTH="10" VPOS="1157" HPOS="387"/>
                  <String HEIGHT="50"
                          WIDTH="81"
                          VPOS="1157"
                          HPOS="357"
                          CONTENT="quid"/>
                  <SP HEIGHT="50" WIDTH="10" VPOS="1157" HPOS="437"/>
                  <String HEIGHT="50"
                          WIDTH="111"
                          VPOS="1157"
                          HPOS="407"
                          CONTENT="diximus"/>
                  <SP HEIGHT="50" WIDTH="10" VPOS="1157" HPOS="518"/>
                  <String HEIGHT="50"
                          WIDTH="121"
                          VPOS="1157"
                          HPOS="488"
                          CONTENT="scilicet"/>
                  <SP HEIGHT="50" WIDTH="10" VPOS="1157" HPOS="608"/>
                  <String HEIGHT="50"
                          WIDTH="81"
                          VPOS="1157"
                          HPOS="578"
                          CONTENT="quod"/>
                  <SP HEIGHT="50" WIDTH="10" VPOS="1157" HPOS="659"/>
                  <String HEIGHT="50" WIDTH="70" VPOS="1157" HPOS="629" CONTENT="non"/>
                  <SP HEIGHT="50" WIDTH="10" VPOS="1157" HPOS="699"/>
                  <String HEIGHT="50" WIDTH="50" VPOS="1157" HPOS="659" CONTENT="est"/>
               </TextLine>
               <TextLine ID="r2l56"
                         BASELINE="1234"
                         HEIGHT="37"
                         WIDTH="488"
                         VPOS="1197"
                         HPOS="224">
                  <String HEIGHT="37"
                          WIDTH="129"
                          VPOS="1197"
                          HPOS="210"
                          CONTENT="notum"/>
                  <SP HEIGHT="37" WIDTH="14" VPOS="1197" HPOS="339"/>
                  <String HEIGHT="37"
                          WIDTH="100"
                          VPOS="1197"
                          HPOS="296"
                          CONTENT="per"/>
                  <SP HEIGHT="37" WIDTH="14" VPOS="1197" HPOS="396"/>
                  <String HEIGHT="37" WIDTH="86" VPOS="1197" HPOS="353" CONTENT="se"/>
                  <SP HEIGHT="37" WIDTH="14" VPOS="1197" HPOS="439"/>
                  <String HEIGHT="37" WIDTH="86" VPOS="1197" HPOS="396" CONTENT="de"/>
                  <SP HEIGHT="37" WIDTH="14" VPOS="1197" HPOS="482"/>
                  <String HEIGHT="37"
                          WIDTH="129"
                          VPOS="1197"
                          HPOS="439"
                          CONTENT="loco."/>
                  <SP HEIGHT="37" WIDTH="14" VPOS="1197" HPOS="568"/>
                  <String HEIGHT="37"
                          WIDTH="158"
                          VPOS="1197"
                          HPOS="525"
                          CONTENT="Quartum"/>
                  <SP HEIGHT="37" WIDTH="14" VPOS="1197" HPOS="683"/>
                  <String HEIGHT="37"
                          WIDTH="86"
                          VPOS="1197"
                          HPOS="626"
                          CONTENT="vero"/>
               </TextLine>
               <TextLine ID="r2l58"
                         BASELINE="1282"
                         HEIGHT="51"
                         WIDTH="486"
                         VPOS="1231"
                         HPOS="229">
                  <String HEIGHT="51"
                          WIDTH="81"
                          VPOS="1231"
                          HPOS="219"
                          CONTENT="est,"/>
                  <SP HEIGHT="51" WIDTH="10" VPOS="1231" HPOS="300"/>
                  <String HEIGHT="51"
                          WIDTH="111"
                          VPOS="1231"
                          HPOS="270"
                          CONTENT="quoniam"/>
                  <SP HEIGHT="51" WIDTH="10" VPOS="1231" HPOS="381"/>
                  <String HEIGHT="51"
                          WIDTH="132"
                          VPOS="1231"
                          HPOS="351"
                          CONTENT="diciturae"/>
                  <SP HEIGHT="51" WIDTH="10" VPOS="1231" HPOS="482"/>
                  <String HEIGHT="51"
                          WIDTH="81"
                          VPOS="1231"
                          HPOS="452"
                          CONTENT="loci"/>
                  <SP HEIGHT="51" WIDTH="10" VPOS="1231" HPOS="533"/>
                  <String HEIGHT="51"
                          WIDTH="81"
                          VPOS="1231"
                          HPOS="502"
                          CONTENT="sunt"/>
                  <SP HEIGHT="51" WIDTH="10" VPOS="1231" HPOS="583"/>
                  <String HEIGHT="51"
                          WIDTH="132"
                          VPOS="1231"
                          HPOS="553"
                          CONTENT="superius,"/>
                  <SP HEIGHT="51" WIDTH="10" VPOS="1231" HPOS="685"/>
                  <String HEIGHT="51" WIDTH="51" VPOS="1231" HPOS="654" CONTENT="&amp;"/>
                  <SP HEIGHT="51" WIDTH="10" VPOS="1231" HPOS="705"/>
                  <String HEIGHT="51" WIDTH="61" VPOS="1231" HPOS="675" CONTENT="in"/>
                  <SP HEIGHT="51" WIDTH="10" VPOS="1231" HPOS="735"/>
                  <String HEIGHT="51" WIDTH="20" VPOS="1231" HPOS="695" CONTENT=""/>
               </TextLine>
               <TextLine ID="r2l60"
                         BASELINE="1314"
                         HEIGHT="45"
                         WIDTH="489"
                         VPOS="1269"
                         HPOS="222">
                  <String HEIGHT="45"
                          WIDTH="149"
                          VPOS="1269"
                          HPOS="208"
                          CONTENT="ferius."/>
                  <SP HEIGHT="45" WIDTH="14" VPOS="1269" HPOS="358"/>
                  <String HEIGHT="45" WIDTH="68" VPOS="1269" HPOS="317" CONTENT="&amp;"/>
                  <SP HEIGHT="45" WIDTH="14" VPOS="1269" HPOS="385"/>
                  <String HEIGHT="45" WIDTH="82" VPOS="1269" HPOS="344" CONTENT="in"/>
                  <SP HEIGHT="45" WIDTH="14" VPOS="1269" HPOS="426"/>
                  <String HEIGHT="45" WIDTH="95" VPOS="1269" HPOS="385" CONTENT="hoc"/>
                  <SP HEIGHT="45" WIDTH="14" VPOS="1269" HPOS="480"/>
                  <String HEIGHT="45"
                          WIDTH="149"
                          VPOS="1269"
                          HPOS="439"
                          CONTENT="differt"/>
                  <SP HEIGHT="45" WIDTH="14" VPOS="1269" HPOS="589"/>
                  <String HEIGHT="45" WIDTH="68" VPOS="1269" HPOS="548" CONTENT="a"/>
                  <SP HEIGHT="45" WIDTH="14" VPOS="1269" HPOS="616"/>
                  <String HEIGHT="45"
                          WIDTH="136"
                          VPOS="1269"
                          HPOS="575"
                          CONTENT="vacuo."/>
                  <SP HEIGHT="45" WIDTH="14" VPOS="1269" HPOS="711"/>
                  <String HEIGHT="45" WIDTH="54" VPOS="1269" HPOS="657" CONTENT="in"/>
               </TextLine>
               <TextLine ID="r2l62"
                         BASELINE="1361"
                         HEIGHT="52"
                         WIDTH="473"
                         VPOS="1309"
                         HPOS="232">
                  <String HEIGHT="52"
                          WIDTH="106"
                          VPOS="1309"
                          HPOS="220"
                          CONTENT="vacuo"/>
                  <SP HEIGHT="52" WIDTH="12" VPOS="1309" HPOS="327"/>
                  <String HEIGHT="52"
                          WIDTH="95"
                          VPOS="1309"
                          HPOS="291"
                          CONTENT="enim"/>
                  <SP HEIGHT="52" WIDTH="12" VPOS="1309" HPOS="386"/>
                  <String HEIGHT="52" WIDTH="83" VPOS="1309" HPOS="350" CONTENT="non"/>
                  <SP HEIGHT="52" WIDTH="12" VPOS="1309" HPOS="433"/>
                  <String HEIGHT="52" WIDTH="83" VPOS="1309" HPOS="398" CONTENT="est"/>
                  <SP HEIGHT="52" WIDTH="12" VPOS="1309" HPOS="480"/>
                  <String HEIGHT="52"
                          WIDTH="154"
                          VPOS="1309"
                          HPOS="445"
                          CONTENT="superius,"/>
                  <SP HEIGHT="52" WIDTH="12" VPOS="1309" HPOS="599"/>
                  <String HEIGHT="52"
                          WIDTH="106"
                          VPOS="1309"
                          HPOS="563"
                          CONTENT="neque"/>
                  <SP HEIGHT="52" WIDTH="12" VPOS="1309" HPOS="670"/>
                  <String HEIGHT="52"
                          WIDTH="83"
                          VPOS="1309"
                          HPOS="622"
                          CONTENT="infe"
                          SUBS_TYPE="HypPart1"
                          SUBS_CONTENT="infeIrius"/>
                  <HYP CONTENT="-"/>
               </TextLine>
               <TextLine ID="line_1611678655822_32"
                         BASELINE="1395"
                         HEIGHT="46"
                         WIDTH="499"
                         VPOS="1349"
                         HPOS="211">
                  <String HEIGHT="46"
                          WIDTH="125"
                          VPOS="1349"
                          HPOS="197"
                          CONTENT="Irius"
                          SUBS_TYPE="HypPart2"
                          SUBS_CONTENT="infeIrius"/>
                  <SP HEIGHT="46" WIDTH="14" VPOS="1349" HPOS="322"/>
                  <String HEIGHT="46"
                          WIDTH="222"
                          VPOS="1349"
                          HPOS="280"
                          CONTENT="naturaliter."/>
                  <SP HEIGHT="46" WIDTH="14" VPOS="1349" HPOS="502"/>
                  <String HEIGHT="46"
                          WIDTH="152"
                          VPOS="1349"
                          HPOS="460"
                          CONTENT="Quintum"/>
                  <SP HEIGHT="46" WIDTH="14" VPOS="1349" HPOS="613"/>
                  <String HEIGHT="46"
                          WIDTH="111"
                          VPOS="1349"
                          HPOS="571"
                          CONTENT="vero"/>
                  <SP HEIGHT="46" WIDTH="14" VPOS="1349" HPOS="682"/>
                  <String HEIGHT="46"
                          WIDTH="83"
                          VPOS="1349"
                          HPOS="627"
                          CONTENT="est,"/>
               </TextLine>
               <TextLine ID="r2l67"
                         BASELINE="1438"
                         HEIGHT="49"
                         WIDTH="481"
                         VPOS="1389"
                         HPOS="228">
                  <String HEIGHT="49"
                          WIDTH="126"
                          VPOS="1389"
                          HPOS="217"
                          CONTENT="quoniam"/>
                  <SP HEIGHT="49" WIDTH="11" VPOS="1389" HPOS="343"/>
                  <String HEIGHT="49"
                          WIDTH="103"
                          VPOS="1389"
                          HPOS="308"
                          CONTENT="locus"/>
                  <SP HEIGHT="49" WIDTH="11" VPOS="1389" HPOS="411"/>
                  <String HEIGHT="49" WIDTH="80" VPOS="1389" HPOS="377" CONTENT="est"/>
                  <SP HEIGHT="49" WIDTH="11" VPOS="1389" HPOS="457"/>
                  <String HEIGHT="49"
                          WIDTH="115"
                          VPOS="1389"
                          HPOS="423"
                          CONTENT="illud,"/>
                  <SP HEIGHT="49" WIDTH="11" VPOS="1389" HPOS="537"/>
                  <String HEIGHT="49" WIDTH="69" VPOS="1389" HPOS="503" CONTENT="ad"/>
                  <SP HEIGHT="49" WIDTH="11" VPOS="1389" HPOS="572"/>
                  <String HEIGHT="49"
                          WIDTH="92"
                          VPOS="1389"
                          HPOS="537"
                          CONTENT="quid"/>
                  <SP HEIGHT="49" WIDTH="11" VPOS="1389" HPOS="629"/>
                  <String HEIGHT="49"
                          WIDTH="126"
                          VPOS="1389"
                          HPOS="583"
                          CONTENT="transfert"/>
               </TextLine>
               <TextLine ID="r2l70"
                         BASELINE="1479"
                         HEIGHT="50"
                         WIDTH="481"
                         VPOS="1429"
                         HPOS="230">
                  <String HEIGHT="50"
                          WIDTH="132"
                          VPOS="1429"
                          HPOS="218"
                          CONTENT="locatum"/>
                  <SP HEIGHT="50" WIDTH="12" VPOS="1429" HPOS="350"/>
                  <String HEIGHT="50"
                          WIDTH="192"
                          VPOS="1429"
                          HPOS="314"
                          CONTENT="naturaliter,"/>
                  <SP HEIGHT="50" WIDTH="12" VPOS="1429" HPOS="507"/>
                  <String HEIGHT="50" WIDTH="60" VPOS="1429" HPOS="471" CONTENT="&amp;"/>
                  <SP HEIGHT="50" WIDTH="12" VPOS="1429" HPOS="531"/>
                  <String HEIGHT="50"
                          WIDTH="96"
                          VPOS="1429"
                          HPOS="495"
                          CONTENT="quod"/>
                  <SP HEIGHT="50" WIDTH="12" VPOS="1429" HPOS="591"/>
                  <String HEIGHT="50"
                          WIDTH="96"
                          VPOS="1429"
                          HPOS="555"
                          CONTENT="ista"/>
                  <SP HEIGHT="50" WIDTH="12" VPOS="1429" HPOS="651"/>
                  <String HEIGHT="50"
                          WIDTH="108"
                          VPOS="1429"
                          HPOS="603"
                          CONTENT="transla"/>
               </TextLine>
               <TextLine ID="r2l73"
                         BASELINE="1516"
                         HEIGHT="50"
                         WIDTH="472"
                         VPOS="1466"
                         HPOS="229">
                  <String HEIGHT="50"
                          WIDTH="107"
                          VPOS="1466"
                          HPOS="214"
                          CONTENT="tio"/>
                  <SP HEIGHT="50" WIDTH="15" VPOS="1466" HPOS="320"/>
                  <String HEIGHT="50"
                          WIDTH="107"
                          VPOS="1466"
                          HPOS="275"
                          CONTENT="est"/>
                  <SP HEIGHT="50" WIDTH="15" VPOS="1466" HPOS="381"/>
                  <String HEIGHT="50"
                          WIDTH="198"
                          VPOS="1466"
                          HPOS="336"
                          CONTENT="quorundam"/>
                  <SP HEIGHT="50" WIDTH="15" VPOS="1466" HPOS="534"/>
                  <String HEIGHT="50"
                          WIDTH="183"
                          VPOS="1466"
                          HPOS="488"
                          CONTENT="corporum"/>
                  <SP HEIGHT="50" WIDTH="15" VPOS="1466" HPOS="671"/>
                  <String HEIGHT="50"
                          WIDTH="91"
                          VPOS="1466"
                          HPOS="610"
                          CONTENT="supe"/>
               </TextLine>
               <TextLine ID="r2l75"
                         BASELINE="1547"
                         HEIGHT="38"
                         WIDTH="483"
                         VPOS="1509"
                         HPOS="226">
                  <String HEIGHT="38"
                          WIDTH="132"
                          VPOS="1509"
                          HPOS="211"
                          CONTENT="rius,"/>
                  <SP HEIGHT="38" WIDTH="15" VPOS="1509" HPOS="343"/>
                  <String HEIGHT="38" WIDTH="73" VPOS="1509" HPOS="299" CONTENT="&amp;"/>
                  <SP HEIGHT="38" WIDTH="15" VPOS="1509" HPOS="372"/>
                  <String HEIGHT="38"
                          WIDTH="190"
                          VPOS="1509"
                          HPOS="328"
                          CONTENT="quorundam"/>
                  <SP HEIGHT="38" WIDTH="15" VPOS="1509" HPOS="519"/>
                  <String HEIGHT="38"
                          WIDTH="190"
                          VPOS="1509"
                          HPOS="475"
                          CONTENT="inferius."/>
                  <SP HEIGHT="38" WIDTH="15" VPOS="1509" HPOS="665"/>
                  <String HEIGHT="38" WIDTH="73" VPOS="1509" HPOS="621" CONTENT="&amp;"/>
                  <SP HEIGHT="38" WIDTH="15" VPOS="1509" HPOS="694"/>
                  <String HEIGHT="38" WIDTH="73" VPOS="1509" HPOS="636" CONTENT="hoc"/>
               </TextLine>
               <TextLine ID="r2l77"
                         BASELINE="1595"
                         HEIGHT="53"
                         WIDTH="483"
                         VPOS="1542"
                         HPOS="222">
                  <String HEIGHT="53"
                          WIDTH="117"
                          VPOS="1542"
                          HPOS="209"
                          CONTENT="etiam"/>
                  <SP HEIGHT="53" WIDTH="13" VPOS="1542" HPOS="326"/>
                  <String HEIGHT="53"
                          WIDTH="183"
                          VPOS="1542"
                          HPOS="287"
                          CONTENT="demonstrat"/>
                  <SP HEIGHT="53" WIDTH="13" VPOS="1542" HPOS="470"/>
                  <String HEIGHT="53"
                          WIDTH="104"
                          VPOS="1542"
                          HPOS="431"
                          CONTENT="quod"/>
                  <SP HEIGHT="53" WIDTH="13" VPOS="1542" HPOS="535"/>
                  <String HEIGHT="53" WIDTH="91" VPOS="1542" HPOS="496" CONTENT="non"/>
                  <SP HEIGHT="53" WIDTH="13" VPOS="1542" HPOS="588"/>
                  <String HEIGHT="53" WIDTH="91" VPOS="1542" HPOS="548" CONTENT="est"/>
                  <SP HEIGHT="53" WIDTH="13" VPOS="1542" HPOS="640"/>
                  <String HEIGHT="53"
                          WIDTH="117"
                          VPOS="1542"
                          HPOS="588"
                          CONTENT="vacuum."/>
               </TextLine>
               <TextLine ID="r2l79"
                         BASELINE="1625"
                         HEIGHT="44"
                         WIDTH="483"
                         VPOS="1581"
                         HPOS="228">
                  <String HEIGHT="44" WIDTH="73" VPOS="1581" HPOS="213" CONTENT="&amp;"/>
                  <SP HEIGHT="44" WIDTH="15" VPOS="1581" HPOS="287"/>
                  <String HEIGHT="44"
                          WIDTH="102"
                          VPOS="1581"
                          HPOS="243"
                          CONTENT="hoc"/>
                  <SP HEIGHT="44" WIDTH="15" VPOS="1581" HPOS="345"/>
                  <String HEIGHT="44"
                          WIDTH="220"
                          VPOS="1581"
                          HPOS="301"
                          CONTENT="intendebat,"/>
                  <SP HEIGHT="44" WIDTH="15" VPOS="1581" HPOS="521"/>
                  <String HEIGHT="44"
                          WIDTH="102"
                          VPOS="1581"
                          HPOS="477"
                          CONTENT="cum"/>
                  <SP HEIGHT="44" WIDTH="15" VPOS="1581" HPOS="579"/>
                  <String HEIGHT="44"
                          WIDTH="132"
                          VPOS="1581"
                          HPOS="535"
                          CONTENT="dixit"/>
                  <SP HEIGHT="44" WIDTH="15" VPOS="1581" HPOS="667"/>
                  <String HEIGHT="44" WIDTH="73" VPOS="1581" HPOS="623" CONTENT="&amp;"/>
                  <SP HEIGHT="44" WIDTH="15" VPOS="1581" HPOS="696"/>
                  <String HEIGHT="44"
                          WIDTH="73"
                          VPOS="1581"
                          HPOS="638"
                          CONTENT="fa"
                          SUBS_TYPE="HypPart1"
                          SUBS_CONTENT="facit"/>
                  <HYP CONTENT="-"/>
               </TextLine>
               <TextLine ID="r2l81"
                         BASELINE="1666"
                         HEIGHT="45"
                         WIDTH="482"
                         VPOS="1621"
                         HPOS="223">
                  <String HEIGHT="45"
                          WIDTH="94"
                          VPOS="1621"
                          HPOS="210"
                          CONTENT="cit"
                          SUBS_TYPE="HypPart2"
                          SUBS_CONTENT="facit"/>
                  <SP HEIGHT="45" WIDTH="13" VPOS="1621" HPOS="303"/>
                  <String HEIGHT="45"
                          WIDTH="107"
                          VPOS="1621"
                          HPOS="263"
                          CONTENT="hoc,"/>
                  <SP HEIGHT="45" WIDTH="13" VPOS="1621" HPOS="370"/>
                  <String HEIGHT="45" WIDTH="80" VPOS="1621" HPOS="330" CONTENT="i."/>
                  <SP HEIGHT="45" WIDTH="13" VPOS="1621" HPOS="410"/>
                  <String HEIGHT="45"
                          WIDTH="121"
                          VPOS="1621"
                          HPOS="370"
                          CONTENT="facit"/>
                  <SP HEIGHT="45" WIDTH="13" VPOS="1621" HPOS="491"/>
                  <String HEIGHT="45"
                          WIDTH="228"
                          VPOS="1621"
                          HPOS="451"
                          CONTENT="translationem"/>
                  <SP HEIGHT="45" WIDTH="13" VPOS="1621" HPOS="678"/>
                  <String HEIGHT="45"
                          WIDTH="80"
                          VPOS="1621"
                          HPOS="625"
                          CONTENT="ita,"/>
               </TextLine>
               <TextLine ID="r2l83"
                         BASELINE="1714"
                         HEIGHT="57"
                         WIDTH="346"
                         VPOS="1657"
                         HPOS="227">
                  <String HEIGHT="57"
                          WIDTH="106"
                          VPOS="1657"
                          HPOS="214"
                          CONTENT="quod"/>
                  <SP HEIGHT="57" WIDTH="13" VPOS="1657" HPOS="320"/>
                  <String HEIGHT="57" WIDTH="93" VPOS="1657" HPOS="280" CONTENT="est"/>
                  <SP HEIGHT="57" WIDTH="13" VPOS="1657" HPOS="373"/>
                  <String HEIGHT="57"
                          WIDTH="120"
                          VPOS="1657"
                          HPOS="333"
                          CONTENT="causa"/>
                  <SP HEIGHT="57" WIDTH="13" VPOS="1657" HPOS="453"/>
                  <String HEIGHT="57"
                          WIDTH="146"
                          VPOS="1657"
                          HPOS="413"
                          CONTENT="finalis"/>
                  <SP HEIGHT="57" WIDTH="13" VPOS="1657" HPOS="560"/>
                  <String HEIGHT="57" WIDTH="67" VPOS="1657" HPOS="506" CONTENT="ei."/>
               </TextLine>
               <TextLine ID="r2l86"
                         BASELINE="1786"
                         HEIGHT="61"
                         WIDTH="470"
                         VPOS="1725"
                         HPOS="243">
                  <String HEIGHT="61"
                          WIDTH="199"
                          VPOS="1725"
                          HPOS="229"
                          CONTENT="Suppositis"/>
                  <SP HEIGHT="61" WIDTH="14" VPOS="1725" HPOS="428"/>
                  <String HEIGHT="61"
                          WIDTH="128"
                          VPOS="1725"
                          HPOS="385"
                          CONTENT="autem"/>
                  <SP HEIGHT="61" WIDTH="14" VPOS="1725" HPOS="514"/>
                  <String HEIGHT="61"
                          WIDTH="100"
                          VPOS="1725"
                          HPOS="471"
                          CONTENT="his"/>
                  <SP HEIGHT="61" WIDTH="14" VPOS="1725" HPOS="571"/>
                  <String HEIGHT="61"
                          WIDTH="157"
                          VPOS="1725"
                          HPOS="528"
                          CONTENT="reliqua"/>
                  <SP HEIGHT="61" WIDTH="14" VPOS="1725" HPOS="685"/>
                  <String HEIGHT="61"
                          WIDTH="85"
                          VPOS="1725"
                          HPOS="628"
                          CONTENT="spe"
                          SUBS_TYPE="HypPart1"
                          SUBS_CONTENT="speeulari"/>
                  <HYP CONTENT="-"/>
               </TextLine>
               <TextLine ID="r2l88"
                         BASELINE="1818"
                         HEIGHT="39"
                         WIDTH="479"
                         VPOS="1779"
                         HPOS="224">
                  <String HEIGHT="39"
                          WIDTH="145"
                          VPOS="1779"
                          HPOS="209"
                          CONTENT="eulari"
                          SUBS_TYPE="HypPart2"
                          SUBS_CONTENT="speeulari"/>
                  <SP HEIGHT="39" WIDTH="15" VPOS="1779" HPOS="355"/>
                  <String HEIGHT="39"
                          WIDTH="145"
                          VPOS="1779"
                          HPOS="311"
                          CONTENT="decet."/>
                  <SP HEIGHT="39" WIDTH="15" VPOS="1779" HPOS="456"/>
                  <String HEIGHT="39"
                          WIDTH="160"
                          VPOS="1779"
                          HPOS="413"
                          CONTENT="Oportet"/>
                  <SP HEIGHT="39" WIDTH="15" VPOS="1779" HPOS="572"/>
                  <String HEIGHT="39"
                          WIDTH="131"
                          VPOS="1779"
                          HPOS="529"
                          CONTENT="autem"/>
                  <SP HEIGHT="39" WIDTH="15" VPOS="1779" HPOS="659"/>
                  <String HEIGHT="39"
                          WIDTH="102"
                          VPOS="1779"
                          HPOS="601"
                          CONTENT="tenta"/>
               </TextLine>
               <TextLine ID="r2l90"
                         BASELINE="1866"
                         HEIGHT="45"
                         WIDTH="489"
                         VPOS="1821"
                         HPOS="226">
                  <String HEIGHT="45" WIDTH="89" VPOS="1821" HPOS="211" CONTENT="re"/>
                  <SP HEIGHT="45" WIDTH="15" VPOS="1821" HPOS="300"/>
                  <String HEIGHT="45"
                          WIDTH="282"
                          VPOS="1821"
                          HPOS="256"
                          CONTENT="consyderationem"/>
                  <SP HEIGHT="45" WIDTH="15" VPOS="1821" HPOS="537"/>
                  <String HEIGHT="45"
                          WIDTH="104"
                          VPOS="1821"
                          HPOS="493"
                          CONTENT="sic"/>
                  <SP HEIGHT="45" WIDTH="15" VPOS="1821" HPOS="596"/>
                  <String HEIGHT="45"
                          WIDTH="163"
                          VPOS="1821"
                          HPOS="552"
                          CONTENT="facere,"/>
                  <SP HEIGHT="45" WIDTH="15" VPOS="1821" HPOS="715"/>
                  <String HEIGHT="45" WIDTH="59" VPOS="1821" HPOS="656" CONTENT="vt"/>
               </TextLine>
               <TextLine ID="r2l92"
                         BASELINE="1906"
                         HEIGHT="53"
                         WIDTH="490"
                         VPOS="1853"
                         HPOS="221">
                  <String HEIGHT="53"
                          WIDTH="110"
                          VPOS="1853"
                          HPOS="209"
                          CONTENT="ipsum"/>
                  <SP HEIGHT="53" WIDTH="12" VPOS="1853" HPOS="319"/>
                  <String HEIGHT="53"
                          WIDTH="98"
                          VPOS="1853"
                          HPOS="282"
                          CONTENT="quid"/>
                  <SP HEIGHT="53" WIDTH="12" VPOS="1853" HPOS="380"/>
                  <String HEIGHT="53" WIDTH="86" VPOS="1853" HPOS="344" CONTENT="est"/>
                  <SP HEIGHT="53" WIDTH="12" VPOS="1853" HPOS="429"/>
                  <String HEIGHT="53"
                          WIDTH="159"
                          VPOS="1853"
                          HPOS="393"
                          CONTENT="reddatur,"/>
                  <SP HEIGHT="53" WIDTH="12" VPOS="1853" HPOS="552"/>
                  <String HEIGHT="53" WIDTH="74" VPOS="1853" HPOS="515" CONTENT="vt"/>
                  <SP HEIGHT="53" WIDTH="12" VPOS="1853" HPOS="589"/>
                  <String HEIGHT="53" WIDTH="74" VPOS="1853" HPOS="552" CONTENT="et"/>
                  <SP HEIGHT="53" WIDTH="12" VPOS="1853" HPOS="625"/>
                  <String HEIGHT="53"
                          WIDTH="98"
                          VPOS="1853"
                          HPOS="589"
                          CONTENT="quae"/>
                  <SP HEIGHT="53" WIDTH="12" VPOS="1853" HPOS="687"/>
                  <String HEIGHT="53"
                          WIDTH="74"
                          VPOS="1853"
                          HPOS="638"
                          CONTENT="dubi"/>
               </TextLine>
            </TextBlock>
            <TextBlock ID="TextRegion_1611678739450_67"
                       HEIGHT="1805"
                       WIDTH="506"
                       VPOS="142"
                       HPOS="734">
               <Shape>
                  <Polygon POINTS="734,142 1240,142 1240,1947 734,1947"/>
               </Shape>
               <TextLine ID="line_1611678739540_70"
                         BASELINE="234"
                         HEIGHT="53"
                         WIDTH="497"
                         VPOS="181"
                         HPOS="748">
                  <String HEIGHT="53"
                          WIDTH="109"
                          VPOS="181"
                          HPOS="738"
                          CONTENT="tantur,"/>
                  <SP HEIGHT="53" WIDTH="10" VPOS="181" HPOS="847"/>
                  <String HEIGHT="53"
                          WIDTH="119"
                          VPOS="181"
                          HPOS="818"
                          CONTENT="soluant,"/>
                  <SP HEIGHT="53" WIDTH="10" VPOS="181" HPOS="937"/>
                  <String HEIGHT="53" WIDTH="60" VPOS="181" HPOS="907" CONTENT="et"/>
                  <SP HEIGHT="53" WIDTH="10" VPOS="181" HPOS="967"/>
                  <String HEIGHT="53" WIDTH="80" VPOS="181" HPOS="937" CONTENT="quae"/>
                  <SP HEIGHT="53" WIDTH="10" VPOS="181" HPOS="1016"/>
                  <String HEIGHT="53"
                          WIDTH="169"
                          VPOS="181"
                          HPOS="987"
                          CONTENT="vniversaliter"/>
                  <SP HEIGHT="53" WIDTH="10" VPOS="181" HPOS="1156"/>
                  <String HEIGHT="53"
                          WIDTH="89"
                          VPOS="181"
                          HPOS="1126"
                          CONTENT="iesse"/>
                  <SP HEIGHT="53" WIDTH="10" VPOS="181" HPOS="1215"/>
                  <String HEIGHT="53"
                          WIDTH="70"
                          VPOS="181"
                          HPOS="1175"
                          CONTENT="loco,"/>
               </TextLine>
               <TextLine ID="r2l5"
                         BASELINE="268"
                         HEIGHT="44"
                         WIDTH="491"
                         VPOS="224"
                         HPOS="743">
                  <String HEIGHT="44"
                          WIDTH="164"
                          VPOS="224"
                          HPOS="728"
                          CONTENT="insint."/>
                  <SP HEIGHT="44" WIDTH="15" VPOS="224" HPOS="892"/>
                  <String HEIGHT="44" WIDTH="74" VPOS="224" HPOS="847" CONTENT="&amp;"/>
                  <SP HEIGHT="44" WIDTH="15" VPOS="224" HPOS="922"/>
                  <String HEIGHT="44"
                          WIDTH="179"
                          VPOS="224"
                          HPOS="877"
                          CONTENT="amplius,"/>
                  <SP HEIGHT="44" WIDTH="15" VPOS="224" HPOS="1055"/>
                  <String HEIGHT="44"
                          WIDTH="119"
                          VPOS="224"
                          HPOS="1011"
                          CONTENT="ipsa"/>
                  <SP HEIGHT="44" WIDTH="15" VPOS="224" HPOS="1130"/>
                  <String HEIGHT="44"
                          WIDTH="164"
                          VPOS="224"
                          HPOS="1070"
                          CONTENT="difficul"
                          SUBS_TYPE="HypPart1"
                          SUBS_CONTENT="difficultatis,"/>
                  <HYP CONTENT="-"/>
               </TextLine>
               <TextLine ID="r2l7"
                         BASELINE="319"
                         HEIGHT="51"
                         WIDTH="478"
                         VPOS="268"
                         HPOS="748">
                  <String HEIGHT="51"
                          WIDTH="145"
                          VPOS="268"
                          HPOS="734"
                          CONTENT="tatis,"
                          SUBS_TYPE="HypPart2"
                          SUBS_CONTENT="difficultatis,"/>
                  <SP HEIGHT="51" WIDTH="14" VPOS="268" HPOS="878"/>
                  <String HEIGHT="51" WIDTH="72" VPOS="268" HPOS="835" CONTENT="&amp;"/>
                  <SP HEIGHT="51" WIDTH="14" VPOS="268" HPOS="907"/>
                  <String HEIGHT="51"
                          WIDTH="145"
                          VPOS="268"
                          HPOS="864"
                          CONTENT="earum,"/>
                  <SP HEIGHT="51" WIDTH="14" VPOS="268" HPOS="1009"/>
                  <String HEIGHT="51"
                          WIDTH="116"
                          VPOS="268"
                          HPOS="965"
                          CONTENT="quae"/>
                  <SP HEIGHT="51" WIDTH="14" VPOS="268" HPOS="1081"/>
                  <String HEIGHT="51"
                          WIDTH="130"
                          VPOS="268"
                          HPOS="1038"
                          CONTENT="circa"/>
                  <SP HEIGHT="51" WIDTH="14" VPOS="268" HPOS="1168"/>
                  <String HEIGHT="51"
                          WIDTH="116"
                          VPOS="268"
                          HPOS="1110"
                          CONTENT="ipsum,"/>
               </TextLine>
               <TextLine ID="r2l10"
                         BASELINE="354"
                         HEIGHT="47"
                         WIDTH="493"
                         VPOS="307"
                         HPOS="743">
                  <String HEIGHT="47"
                          WIDTH="254"
                          VPOS="307"
                          HPOS="727"
                          CONTENT="dubitationum"/>
                  <SP HEIGHT="47" WIDTH="16" VPOS="307" HPOS="982"/>
                  <String HEIGHT="47"
                          WIDTH="143"
                          VPOS="307"
                          HPOS="934"
                          CONTENT="causa"/>
                  <SP HEIGHT="47" WIDTH="16" VPOS="307" HPOS="1077"/>
                  <String HEIGHT="47"
                          WIDTH="127"
                          VPOS="307"
                          HPOS="1029"
                          CONTENT="erit"/>
                  <SP HEIGHT="47" WIDTH="16" VPOS="307" HPOS="1156"/>
                  <String HEIGHT="47"
                          WIDTH="143"
                          VPOS="307"
                          HPOS="1093"
                          CONTENT="manife"
                          SUBS_TYPE="HypPart1"
                          SUBS_CONTENT="manifesta."/>
                  <HYP CONTENT="-"/>
               </TextLine>
               <TextLine ID="r2l13"
                         BASELINE="394"
                         HEIGHT="44"
                         WIDTH="500"
                         VPOS="350"
                         HPOS="738">
                  <String HEIGHT="44"
                          WIDTH="138"
                          VPOS="350"
                          HPOS="721"
                          CONTENT="sta."
                          SUBS_TYPE="HypPart2"
                          SUBS_CONTENT="manifesta."/>
                  <SP HEIGHT="44" WIDTH="17" VPOS="350" HPOS="859"/>
                  <String HEIGHT="44" WIDTH="121" VPOS="350" HPOS="807" CONTENT="sic"/>
                  <SP HEIGHT="44" WIDTH="17" VPOS="350" HPOS="928"/>
                  <String HEIGHT="44"
                          WIDTH="138"
                          VPOS="350"
                          HPOS="876"
                          CONTENT="enim"/>
                  <SP HEIGHT="44" WIDTH="17" VPOS="350" HPOS="1014"/>
                  <String HEIGHT="44"
                          WIDTH="259"
                          VPOS="350"
                          HPOS="962"
                          CONTENT="pulcherrime"/>
                  <SP HEIGHT="44" WIDTH="17" VPOS="350" HPOS="1221"/>
                  <String HEIGHT="44"
                          WIDTH="86"
                          VPOS="350"
                          HPOS="1152"
                          CONTENT="de"
                          SUBS_TYPE="HypPart1"
                          SUBS_CONTENT="demonstrabitur"/>
                  <HYP CONTENT="-"/>
               </TextLine>
               <TextLine ID="r2l17"
                         BASELINE="444"
                         HEIGHT="48"
                         WIDTH="486"
                         VPOS="396"
                         HPOS="745">
                  <String HEIGHT="48"
                          WIDTH="311"
                          VPOS="396"
                          HPOS="726"
                          CONTENT="monstrabitur"
                          SUBS_TYPE="HypPart2"
                          SUBS_CONTENT="demonstrabitur"/>
                  <SP HEIGHT="48" WIDTH="19" VPOS="396" HPOS="1037"/>
                  <String HEIGHT="48"
                          WIDTH="272"
                          VPOS="396"
                          HPOS="959"
                          CONTENT="vnumquodque."/>
               </TextLine>
               <TextLine ID="r2l20"
                         BASELINE="499"
                         HEIGHT="55"
                         WIDTH="452"
                         VPOS="444"
                         HPOS="789">
                  <String HEIGHT="55"
                          WIDTH="166"
                          VPOS="444"
                          HPOS="774"
                          CONTENT="Oportet"/>
                  <SP HEIGHT="55" WIDTH="15" VPOS="444" HPOS="940"/>
                  <String HEIGHT="55"
                          WIDTH="151"
                          VPOS="444"
                          HPOS="894"
                          CONTENT="igitur"/>
                  <SP HEIGHT="55" WIDTH="15" VPOS="444" HPOS="1045"/>
                  <String HEIGHT="55"
                          WIDTH="105"
                          VPOS="444"
                          HPOS="1000"
                          CONTENT="nos"/>
                  <SP HEIGHT="55" WIDTH="15" VPOS="444" HPOS="1105"/>
                  <String HEIGHT="55"
                          WIDTH="151"
                          VPOS="444"
                          HPOS="1060"
                          CONTENT="ponere"/>
                  <SP HEIGHT="55" WIDTH="15" VPOS="444" HPOS="1211"/>
                  <String HEIGHT="55"
                          WIDTH="90"
                          VPOS="444"
                          HPOS="1151"
                          CONTENT="con"
                          SUBS_TYPE="HypPart1"
                          SUBS_CONTENT="consyderationem"/>
                  <HYP CONTENT="-"/>
               </TextLine>
               <TextLine ID="r2l22"
                         BASELINE="541"
                         HEIGHT="60"
                         WIDTH="499"
                         VPOS="481"
                         HPOS="742">
                  <String HEIGHT="60"
                          WIDTH="222"
                          VPOS="481"
                          HPOS="728"
                          CONTENT="syderationem"
                          SUBS_TYPE="HypPart2"
                          SUBS_CONTENT="consyderationem"/>
                  <SP HEIGHT="60" WIDTH="14" VPOS="481" HPOS="950"/>
                  <String HEIGHT="60" WIDTH="83" VPOS="481" HPOS="908" CONTENT="de"/>
                  <SP HEIGHT="60" WIDTH="14" VPOS="481" HPOS="992"/>
                  <String HEIGHT="60"
                          WIDTH="180"
                          VPOS="481"
                          HPOS="950"
                          CONTENT="caeteris,"/>
                  <SP HEIGHT="60" WIDTH="14" VPOS="481" HPOS="1130"/>
                  <String HEIGHT="60"
                          WIDTH="111"
                          VPOS="481"
                          HPOS="1089"
                          CONTENT="ita,"/>
                  <SP HEIGHT="60" WIDTH="14" VPOS="481" HPOS="1199"/>
                  <String HEIGHT="60"
                          WIDTH="111"
                          VPOS="481"
                          HPOS="1158"
                          CONTENT="quod"/>
                  <SP HEIGHT="60" WIDTH="14" VPOS="481" HPOS="1269"/>
                  <String HEIGHT="60" WIDTH="28" VPOS="481" HPOS="1213" CONTENT=""/>
               </TextLine>
               <TextLine ID="r2l24"
                         BASELINE="594"
                         HEIGHT="67"
                         WIDTH="492"
                         VPOS="527"
                         HPOS="743">
                  <String HEIGHT="67"
                          WIDTH="104"
                          VPOS="527"
                          HPOS="730"
                          CONTENT="ista"/>
                  <SP HEIGHT="67" WIDTH="13" VPOS="527" HPOS="834"/>
                  <String HEIGHT="67"
                          WIDTH="104"
                          VPOS="527"
                          HPOS="795"
                          CONTENT="sint"/>
                  <SP HEIGHT="67" WIDTH="13" VPOS="527" HPOS="898"/>
                  <String HEIGHT="67"
                          WIDTH="129"
                          VPOS="527"
                          HPOS="860"
                          CONTENT="posita"/>
                  <SP HEIGHT="67" WIDTH="13" VPOS="527" HPOS="989"/>
                  <String HEIGHT="67"
                          WIDTH="129"
                          VPOS="527"
                          HPOS="950"
                          CONTENT="nobis."/>
                  <SP HEIGHT="67" WIDTH="13" VPOS="527" HPOS="1080"/>
                  <String HEIGHT="67" WIDTH="78" VPOS="527" HPOS="1041" CONTENT="Et"/>
                  <SP HEIGHT="67" WIDTH="13" VPOS="527" HPOS="1118"/>
                  <String HEIGHT="67"
                          WIDTH="142"
                          VPOS="527"
                          HPOS="1080"
                          CONTENT="oportet"/>
                  <SP HEIGHT="67" WIDTH="13" VPOS="527" HPOS="1222"/>
                  <String HEIGHT="67" WIDTH="65" VPOS="527" HPOS="1170" CONTENT="nos"/>
               </TextLine>
               <TextLine ID="r2l27"
                         BASELINE="634"
                         HEIGHT="56"
                         WIDTH="492"
                         VPOS="578"
                         HPOS="738">
                  <String HEIGHT="56"
                          WIDTH="178"
                          VPOS="578"
                          HPOS="724"
                          CONTENT="quaerere,"/>
                  <SP HEIGHT="56" WIDTH="14" VPOS="578" HPOS="902"/>
                  <String HEIGHT="56" WIDTH="82" VPOS="578" HPOS="861" CONTENT="vt"/>
                  <SP HEIGHT="56" WIDTH="14" VPOS="578" HPOS="943"/>
                  <String HEIGHT="56"
                          WIDTH="219"
                          VPOS="578"
                          HPOS="902"
                          CONTENT="perscrutatio"/>
                  <SP HEIGHT="56" WIDTH="14" VPOS="578" HPOS="1121"/>
                  <String HEIGHT="56"
                          WIDTH="137"
                          VPOS="578"
                          HPOS="1080"
                          CONTENT="nostra"/>
                  <SP HEIGHT="56" WIDTH="14" VPOS="578" HPOS="1216"/>
                  <String HEIGHT="56" WIDTH="68" VPOS="578" HPOS="1162" CONTENT="sit"/>
               </TextLine>
               <TextLine ID="r2l29"
                         BASELINE="685"
                         HEIGHT="61"
                         WIDTH="497"
                         VPOS="624"
                         HPOS="742">
                  <String HEIGHT="61"
                          WIDTH="146"
                          VPOS="624"
                          HPOS="727"
                          CONTENT="talis,"/>
                  <SP HEIGHT="61" WIDTH="15" VPOS="624" HPOS="874"/>
                  <String HEIGHT="61" WIDTH="88" VPOS="624" HPOS="830" CONTENT="vt"/>
                  <SP HEIGHT="61" WIDTH="15" VPOS="624" HPOS="917"/>
                  <String HEIGHT="61" WIDTH="102" VPOS="624" HPOS="874" CONTENT="per"/>
                  <SP HEIGHT="61" WIDTH="15" VPOS="624" HPOS="976"/>
                  <String HEIGHT="61"
                          WIDTH="132"
                          VPOS="624"
                          HPOS="932"
                          CONTENT="illam"/>
                  <SP HEIGHT="61" WIDTH="15" VPOS="624" HPOS="1064"/>
                  <String HEIGHT="61"
                          WIDTH="205"
                          VPOS="624"
                          HPOS="1020"
                          CONTENT="compleatur"/>
                  <SP HEIGHT="61" WIDTH="15" VPOS="624" HPOS="1224"/>
                  <String HEIGHT="61"
                          WIDTH="73"
                          VPOS="624"
                          HPOS="1166"
                          CONTENT="lo"
                          SUBS_TYPE="HypPart1"
                          SUBS_CONTENT="locus"/>
                  <HYP CONTENT="-"/>
               </TextLine>
               <TextLine ID="r2l31"
                         BASELINE="738"
                         HEIGHT="64"
                         WIDTH="490"
                         VPOS="674"
                         HPOS="745">
                  <String HEIGHT="64"
                          WIDTH="93"
                          VPOS="674"
                          HPOS="732"
                          CONTENT="cus"
                          SUBS_TYPE="HypPart2"
                          SUBS_CONTENT="locus"/>
                  <SP HEIGHT="64" WIDTH="13" VPOS="674" HPOS="824"/>
                  <String HEIGHT="64"
                          WIDTH="106"
                          VPOS="674"
                          HPOS="785"
                          CONTENT="quid"/>
                  <SP HEIGHT="64" WIDTH="13" VPOS="674" HPOS="891"/>
                  <String HEIGHT="64"
                          WIDTH="106"
                          VPOS="674"
                          HPOS="851"
                          CONTENT="sit,"/>
                  <SP HEIGHT="64" WIDTH="13" VPOS="674" HPOS="957"/>
                  <String HEIGHT="64"
                          WIDTH="106"
                          VPOS="674"
                          HPOS="917"
                          CONTENT="ita,"/>
                  <SP HEIGHT="64" WIDTH="13" VPOS="674" HPOS="1023"/>
                  <String HEIGHT="64"
                          WIDTH="106"
                          VPOS="674"
                          HPOS="983"
                          CONTENT="quod"/>
                  <SP HEIGHT="64" WIDTH="13" VPOS="674" HPOS="1089"/>
                  <String HEIGHT="64"
                          WIDTH="119"
                          VPOS="674"
                          HPOS="1050"
                          CONTENT="omnes"/>
                  <SP HEIGHT="64" WIDTH="13" VPOS="674" HPOS="1169"/>
                  <String HEIGHT="64"
                          WIDTH="119"
                          VPOS="674"
                          HPOS="1116"
                          CONTENT="quodnes"/>
               </TextLine>
               <TextLine ID="r2l33"
                         BASELINE="782"
                         HEIGHT="64"
                         WIDTH="496"
                         VPOS="718"
                         HPOS="741">
                  <String HEIGHT="64"
                          WIDTH="241"
                          VPOS="718"
                          HPOS="727"
                          CONTENT="dissoluantur,"/>
                  <SP HEIGHT="64" WIDTH="14" VPOS="718" HPOS="968"/>
                  <String HEIGHT="64" WIDTH="71" VPOS="718" HPOS="925" CONTENT="&amp;"/>
                  <SP HEIGHT="64" WIDTH="14" VPOS="718" HPOS="996"/>
                  <String HEIGHT="64"
                          WIDTH="128"
                          VPOS="718"
                          HPOS="954"
                          CONTENT="illa,"/>
                  <SP HEIGHT="64" WIDTH="14" VPOS="718" HPOS="1081"/>
                  <String HEIGHT="64" WIDTH="99" VPOS="718" HPOS="1039" CONTENT="qui"/>
                  <SP HEIGHT="64" WIDTH="14" VPOS="718" HPOS="1138"/>
                  <String HEIGHT="64"
                          WIDTH="156"
                          VPOS="718"
                          HPOS="1081"
                          CONTENT="existiman"/>
               </TextLine>
               <TextLine ID="line_1611678739542_72"
                         BASELINE="836"
                         HEIGHT="67"
                         WIDTH="506"
                         VPOS="769"
                         HPOS="739">
                  <String HEIGHT="67" WIDTH="104" VPOS="769" HPOS="724" CONTENT="tur"/>
                  <SP HEIGHT="67" WIDTH="15" VPOS="769" HPOS="828"/>
                  <String HEIGHT="67"
                          WIDTH="119"
                          VPOS="769"
                          HPOS="784"
                          CONTENT="esse"/>
                  <SP HEIGHT="67" WIDTH="15" VPOS="769" HPOS="903"/>
                  <String HEIGHT="67" WIDTH="104" VPOS="769" HPOS="858" CONTENT="ei,"/>
                  <SP HEIGHT="67" WIDTH="15" VPOS="769" HPOS="962"/>
                  <String HEIGHT="67"
                          WIDTH="134"
                          VPOS="769"
                          HPOS="918"
                          CONTENT="sint,"/>
                  <SP HEIGHT="67" WIDTH="15" VPOS="769" HPOS="1052"/>
                  <String HEIGHT="67" WIDTH="74" VPOS="769" HPOS="1007" CONTENT="&amp;"/>
                  <SP HEIGHT="67" WIDTH="15" VPOS="769" HPOS="1081"/>
                  <String HEIGHT="67"
                          WIDTH="179"
                          VPOS="769"
                          HPOS="1037"
                          CONTENT="appareat"/>
                  <SP HEIGHT="67" WIDTH="15" VPOS="769" HPOS="1215"/>
                  <String HEIGHT="67"
                          WIDTH="89"
                          VPOS="769"
                          HPOS="1156"
                          CONTENT="cum."/>
               </TextLine>
               <TextLine ID="r2l38"
                         BASELINE="867"
                         HEIGHT="50"
                         WIDTH="504"
                         VPOS="817"
                         HPOS="736">
                  <String HEIGHT="50" WIDTH="101" VPOS="817" HPOS="722" CONTENT="hoc"/>
                  <SP HEIGHT="50" WIDTH="14" VPOS="817" HPOS="822"/>
                  <String HEIGHT="50"
                          WIDTH="130"
                          VPOS="817"
                          HPOS="779"
                          CONTENT="causa"/>
                  <SP HEIGHT="50" WIDTH="14" VPOS="817" HPOS="909"/>
                  <String HEIGHT="50"
                          WIDTH="245"
                          VPOS="817"
                          HPOS="866"
                          CONTENT="difficultatis"/>
                  <SP HEIGHT="50" WIDTH="14" VPOS="817" HPOS="1110"/>
                  <String HEIGHT="50"
                          WIDTH="130"
                          VPOS="817"
                          HPOS="1067"
                          CONTENT="eius,"/>
                  <SP HEIGHT="50" WIDTH="14" VPOS="817" HPOS="1197"/>
                  <String HEIGHT="50" WIDTH="72" VPOS="817" HPOS="1154" CONTENT="&amp;"/>
                  <SP HEIGHT="50" WIDTH="14" VPOS="817" HPOS="1226"/>
                  <String HEIGHT="50" WIDTH="86" VPOS="817" HPOS="1182" CONTENT="in"/>
                  <SP HEIGHT="50" WIDTH="14" VPOS="817" HPOS="1269"/>
                  <String HEIGHT="50" WIDTH="29" VPOS="817" HPOS="1211" CONTENT=""/>
               </TextLine>
               <TextLine ID="r2l40"
                         BASELINE="936"
                         HEIGHT="71"
                         WIDTH="489"
                         VPOS="865"
                         HPOS="742">
                  <String HEIGHT="71"
                          WIDTH="252"
                          VPOS="865"
                          HPOS="727"
                          CONTENT="quaestionibus"/>
                  <SP HEIGHT="71" WIDTH="15" VPOS="865" HPOS="979"/>
                  <String HEIGHT="71"
                          WIDTH="237"
                          VPOS="865"
                          HPOS="935"
                          CONTENT="accidentibus"/>
                  <SP HEIGHT="71" WIDTH="15" VPOS="865" HPOS="1172"/>
                  <String HEIGHT="71" WIDTH="89" VPOS="865" HPOS="1127" CONTENT="in"/>
                  <SP HEIGHT="71" WIDTH="15" VPOS="865" HPOS="1216"/>
                  <String HEIGHT="71" WIDTH="74" VPOS="865" HPOS="1157" CONTENT="eo."/>
               </TextLine>
               <TextLine ID="r2l42"
                         BASELINE="979"
                         HEIGHT="66"
                         WIDTH="489"
                         VPOS="913"
                         HPOS="738">
                  <String HEIGHT="66" WIDTH="107" VPOS="913" HPOS="723" CONTENT="hoc"/>
                  <SP HEIGHT="66" WIDTH="15" VPOS="913" HPOS="830"/>
                  <String HEIGHT="66"
                          WIDTH="153"
                          VPOS="913"
                          HPOS="784"
                          CONTENT="igitur"/>
                  <SP HEIGHT="66" WIDTH="15" VPOS="913" HPOS="937"/>
                  <String HEIGHT="66"
                          WIDTH="122"
                          VPOS="913"
                          HPOS="891"
                          CONTENT="modo"/>
                  <SP HEIGHT="66" WIDTH="15" VPOS="913" HPOS="1013"/>
                  <String HEIGHT="66"
                          WIDTH="245"
                          VPOS="913"
                          HPOS="967"
                          CONTENT="declarabitur"/>
                  <SP HEIGHT="66" WIDTH="15" VPOS="913" HPOS="1212"/>
                  <String HEIGHT="66" WIDTH="76" VPOS="913" HPOS="1151" CONTENT="sua"/>
               </TextLine>
               <TextLine ID="r2l45"
                         BASELINE="1022"
                         HEIGHT="59"
                         WIDTH="252"
                         VPOS="963"
                         HPOS="739">
                  <String HEIGHT="59"
                          WIDTH="193"
                          VPOS="963"
                          HPOS="724"
                          CONTENT="definitio"/>
                  <SP HEIGHT="59" WIDTH="15" VPOS="963" HPOS="917"/>
                  <String HEIGHT="59"
                          WIDTH="133"
                          VPOS="963"
                          HPOS="858"
                          CONTENT="melius."/>
               </TextLine>
               <TextLine ID="r2l47"
                         BASELINE="1065"
                         HEIGHT="52"
                         WIDTH="446"
                         VPOS="1013"
                         HPOS="780">
                  <String HEIGHT="52" WIDTH="98" VPOS="1013" HPOS="766" CONTENT="Cum"/>
                  <SP HEIGHT="52" WIDTH="14" VPOS="1013" HPOS="864"/>
                  <String HEIGHT="52"
                          WIDTH="195"
                          VPOS="1013"
                          HPOS="822"
                          CONTENT="declarauit"/>
                  <SP HEIGHT="52" WIDTH="14" VPOS="1013" HPOS="1017"/>
                  <String HEIGHT="52"
                          WIDTH="112"
                          VPOS="1013"
                          HPOS="975"
                          CONTENT="quod"/>
                  <SP HEIGHT="52" WIDTH="14" VPOS="1013" HPOS="1087"/>
                  <String HEIGHT="52"
                          WIDTH="153"
                          VPOS="1013"
                          HPOS="1045"
                          CONTENT="oportet"/>
                  <SP HEIGHT="52" WIDTH="14" VPOS="1013" HPOS="1198"/>
                  <String HEIGHT="52"
                          WIDTH="84"
                          VPOS="1013"
                          HPOS="1142"
                          CONTENT="pone"/>
               </TextLine>
               <TextLine ID="r2l49"
                         BASELINE="1102"
                         HEIGHT="53"
                         WIDTH="492"
                         VPOS="1049"
                         HPOS="741">
                  <String HEIGHT="53" WIDTH="82" VPOS="1049" HPOS="727" CONTENT="re"/>
                  <SP HEIGHT="53" WIDTH="14" VPOS="1049" HPOS="809"/>
                  <String HEIGHT="53"
                          WIDTH="191"
                          VPOS="1049"
                          HPOS="768"
                          CONTENT="principium"/>
                  <SP HEIGHT="53" WIDTH="14" VPOS="1049" HPOS="960"/>
                  <String HEIGHT="53"
                          WIDTH="260"
                          VPOS="1049"
                          HPOS="919"
                          CONTENT="persciutationis"/>
                  <SP HEIGHT="53" WIDTH="14" VPOS="1049" HPOS="1178"/>
                  <String HEIGHT="53" WIDTH="82" VPOS="1049" HPOS="1137" CONTENT="de"/>
                  <SP HEIGHT="53" WIDTH="14" VPOS="1049" HPOS="1219"/>
                  <String HEIGHT="53"
                          WIDTH="68"
                          VPOS="1049"
                          HPOS="1165"
                          CONTENT="lo"
                          SUBS_TYPE="HypPart1"
                          SUBS_CONTENT="loco"/>
                  <HYP CONTENT="-"/>
               </TextLine>
               <TextLine ID="r2l51"
                         BASELINE="1131"
                         HEIGHT="44"
                         WIDTH="481"
                         VPOS="1087"
                         HPOS="744">
                  <String HEIGHT="44"
                          WIDTH="72"
                          VPOS="1087"
                          HPOS="732"
                          CONTENT="co"
                          SUBS_TYPE="HypPart2"
                          SUBS_CONTENT="loco"/>
                  <SP HEIGHT="44" WIDTH="12" VPOS="1087" HPOS="804"/>
                  <String HEIGHT="44" WIDTH="60" VPOS="1087" HPOS="768" CONTENT="a"/>
                  <SP HEIGHT="44" WIDTH="12" VPOS="1087" HPOS="828"/>
                  <String HEIGHT="44"
                          WIDTH="168"
                          VPOS="1087"
                          HPOS="792"
                          CONTENT="principiis"/>
                  <SP HEIGHT="44" WIDTH="12" VPOS="1087" HPOS="960"/>
                  <String HEIGHT="44"
                          WIDTH="108"
                          VPOS="1087"
                          HPOS="924"
                          CONTENT="notis"/>
                  <SP HEIGHT="44" WIDTH="12" VPOS="1087" HPOS="1033"/>
                  <String HEIGHT="44"
                          WIDTH="192"
                          VPOS="1087"
                          HPOS="997"
                          CONTENT="naturaliter,"/>
                  <SP HEIGHT="44" WIDTH="12" VPOS="1087" HPOS="1189"/>
                  <String HEIGHT="44" WIDTH="72" VPOS="1087" HPOS="1153" CONTENT="de"/>
                  <SP HEIGHT="44" WIDTH="12" VPOS="1087" HPOS="1225"/>
                  <String HEIGHT="44" WIDTH="48" VPOS="1087" HPOS="1177" CONTENT="in"/>
               </TextLine>
               <TextLine ID="r2l53"
                         BASELINE="1181"
                         HEIGHT="55"
                         WIDTH="484"
                         VPOS="1126"
                         HPOS="739">
                  <String HEIGHT="55" WIDTH="78" VPOS="1126" HPOS="726" CONTENT="de"/>
                  <SP HEIGHT="55" WIDTH="13" VPOS="1126" HPOS="804"/>
                  <String HEIGHT="55" WIDTH="92" VPOS="1126" HPOS="765" CONTENT="cum"/>
                  <SP HEIGHT="55" WIDTH="13" VPOS="1126" HPOS="857"/>
                  <String HEIGHT="55"
                          WIDTH="170"
                          VPOS="1126"
                          HPOS="817"
                          CONTENT="numerauit"/>
                  <SP HEIGHT="55" WIDTH="13" VPOS="1126" HPOS="988"/>
                  <String HEIGHT="55"
                          WIDTH="118"
                          VPOS="1126"
                          HPOS="948"
                          CONTENT="illa,"/>
                  <SP HEIGHT="55" WIDTH="13" VPOS="1126" HPOS="1066"/>
                  <String HEIGHT="55"
                          WIDTH="144"
                          VPOS="1126"
                          HPOS="1027"
                          CONTENT="icoepit"/>
                  <SP HEIGHT="55" WIDTH="13" VPOS="1126" HPOS="1171"/>
                  <String HEIGHT="55"
                          WIDTH="105"
                          VPOS="1126"
                          HPOS="1118"
                          CONTENT="decla"
                          SUBS_TYPE="HypPart1"
                          SUBS_CONTENT="declarare"/>
                  <HYP CONTENT="-"/>
               </TextLine>
               <TextLine ID="r2l55"
                         BASELINE="1218"
                         HEIGHT="53"
                         WIDTH="496"
                         VPOS="1165"
                         HPOS="738">
                  <String HEIGHT="53"
                          WIDTH="102"
                          VPOS="1165"
                          HPOS="725"
                          CONTENT="rare"
                          SUBS_TYPE="HypPart2"
                          SUBS_CONTENT="declarare"/>
                  <SP HEIGHT="53" WIDTH="13" VPOS="1165" HPOS="827"/>
                  <String HEIGHT="53"
                          WIDTH="165"
                          VPOS="1165"
                          HPOS="789"
                          CONTENT="cuiusmodi"/>
                  <SP HEIGHT="53" WIDTH="13" VPOS="1165" HPOS="954"/>
                  <String HEIGHT="53" WIDTH="89" VPOS="1165" HPOS="916" CONTENT="ops"/>
                  <SP HEIGHT="53" WIDTH="13" VPOS="1165" HPOS="1005"/>
                  <String HEIGHT="53"
                          WIDTH="102"
                          VPOS="1165"
                          HPOS="967"
                          CONTENT="esse"/>
                  <SP HEIGHT="53" WIDTH="13" VPOS="1165" HPOS="1069"/>
                  <String HEIGHT="53"
                          WIDTH="178"
                          VPOS="1165"
                          HPOS="1031"
                          CONTENT="dehionnem,"/>
                  <SP HEIGHT="53" WIDTH="13" VPOS="1165" HPOS="1209"/>
                  <String HEIGHT="53"
                          WIDTH="76"
                          VPOS="1165"
                          HPOS="1158"
                          CONTENT="quam"/>
               </TextLine>
               <TextLine ID="r2l57"
                         BASELINE="1247"
                         HEIGHT="40"
                         WIDTH="484"
                         VPOS="1207"
                         HPOS="741">
                  <String HEIGHT="40"
                          WIDTH="144"
                          VPOS="1207"
                          HPOS="728"
                          CONTENT="nititur"/>
                  <SP HEIGHT="40" WIDTH="13" VPOS="1207" HPOS="872"/>
                  <String HEIGHT="40"
                          WIDTH="105"
                          VPOS="1207"
                          HPOS="833"
                          CONTENT="dare"/>
                  <SP HEIGHT="40" WIDTH="13" VPOS="1207" HPOS="937"/>
                  <String HEIGHT="40"
                          WIDTH="105"
                          VPOS="1207"
                          HPOS="898"
                          CONTENT="loco"/>
                  <SP HEIGHT="40" WIDTH="13" VPOS="1207" HPOS="1003"/>
                  <String HEIGHT="40" WIDTH="78" VPOS="1207" HPOS="963" CONTENT="ex"/>
                  <SP HEIGHT="40" WIDTH="13" VPOS="1207" HPOS="1042"/>
                  <String HEIGHT="40"
                          WIDTH="118"
                          VPOS="1207"
                          HPOS="1003"
                          CONTENT="istis"/>
                  <SP HEIGHT="40" WIDTH="13" VPOS="1207" HPOS="1120"/>
                  <String HEIGHT="40"
                          WIDTH="131"
                          VPOS="1207"
                          HPOS="1081"
                          CONTENT="rebus."/>
                  <SP HEIGHT="40" WIDTH="13" VPOS="1207" HPOS="1212"/>
                  <String HEIGHT="40"
                          WIDTH="65"
                          VPOS="1207"
                          HPOS="1160"
                          CONTENT="cum"/>
               </TextLine>
               <TextLine ID="r2l59"
                         BASELINE="1295"
                         HEIGHT="50"
                         WIDTH="490"
                         VPOS="1245"
                         HPOS="739">
                  <String HEIGHT="50" WIDTH="82" VPOS="1245" HPOS="727" CONTENT="hoc"/>
                  <SP HEIGHT="50" WIDTH="12" VPOS="1245" HPOS="809"/>
                  <String HEIGHT="50"
                          WIDTH="93"
                          VPOS="1245"
                          HPOS="774"
                          CONTENT="enim"/>
                  <SP HEIGHT="50" WIDTH="12" VPOS="1245" HPOS="867"/>
                  <String HEIGHT="50"
                          WIDTH="93"
                          VPOS="1245"
                          HPOS="832"
                          CONTENT="quod"/>
                  <SP HEIGHT="50" WIDTH="12" VPOS="1245" HPOS="926"/>
                  <String HEIGHT="50"
                          WIDTH="152"
                          VPOS="1245"
                          HPOS="891"
                          CONTENT="definitio"/>
                  <SP HEIGHT="50" WIDTH="12" VPOS="1245" HPOS="1042"/>
                  <String HEIGHT="50"
                          WIDTH="82"
                          VPOS="1245"
                          HPOS="1007"
                          CONTENT="dat"/>
                  <SP HEIGHT="50" WIDTH="12" VPOS="1245" HPOS="1089"/>
                  <String HEIGHT="50"
                          WIDTH="163"
                          VPOS="1245"
                          HPOS="1054"
                          CONTENT="quiditatem"/>
                  <SP HEIGHT="50" WIDTH="12" VPOS="1245" HPOS="1217"/>
                  <String HEIGHT="50"
                          WIDTH="58"
                          VPOS="1245"
                          HPOS="1171"
                          CONTENT="lo"
                          SUBS_TYPE="HypPart1"
                          SUBS_CONTENT="loco,"/>
                  <HYP CONTENT="-"/>
               </TextLine>
               <TextLine ID="r2l61"
                         BASELINE="1338"
                         HEIGHT="45"
                         WIDTH="477"
                         VPOS="1293"
                         HPOS="744">
                  <String HEIGHT="45"
                          WIDTH="95"
                          VPOS="1293"
                          HPOS="730"
                          CONTENT="co,"
                          SUBS_TYPE="HypPart2"
                          SUBS_CONTENT="loco,"/>
                  <SP HEIGHT="45" WIDTH="14" VPOS="1293" HPOS="826"/>
                  <String HEIGHT="45"
                          WIDTH="123"
                          VPOS="1293"
                          HPOS="785"
                          CONTENT="debet"/>
                  <SP HEIGHT="45" WIDTH="14" VPOS="1293" HPOS="908"/>
                  <String HEIGHT="45"
                          WIDTH="136"
                          VPOS="1293"
                          HPOS="867"
                          CONTENT="habere"/>
                  <SP HEIGHT="45" WIDTH="14" VPOS="1293" HPOS="1003"/>
                  <String HEIGHT="45"
                          WIDTH="109"
                          VPOS="1293"
                          HPOS="962"
                          CONTENT="tria"/>
                  <SP HEIGHT="45" WIDTH="14" VPOS="1293" HPOS="1071"/>
                  <String HEIGHT="45"
                          WIDTH="164"
                          VPOS="1293"
                          HPOS="1030"
                          CONTENT="propria,"/>
                  <SP HEIGHT="45" WIDTH="14" VPOS="1293" HPOS="1194"/>
                  <String HEIGHT="45"
                          WIDTH="82"
                          VPOS="1293"
                          HPOS="1139"
                          CONTENT="quo"
                          SUBS_TYPE="HypPart1"
                          SUBS_CONTENT="quorum"/>
                  <HYP CONTENT="-"/>
               </TextLine>
               <TextLine ID="r2l63"
                         BASELINE="1362"
                         HEIGHT="40"
                         WIDTH="480"
                         VPOS="1322"
                         HPOS="738">
                  <String HEIGHT="40"
                          WIDTH="86"
                          VPOS="1322"
                          HPOS="726"
                          CONTENT="rum"
                          SUBS_TYPE="HypPart2"
                          SUBS_CONTENT="quorum"/>
                  <SP HEIGHT="40" WIDTH="12" VPOS="1322" HPOS="812"/>
                  <String HEIGHT="40"
                          WIDTH="98"
                          VPOS="1322"
                          HPOS="775"
                          CONTENT="vnum"/>
                  <SP HEIGHT="40" WIDTH="12" VPOS="1322" HPOS="873"/>
                  <String HEIGHT="40"
                          WIDTH="98"
                          VPOS="1322"
                          HPOS="836"
                          CONTENT="est,"/>
                  <SP HEIGHT="40" WIDTH="12" VPOS="1322" HPOS="935"/>
                  <String HEIGHT="40" WIDTH="74" VPOS="1322" HPOS="898" CONTENT="vt"/>
                  <SP HEIGHT="40" WIDTH="12" VPOS="1322" HPOS="972"/>
                  <String HEIGHT="40" WIDTH="86" VPOS="1322" HPOS="935" CONTENT="per"/>
                  <SP HEIGHT="40" WIDTH="12" VPOS="1322" HPOS="1021"/>
                  <String HEIGHT="40"
                          WIDTH="111"
                          VPOS="1322"
                          HPOS="984"
                          CONTENT="illam"/>
                  <SP HEIGHT="40" WIDTH="12" VPOS="1322" HPOS="1095"/>
                  <String HEIGHT="40"
                          WIDTH="172"
                          VPOS="1322"
                          HPOS="1046"
                          CONTENT="dissoluantur"/>
               </TextLine>
               <TextLine ID="line_1611678693172_50"
                         BASELINE="1410"
                         HEIGHT="46"
                         WIDTH="475"
                         VPOS="1364"
                         HPOS="744">
                  <String HEIGHT="46"
                          WIDTH="141"
                          VPOS="1364"
                          HPOS="731"
                          CONTENT="quodnes"/>
                  <SP HEIGHT="46" WIDTH="13" VPOS="1364" HPOS="872"/>
                  <String HEIGHT="46"
                          WIDTH="180"
                          VPOS="1364"
                          HPOS="834"
                          CONTENT="accidentes"/>
                  <SP HEIGHT="46" WIDTH="13" VPOS="1364" HPOS="1014"/>
                  <String HEIGHT="46" WIDTH="77" VPOS="1364" HPOS="975" CONTENT="in"/>
                  <SP HEIGHT="46" WIDTH="13" VPOS="1364" HPOS="1052"/>
                  <String HEIGHT="46"
                          WIDTH="90"
                          VPOS="1364"
                          HPOS="1014"
                          CONTENT="eo,"/>
                  <SP HEIGHT="46" WIDTH="13" VPOS="1364" HPOS="1103"/>
                  <String HEIGHT="46"
                          WIDTH="154"
                          VPOS="1364"
                          HPOS="1065"
                          CONTENT="Secundum"/>
                  <SP HEIGHT="46" WIDTH="13" VPOS="1364" HPOS="1219"/>
                  <String HEIGHT="46" WIDTH="51" VPOS="1364" HPOS="1168" CONTENT="ve"/>
               </TextLine>
               <TextLine ID="line_1611678697005_55"
                         BASELINE="1442"
                         HEIGHT="44"
                         WIDTH="477"
                         VPOS="1398"
                         HPOS="742">
                  <String HEIGHT="44" WIDTH="86" VPOS="1398" HPOS="730" CONTENT="ro,"/>
                  <SP HEIGHT="44" WIDTH="12" VPOS="1398" HPOS="815"/>
                  <String HEIGHT="44" WIDTH="73" VPOS="1398" HPOS="779" CONTENT="vt"/>
                  <SP HEIGHT="44" WIDTH="12" VPOS="1398" HPOS="852"/>
                  <String HEIGHT="44" WIDTH="86" VPOS="1398" HPOS="815" CONTENT="per"/>
                  <SP HEIGHT="44" WIDTH="12" VPOS="1398" HPOS="901"/>
                  <String HEIGHT="44"
                          WIDTH="110"
                          VPOS="1398"
                          HPOS="864"
                          CONTENT="illam"/>
                  <SP HEIGHT="44" WIDTH="12" VPOS="1398" HPOS="974"/>
                  <String HEIGHT="44"
                          WIDTH="147"
                          VPOS="1398"
                          HPOS="938"
                          CONTENT="appareat"/>
                  <SP HEIGHT="44" WIDTH="12" VPOS="1398" HPOS="1084"/>
                  <String HEIGHT="44"
                          WIDTH="110"
                          VPOS="1398"
                          HPOS="1048"
                          CONTENT="causa"/>
                  <SP HEIGHT="44" WIDTH="12" VPOS="1398" HPOS="1158"/>
                  <String HEIGHT="44"
                          WIDTH="98"
                          VPOS="1398"
                          HPOS="1121"
                          CONTENT="esse"/>
                  <SP HEIGHT="44" WIDTH="12" VPOS="1398" HPOS="1219"/>
                  <String HEIGHT="44" WIDTH="49" VPOS="1398" HPOS="1170" CONTENT="re"/>
               </TextLine>
               <TextLine ID="line_1611678704009_60"
                         BASELINE="1482"
                         HEIGHT="46"
                         WIDTH="487"
                         VPOS="1436"
                         HPOS="740">
                  <String HEIGHT="46" WIDTH="79" VPOS="1436" HPOS="729" CONTENT="rum"/>
                  <SP HEIGHT="46" WIDTH="11" VPOS="1436" HPOS="808"/>
                  <String HEIGHT="46"
                          WIDTH="170"
                          VPOS="1436"
                          HPOS="774"
                          CONTENT="existentium"/>
                  <SP HEIGHT="46" WIDTH="11" VPOS="1436" HPOS="944"/>
                  <String HEIGHT="46" WIDTH="68" VPOS="1436" HPOS="910" CONTENT="in"/>
                  <SP HEIGHT="46" WIDTH="11" VPOS="1436" HPOS="978"/>
                  <String HEIGHT="46"
                          WIDTH="91"
                          VPOS="1436"
                          HPOS="944"
                          CONTENT="loco"/>
                  <SP HEIGHT="46" WIDTH="11" VPOS="1436" HPOS="1034"/>
                  <String HEIGHT="46"
                          WIDTH="79"
                          VPOS="1436"
                          HPOS="1000"
                          CONTENT="per"/>
                  <SP HEIGHT="46" WIDTH="11" VPOS="1436" HPOS="1080"/>
                  <String HEIGHT="46"
                          WIDTH="113"
                          VPOS="1436"
                          HPOS="1046"
                          CONTENT="sensum"/>
                  <SP HEIGHT="46" WIDTH="11" VPOS="1436" HPOS="1159"/>
                  <String HEIGHT="46"
                          WIDTH="113"
                          VPOS="1436"
                          HPOS="1114"
                          CONTENT="scilicet"/>
               </TextLine>
               <TextLine ID="r2l74"
                         BASELINE="1522"
                         HEIGHT="38"
                         WIDTH="475"
                         VPOS="1484"
                         HPOS="740">
                  <String HEIGHT="38" WIDTH="83" VPOS="1484" HPOS="728" CONTENT="cam"/>
                  <SP HEIGHT="38" WIDTH="12" VPOS="1484" HPOS="811"/>
                  <String HEIGHT="38"
                          WIDTH="119"
                          VPOS="1484"
                          HPOS="776"
                          CONTENT="omnium"/>
                  <SP HEIGHT="38" WIDTH="12" VPOS="1484" HPOS="894"/>
                  <String HEIGHT="38"
                          WIDTH="178"
                          VPOS="1484"
                          HPOS="859"
                          CONTENT="accidentium"/>
                  <SP HEIGHT="38" WIDTH="12" VPOS="1484" HPOS="1037"/>
                  <String HEIGHT="38"
                          WIDTH="178"
                          VPOS="1484"
                          HPOS="1001"
                          CONTENT="sensibilium"/>
                  <SP HEIGHT="38" WIDTH="12" VPOS="1484" HPOS="1179"/>
                  <String HEIGHT="38" WIDTH="71" VPOS="1484" HPOS="1144" CONTENT="in"/>
                  <SP HEIGHT="38" WIDTH="12" VPOS="1484" HPOS="1215"/>
                  <String HEIGHT="38" WIDTH="48" VPOS="1484" HPOS="1168" CONTENT="eo"/>
               </TextLine>
               <TextLine ID="r2l76"
                         BASELINE="1566"
                         HEIGHT="50"
                         WIDTH="478"
                         VPOS="1516"
                         HPOS="744">
                  <String HEIGHT="50"
                          WIDTH="191"
                          VPOS="1516"
                          HPOS="732"
                          CONTENT="definitiones"/>
                  <SP HEIGHT="50" WIDTH="12" VPOS="1516" HPOS="923"/>
                  <String HEIGHT="50"
                          WIDTH="96"
                          VPOS="1516"
                          HPOS="887"
                          CONTENT="enim"/>
                  <SP HEIGHT="50" WIDTH="12" VPOS="1516" HPOS="983"/>
                  <String HEIGHT="50"
                          WIDTH="155"
                          VPOS="1516"
                          HPOS="947"
                          CONTENT="completae"/>
                  <SP HEIGHT="50" WIDTH="12" VPOS="1516" HPOS="1103"/>
                  <String HEIGHT="50"
                          WIDTH="131"
                          VPOS="1516"
                          HPOS="1067"
                          CONTENT="innata:"/>
                  <SP HEIGHT="50" WIDTH="12" VPOS="1516" HPOS="1198"/>
                  <String HEIGHT="50"
                          WIDTH="72"
                          VPOS="1516"
                          HPOS="1150"
                          CONTENT="sunt"/>
               </TextLine>
               <TextLine ID="r2l78"
                         BASELINE="1596"
                         HEIGHT="41"
                         WIDTH="482"
                         VPOS="1555"
                         HPOS="741">
                  <String HEIGHT="41"
                          WIDTH="143"
                          VPOS="1555"
                          HPOS="728"
                          CONTENT="ieddere"/>
                  <SP HEIGHT="41" WIDTH="13" VPOS="1555" HPOS="871"/>
                  <String HEIGHT="41"
                          WIDTH="130"
                          VPOS="1555"
                          HPOS="832"
                          CONTENT="causam"/>
                  <SP HEIGHT="41" WIDTH="13" VPOS="1555" HPOS="962"/>
                  <String HEIGHT="41"
                          WIDTH="130"
                          VPOS="1555"
                          HPOS="923"
                          CONTENT="omnium"/>
                  <SP HEIGHT="41" WIDTH="13" VPOS="1555" HPOS="1054"/>
                  <String HEIGHT="41"
                          WIDTH="182"
                          VPOS="1555"
                          HPOS="1015"
                          CONTENT="accidentiu"/>
                  <SP HEIGHT="41" WIDTH="13" VPOS="1555" HPOS="1197"/>
                  <String HEIGHT="41"
                          WIDTH="78"
                          VPOS="1555"
                          HPOS="1145"
                          CONTENT="exi"
                          SUBS_TYPE="HypPart1"
                          SUBS_CONTENT="existentium"/>
                  <HYP CONTENT="-"/>
               </TextLine>
               <TextLine ID="r2l80"
                         BASELINE="1636"
                         HEIGHT="42"
                         WIDTH="477"
                         VPOS="1594"
                         HPOS="742">
                  <String HEIGHT="42"
                          WIDTH="130"
                          VPOS="1594"
                          HPOS="731"
                          CONTENT="stentium"
                          SUBS_TYPE="HypPart2"
                          SUBS_CONTENT="existentium"/>
                  <SP HEIGHT="42" WIDTH="11" VPOS="1594" HPOS="861"/>
                  <String HEIGHT="42" WIDTH="65" VPOS="1594" HPOS="829" CONTENT="in"/>
                  <SP HEIGHT="42" WIDTH="11" VPOS="1594" HPOS="894"/>
                  <String HEIGHT="42" WIDTH="76" VPOS="1594" HPOS="861" CONTENT="re,"/>
                  <SP HEIGHT="42" WIDTH="11" VPOS="1594" HPOS="937"/>
                  <String HEIGHT="42" WIDTH="76" VPOS="1594" HPOS="905" CONTENT="sed"/>
                  <SP HEIGHT="42" WIDTH="11" VPOS="1594" HPOS="981"/>
                  <String HEIGHT="42" WIDTH="76" VPOS="1594" HPOS="948" CONTENT="non"/>
                  <SP HEIGHT="42" WIDTH="11" VPOS="1594" HPOS="1024"/>
                  <String HEIGHT="42"
                          WIDTH="163"
                          VPOS="1594"
                          HPOS="991"
                          CONTENT="conuertitur"/>
                  <SP HEIGHT="42" WIDTH="11" VPOS="1594" HPOS="1154"/>
                  <String HEIGHT="42"
                          WIDTH="108"
                          VPOS="1594"
                          HPOS="1111"
                          CONTENT="scilicet"/>
               </TextLine>
               <TextLine ID="r2l82"
                         BASELINE="1675"
                         HEIGHT="42"
                         WIDTH="485"
                         VPOS="1633"
                         HPOS="742">
                  <String HEIGHT="42"
                          WIDTH="114"
                          VPOS="1633"
                          HPOS="732"
                          CONTENT="quoniam"/>
                  <SP HEIGHT="42" WIDTH="10" VPOS="1633" HPOS="845"/>
                  <String HEIGHT="42" WIDTH="72" VPOS="1633" HPOS="814" CONTENT="non"/>
                  <SP HEIGHT="42" WIDTH="10" VPOS="1633" HPOS="886"/>
                  <String HEIGHT="42"
                          WIDTH="93"
                          VPOS="1633"
                          HPOS="856"
                          CONTENT="omne,"/>
                  <SP HEIGHT="42" WIDTH="10" VPOS="1633" HPOS="948"/>
                  <String HEIGHT="42" WIDTH="62" VPOS="1633" HPOS="917" CONTENT="ex"/>
                  <SP HEIGHT="42" WIDTH="10" VPOS="1633" HPOS="979"/>
                  <String HEIGHT="42" WIDTH="72" VPOS="1633" HPOS="948" CONTENT="quo"/>
                  <SP HEIGHT="42" WIDTH="10" VPOS="1633" HPOS="1021"/>
                  <String HEIGHT="42"
                          WIDTH="134"
                          VPOS="1633"
                          HPOS="990"
                          CONTENT="redduntur"/>
                  <SP HEIGHT="42" WIDTH="10" VPOS="1633" HPOS="1124"/>
                  <String HEIGHT="42"
                          WIDTH="103"
                          VPOS="1633"
                          HPOS="1093"
                          CONTENT="emamae"/>
                  <SP HEIGHT="42" WIDTH="10" VPOS="1633" HPOS="1196"/>
                  <String HEIGHT="42"
                          WIDTH="72"
                          VPOS="1633"
                          HPOS="1155"
                          CONTENT="acci"
                          SUBS_TYPE="HypPart1"
                          SUBS_CONTENT="accidem"/>
                  <HYP CONTENT="-"/>
               </TextLine>
               <TextLine ID="r2l84"
                         BASELINE="1714"
                         HEIGHT="44"
                         WIDTH="478"
                         VPOS="1670"
                         HPOS="747">
                  <String HEIGHT="44"
                          WIDTH="78"
                          VPOS="1670"
                          HPOS="736"
                          CONTENT="dem"
                          SUBS_TYPE="HypPart2"
                          SUBS_CONTENT="accidem"/>
                  <SP HEIGHT="44" WIDTH="11" VPOS="1670" HPOS="814"/>
                  <String HEIGHT="44"
                          WIDTH="89"
                          VPOS="1670"
                          HPOS="780"
                          CONTENT="ium,"/>
                  <SP HEIGHT="44" WIDTH="11" VPOS="1670" HPOS="869"/>
                  <String HEIGHT="44" WIDTH="78" VPOS="1670" HPOS="836" CONTENT="est"/>
                  <SP HEIGHT="44" WIDTH="11" VPOS="1670" HPOS="914"/>
                  <String HEIGHT="44"
                          WIDTH="89"
                          VPOS="1670"
                          HPOS="880"
                          CONTENT="vera"/>
                  <SP HEIGHT="44" WIDTH="11" VPOS="1670" HPOS="969"/>
                  <String HEIGHT="44"
                          WIDTH="156"
                          VPOS="1670"
                          HPOS="936"
                          CONTENT="definitio."/>
                  <SP HEIGHT="44" WIDTH="11" VPOS="1670" HPOS="1092"/>
                  <String HEIGHT="44" WIDTH="56" VPOS="1670" HPOS="1058" CONTENT="&amp;"/>
                  <SP HEIGHT="44" WIDTH="11" VPOS="1670" HPOS="1114"/>
                  <String HEIGHT="44"
                          WIDTH="89"
                          VPOS="1670"
                          HPOS="1080"
                          CONTENT="ideo"/>
                  <SP HEIGHT="44" WIDTH="11" VPOS="1670" HPOS="1169"/>
                  <String HEIGHT="44"
                          WIDTH="100"
                          VPOS="1670"
                          HPOS="1125"
                          CONTENT="existi"
                          SUBS_TYPE="HypPart1"
                          SUBS_CONTENT="existimatur"/>
                  <HYP CONTENT="-"/>
               </TextLine>
               <TextLine ID="r2l85"
                         BASELINE="1754"
                         HEIGHT="46"
                         WIDTH="476"
                         VPOS="1708"
                         HPOS="745">
                  <String HEIGHT="46"
                          WIDTH="102"
                          VPOS="1708"
                          HPOS="734"
                          CONTENT="matur"
                          SUBS_TYPE="HypPart2"
                          SUBS_CONTENT="existimatur"/>
                  <SP HEIGHT="46" WIDTH="11" VPOS="1708" HPOS="836"/>
                  <String HEIGHT="46"
                          WIDTH="91"
                          VPOS="1708"
                          HPOS="802"
                          CONTENT="quod"/>
                  <SP HEIGHT="46" WIDTH="11" VPOS="1708" HPOS="892"/>
                  <String HEIGHT="46"
                          WIDTH="91"
                          VPOS="1708"
                          HPOS="858"
                          CONTENT="haec"/>
                  <SP HEIGHT="46" WIDTH="11" VPOS="1708" HPOS="949"/>
                  <String HEIGHT="46" WIDTH="79" VPOS="1708" HPOS="915" CONTENT="est"/>
                  <SP HEIGHT="46" WIDTH="11" VPOS="1708" HPOS="994"/>
                  <String HEIGHT="46"
                          WIDTH="113"
                          VPOS="1708"
                          HPOS="960"
                          CONTENT="regula"/>
                  <SP HEIGHT="46" WIDTH="11" VPOS="1708" HPOS="1074"/>
                  <String HEIGHT="46"
                          WIDTH="147"
                          VPOS="1708"
                          HPOS="1040"
                          CONTENT="destruens"/>
                  <SP HEIGHT="46" WIDTH="11" VPOS="1708" HPOS="1187"/>
                  <String HEIGHT="46"
                          WIDTH="79"
                          VPOS="1708"
                          HPOS="1142"
                          CONTENT="defi"
                          SUBS_TYPE="HypPart1"
                          SUBS_CONTENT="definitiones,"/>
                  <HYP CONTENT="-"/>
               </TextLine>
               <TextLine ID="r2l87"
                         BASELINE="1794"
                         HEIGHT="45"
                         WIDTH="485"
                         VPOS="1749"
                         HPOS="741">
                  <String HEIGHT="45"
                          WIDTH="154"
                          VPOS="1749"
                          HPOS="729"
                          CONTENT="nitiones,"
                          SUBS_TYPE="HypPart2"
                          SUBS_CONTENT="definitiones,"/>
                  <SP HEIGHT="45" WIDTH="12" VPOS="1749" HPOS="883"/>
                  <String HEIGHT="45" WIDTH="83" VPOS="1749" HPOS="847" CONTENT="non"/>
                  <SP HEIGHT="45" WIDTH="12" VPOS="1749" HPOS="930"/>
                  <String HEIGHT="45"
                          WIDTH="177"
                          VPOS="1749"
                          HPOS="895"
                          CONTENT="verificans."/>
                  <SP HEIGHT="45" WIDTH="12" VPOS="1749" HPOS="1072"/>
                  <String HEIGHT="45" WIDTH="71" VPOS="1749" HPOS="1037" CONTENT="Et"/>
                  <SP HEIGHT="45" WIDTH="12" VPOS="1749" HPOS="1108"/>
                  <String HEIGHT="45"
                          WIDTH="83"
                          VPOS="1749"
                          HPOS="1072"
                          CONTENT="hoc"/>
                  <SP HEIGHT="45" WIDTH="12" VPOS="1749" HPOS="1155"/>
                  <String HEIGHT="45"
                          WIDTH="118"
                          VPOS="1749"
                          HPOS="1108"
                          CONTENT="intende"
                          SUBS_TYPE="HypPart1"
                          SUBS_CONTENT="intendebat,"/>
                  <HYP CONTENT="-"/>
               </TextLine>
               <TextLine ID="r2l89"
                         BASELINE="1826"
                         HEIGHT="39"
                         WIDTH="484"
                         VPOS="1787"
                         HPOS="742">
                  <String HEIGHT="39"
                          WIDTH="94"
                          VPOS="1787"
                          HPOS="730"
                          CONTENT="bat,"
                          SUBS_TYPE="HypPart2"
                          SUBS_CONTENT="intendebat,"/>
                  <SP HEIGHT="39" WIDTH="12" VPOS="1787" HPOS="825"/>
                  <String HEIGHT="39" WIDTH="83" VPOS="1787" HPOS="789" CONTENT="cum"/>
                  <SP HEIGHT="39" WIDTH="12" VPOS="1787" HPOS="872"/>
                  <String HEIGHT="39"
                          WIDTH="118"
                          VPOS="1787"
                          HPOS="836"
                          CONTENT="dixit:"/>
                  <SP HEIGHT="39" WIDTH="12" VPOS="1787" HPOS="954"/>
                  <String HEIGHT="39" WIDTH="59" VPOS="1787" HPOS="919" CONTENT="&amp;"/>
                  <SP HEIGHT="39" WIDTH="12" VPOS="1787" HPOS="978"/>
                  <String HEIGHT="39"
                          WIDTH="106"
                          VPOS="1787"
                          HPOS="943"
                          CONTENT="illa,"/>
                  <SP HEIGHT="39" WIDTH="12" VPOS="1787" HPOS="1049"/>
                  <String HEIGHT="39"
                          WIDTH="94"
                          VPOS="1787"
                          HPOS="1014"
                          CONTENT="quae"/>
                  <SP HEIGHT="39" WIDTH="12" VPOS="1787" HPOS="1108"/>
                  <String HEIGHT="39"
                          WIDTH="165"
                          VPOS="1787"
                          HPOS="1061"
                          CONTENT="existimantur"/>
               </TextLine>
               <TextLine ID="r2l91"
                         BASELINE="1875"
                         HEIGHT="48"
                         WIDTH="478"
                         VPOS="1827"
                         HPOS="749">
                  <String HEIGHT="48"
                          WIDTH="89"
                          VPOS="1827"
                          HPOS="738"
                          CONTENT="esse"/>
                  <SP HEIGHT="48" WIDTH="11" VPOS="1827" HPOS="827"/>
                  <String HEIGHT="48" WIDTH="67" VPOS="1827" HPOS="793" CONTENT="in"/>
                  <SP HEIGHT="48" WIDTH="11" VPOS="1827" HPOS="860"/>
                  <String HEIGHT="48" WIDTH="67" VPOS="1827" HPOS="827" CONTENT="eo"/>
                  <SP HEIGHT="48" WIDTH="11" VPOS="1827" HPOS="894"/>
                  <String HEIGHT="48"
                          WIDTH="89"
                          VPOS="1827"
                          HPOS="860"
                          CONTENT="sunt"/>
                  <SP HEIGHT="48" WIDTH="11" VPOS="1827" HPOS="949"/>
                  <String HEIGHT="48"
                          WIDTH="133"
                          VPOS="1827"
                          HPOS="916"
                          CONTENT="scilicet"/>
                  <SP HEIGHT="48" WIDTH="11" VPOS="1827" HPOS="1049"/>
                  <String HEIGHT="48" WIDTH="67" VPOS="1827" HPOS="1016" CONTENT="de"/>
                  <SP HEIGHT="48" WIDTH="11" VPOS="1827" HPOS="1082"/>
                  <String HEIGHT="48"
                          WIDTH="111"
                          VPOS="1827"
                          HPOS="1049"
                          CONTENT="causis"/>
                  <SP HEIGHT="48" WIDTH="11" VPOS="1827" HPOS="1160"/>
                  <String HEIGHT="48"
                          WIDTH="111"
                          VPOS="1827"
                          HPOS="1116"
                          CONTENT="apparen"
                          SUBS_TYPE="HypPart1"
                          SUBS_CONTENT="apparentium."/>
                  <HYP CONTENT="-"/>
               </TextLine>
               <TextLine ID="r2l93"
                         BASELINE="1923"
                         HEIGHT="54"
                         WIDTH="483"
                         VPOS="1869"
                         HPOS="739">
                  <String HEIGHT="54"
                          WIDTH="117"
                          VPOS="1869"
                          HPOS="726"
                          CONTENT="tium."
                          SUBS_TYPE="HypPart2"
                          SUBS_CONTENT="apparentium."/>
                  <SP HEIGHT="54" WIDTH="13" VPOS="1869" HPOS="843"/>
                  <String HEIGHT="54"
                          WIDTH="144"
                          VPOS="1869"
                          HPOS="804"
                          CONTENT="Tertium"/>
                  <SP HEIGHT="54" WIDTH="13" VPOS="1869" HPOS="948"/>
                  <String HEIGHT="54"
                          WIDTH="104"
                          VPOS="1869"
                          HPOS="909"
                          CONTENT="vero"/>
                  <SP HEIGHT="54" WIDTH="13" VPOS="1869" HPOS="1013"/>
                  <String HEIGHT="54"
                          WIDTH="157"
                          VPOS="1869"
                          HPOS="974"
                          CONTENT="proprium"/>
                  <SP HEIGHT="54" WIDTH="13" VPOS="1869" HPOS="1131"/>
                  <String HEIGHT="54"
                          WIDTH="91"
                          VPOS="1869"
                          HPOS="1091"
                          CONTENT="est"/>
                  <SP HEIGHT="54" WIDTH="13" VPOS="1869" HPOS="1183"/>
                  <String HEIGHT="54" WIDTH="78" VPOS="1869" HPOS="1144" CONTENT="vt"/>
                  <SP HEIGHT="54" WIDTH="13" VPOS="1869" HPOS="1222"/>
                  <String HEIGHT="54" WIDTH="52" VPOS="1869" HPOS="1170" CONTENT="ex"/>
               </TextLine>
            </TextBlock>
         </PrintSpace>
      </Page>
   </Layout>
</alto>
