1416 2066
173 180 150 54 quoniam
283 180 136 54 mutant
378 180 136 54 locum:
474 180 109 54 tota
542 180 109 54 vero
596 180 96 54 sphae

182 220 93 46 ra
228 220 109 46 non
290 220 140 46 mutat
383 220 155 46 locum,
492 220 93 46 vt
523 220 171 46 existima-

188 268 107 38 tur:
255 268 80 38 Et
295 268 134 38 Arist.
388 268 161 38 declarat
509 268 80 38 in
549 268 134 38 vltimo
629 268 67 38 sex

187 302 93 52 ti,
240 302 107 52 quod
307 302 147 52 sphaera
414 302 120 52 mutat
494 302 120 52 locum
560 302 134 52 secundum

182 341 145 45 formam,
287 341 92 45 non
340 341 159 45 secundum
459 341 185 45 subiectum,
605 341 79 45 vt
631 341 66 45 de-

190 376 158 42 clarabit
309 376 79 42 in
348 376 106 42 illo
414 376 119 42 loco.
493 376 79 42 Et
520 376 171 42 existimauit

181 420 146 38 Auice.
284 420 117 38 quod
357 420 146 38 motus,
460 420 103 38 qui
518 420 132 38 mutat
591 420 103 38 locum

180 456 83 42 in
222 456 138 42 forma,
319 456 97 42 non
374 456 83 42 in
415 456 180 42 subiecto,
554 456 97 42 est
595 456 97 42 motus

183 495 81 45 in
224 495 122 45 situ.
305 495 68 45 &
333 495 95 45 hic
387 495 95 45 est
441 495 122 45 error
509 495 176 45 manifestus,

189 533 63 55 &
215 533 165 55 intelligo
342 533 89 55 per
392 533 127 55 formam
481 533 102 55 hoc,
545 533 102 55 quid
595 533 102 55 trans-

187 577 136 41 fertur
282 577 122 41 circa
364 577 163 41 conuexum
486 577 136 41 centri
581 577 81 41 ex
608 577 81 41 con-

193 613 111 51 uexo
262 613 180 51 perfectae
401 613 221 51 rotunditatis
580 613 83 51 ad
608 613 83 51 con-

194 652 113 50 uexum
270 652 163 50 perfectae
395 652 213 50 rotunditatis:
571 652 88 50 cum
609 652 75 50 con-

188 693 145 45 uexum,
289 693 188 45 diuidatur
434 693 87 45 in
477 693 130 45 multa
549 693 145 45 conuexa,

187 727 126 54 quorum
276 727 201 54 vnumqueneque
439 727 88 54 est
490 727 164 54 perfectae
603 727 88 54 conue

191 774 146 47 xitatis,
300 774 61 47 &
325 774 207 47 rotunditatis.
495 774 85 47 Est
543 774 122 47 igitur
616 774 73 47 vnum

192 806 156 45 secundum
309 806 182 45 subiectum,
453 806 91 45 non
505 806 156 45 secundum
609 806 78 45 for-

191 845 114 45 mam.
262 845 71 45 &
290 845 114 45 ideo
362 845 199 45 translatio
518 845 171 45 corporis
632 845 57 45 ro

188 886 116 37 tundi
265 886 154 37 secundum
381 886 116 37 totum
458 886 116 37 circa
523 886 167 37 totalitatem

191 925 136 37 centri,
289 925 86 37 est
339 925 136 37 mutatio
437 925 99 37 loci
499 925 148 37 secundum
597 925 99 37 formam

197 965 103 48 eius,
265 965 80 48 non
311 965 137 48 secundum
414 965 160 48 subiectum.
540 965 69 48 &,
574 965 92 48 quia
620 965 69 48 isti

193 1001 205 48 translationi
359 1001 141 48 accidit
462 1001 179 48 diuersitas
590 1001 102 48 situs,

191 1044 121 50 ilicet
276 1044 97 50 itus
336 1044 121 50 totius
421 1044 146 50 sphaerae
530 1044 73 50 ad
567 1044 109 50 totum
627 1044 61 50 cen

188 1079 125 45 trum,
271 1079 152 45 vocauit
382 1079 125 45 ipsum
465 1079 125 45 Auic.
535 1079 152 45 situalem,

186 1120 73 51 &
216 1120 146 51 dicere
318 1120 132 51 motum
406 1120 117 51 esse
479 1120 190 51 situalem,
610 1120 88 51 quia

192 1158 153 44 mutatur
303 1158 83 44 de
345 1158 111 44 situ
414 1158 83 44 in
456 1158 139 44 situm,
553 1158 97 44 est
595 1158 97 44 aliud

194 1194 37 18 rus

193 1197 94 55 qua
246 1197 135 55 dicere
341 1197 121 55 motum
422 1197 108 55 esse
489 1197 175 55 situalem,
610 1197 81 55 quia

195 1235 67 53 e
221 1235 80 53 in
262 1235 107 53 ipso
329 1235 121 53 situ.
409 1235 80 53 Et
449 1235 94 53 hoc
503 1235 174 53 ignoraui:
623 1235 67 53 Aui

194 1277 111 51 cen,
264 1277 97 51 aut
319 1277 153 51 vitiose
430 1277 181 51 protulit.
569 1277 83 51 Et
597 1277 97 51 mouit

197 1317 138 50 ipsum
289 1317 92 50 ad
335 1317 184 50 dicendum
472 1317 123 50 hoc,
549 1317 123 50 quod
610 1317 77 50 di-

190 1349 86 60 xit
239 1349 136 60 Alexan.
338 1349 99 60 quod
400 1349 111 60 orbis
474 1349 161 60 stellatus
597 1349 86 60 non
634 1349 62 60 est

184 1393 86 55 in
227 1393 115 55 loco
298 1393 100 55 per
355 1393 100 55 se,
413 1393 129 55 neque
499 1393 100 55 per
542 1393 157 55 accidens,

188 1434 73 44 &
217 1434 116 44 quod
289 1434 116 44 iste
362 1434 131 44 motus
449 1434 102 44 non
507 1434 102 44 est
565 1434 87 44 in
594 1434 102 44 loco-

187 1473 77 42 &
217 1473 123 42 quod
294 1473 107 42 non
355 1473 107 42 est
416 1473 230 42 translatio.
600 1473 77 42 &
615 1473 77 42 hoc

194 1510 127 53 totum
279 1510 127 53 nihil
349 1510 85 53 est.

226 1565 100 53 Et
276 1565 184 53 propter
410 1565 117 53 hoc
477 1565 151 53 omnia
578 1565 100 53 in
611 1565 84 53 coe

185 1612 92 56 lo
231 1612 138 56 sunt.
323 1612 154 56 coelum
431 1612 123 56 enim
508 1612 138 56 ipsum
584 1612 108 56 totum

186 1652 178 48 fortasse
320 1652 119 48 est.
394 1652 104 48 Est
453 1652 134 48 autem
543 1652 134 48 locus
617 1652 74 48 non

187 1699 167 47 coelum,
308 1699 106 47 sed
369 1699 137 47 coeli
460 1699 182 47 quiddam,
582 1699 106 47 vlti-

185 1736 100 42 mus
242 1736 171 42 scilicet
370 1736 71 42 &
398 1736 142 42 tagens
498 1736 142 42 mobile
583 1736 114 42 corpus

187 1780 212 53 terminus
346 1780 247 53 quiescens.
540 1780 88 53 &
576 1780 106 53 ob
611 1780 88 53 hoc

187 1820 146 55 terra
284 1820 162 55 quidem
397 1820 97 55 in
446 1820 130 55 aqua
527 1820 130 55 est,
592 1820 97 55 haec

191 1864 120 58 vero
266 1864 90 58 in
311 1864 135 58 aere,
401 1864 105 58 hic
460 1864 135 58 autem
550 1864 90 58 in
580 1864 120 58 aethe

703 181 106 59 re,
763 181 76 59 &
794 181 166 59 aether,
915 181 91 59 in
960 181 151 59 coelo,
1066 181 151 59 coelum
1156 181 76 59 au-

708 229 113 53 tem
772 229 113 53 non
837 229 177 53 amplius
966 229 97 53 in
1014 229 129 53 alio
1078 229 97 53 est.

753 277 92 53 Et
799 277 168 53 propter
921 277 107 53 hoc
982 277 137 53 omnia
1073 277 137 53 erunt
1165 277 92 53 in

706 316 145 62 coelo.
808 316 160 62 videtur
924 316 116 62 enim
997 316 116 62 quod
1069 316 145 62 coelum
1156 316 73 62 est

703 364 152 62 totum.
809 364 91 62 Et
854 364 152 62 coelum
961 364 106 62 non
1021 364 106 62 est
1082 364 91 62 in
1112 364 91 62 loco

706 412 101 63 sed
763 412 158 63 aliquid
878 412 86 63 ex
921 412 144 63 coelo,
1022 412 72 63 &
1051 412 101 63 est
1094 412 129 63 vltimum

706 468 115 61 eius
778 468 202 61 contangens
936 468 101 61 cor
994 468 115 61 pus,
1066 468 115 61 quod
1124 468 101 61 habet

701 512 165 58 moueri.
821 512 75 58 &
851 512 120 58 ideo
926 512 135 58 terra
1017 512 105 58 est
1077 512 90 58 in
1107 512 105 58 aqua,

708 557 80 53 &
740 557 129 53 aqua
821 557 97 53 in
869 557 145 53 aere,
965 557 80 53 &
998 557 113 53 aer
1062 557 97 53 in
1094 557 129 53 aethe-

706 605 106 53 re,
766 605 76 53 &
797 605 152 53 aether
903 605 91 53 in
948 605 152 53 coelo,
1054 605 152 53 coelum
1145 605 76 53 ve-

703 652 80 62 ro
743 652 94 62 non
796 652 94 62 est
850 652 80 62 in
890 652 134 62 aliquo
970 652 94 62 alio.

746 724 183 57 Quoniam
879 724 149 57 omnia
979 724 133 57 sunt
1062 724 100 57 in
1095 724 116 57 toto,

711 765 68 54 &
739 765 122 54 totum
820 765 95 54 est
874 765 149 54 coelum:
983 765 109 54 ergo
1051 765 122 54 omnia
1119 765 95 54 erunt

712 808 79 42 in
751 808 132 42 coelo.
844 808 66 42 &
871 808 106 42 ipse
937 808 146 42 induxit
1030 808 185 42 conclusionem

717 845 137 45 tantum,
816 845 87 45 cum
866 845 125 45 dixit:
954 845 75 45 Et
991 845 137 45 propter
1091 845 87 45 hoc
1129 845 87 45 omnia

707 892 137 46 erunt
798 892 91 46 in
844 892 152 46 coelo,
951 892 76 46 &
981 892 244 46 conuersionem
1164 892 61 46 ma

707 924 120 51 ioris
787 924 240 51 propositionis,
987 924 93 51 cum
1040 924 120 51 dixit
1107 924 120 51 videtur

717 965 100 45 enim
779 965 100 45 quod
841 965 125 45 coelum
928 965 87 45 est
978 965 125 45 totum.
1065 965 125 45 &fecit
1140 965 75 45 hoc,

708 1002 117 49 quia
781 1002 190 49 conuersio
927 1002 117 49 eius
1000 1002 102 49 est
1044 1002 175 49 manifesta,

709 1045 75 37 &
739 1045 135 37 minor
829 1045 210 37 propositio
994 1045 105 37 est
1039 1045 180 37 manifesta.

707 1078 71 45 &
735 1078 127 45 dixit
820 1078 169 45 videtur,
947 1078 113 45 quia
1003 1078 212 45 declarabitur,

719 1119 119 51 quando
802 1119 190 51 declarabitur
956 1119 95 51 quod
1015 1119 107 51 extra
1087 1119 119 51 coelum
1158 1119 59 51 non

707 1157 103 49 est
766 1157 162 49 aliquod
884 1157 147 49 corpus
987 1157 162 49 omnino.
1105 1157 118 49 D.d.
1164 1157 59 49 Et

711 1203 136 39 coelum
807 1203 95 39 non
861 1203 95 39 est
916 1203 136 39 locus,
1011 1203 95 39 &c.
1066 1203 68 39 &
1080 1203 136 39 intendit

710 1237 110 52 per
773 1237 172 52 vltimum
898 1237 219 52 contangens
1055 1237 157 52 concauum

717 1276 123 53 orhis
799 1276 137 53 lunae,
895 1276 109 53 quod
963 1276 164 53 continet
1086 1276 137 53 ignem.
1168 1276 55 53 et

711 1315 163 48 intendit
834 1315 95 48 per
888 1315 150 48 corpus,
997 1315 109 48 quod
1065 1315 123 48 habet
1147 1315 95 48 mo

711 1352 104 55 ueri,
781 1352 115 55 ignem,
861 1352 58 55 &
884 1352 150 55 intendit,
999 1352 69 55 vt
1034 1352 92 55 mihi
1080 1352 138 55 videtalitr

720 1392 89 54 quod
776 1392 100 54 habet
843 1392 112 54 moueri
921 1392 67 54 ad
954 1392 100 54 illud
1021 1392 134 54 scilicet
1122 1392 67 54 ad
1144 1392 67 54 con-

717 1431 128 47 cauum
802 1431 128 47 orbis
888 1431 142 47 lunae.
987 1431 71 47 &
1016 1431 128 47 dixit
1101 1431 114 47 hoc,
1158 1431 57 47 ne

715 1471 179 53 existimetur
858 1471 95 53 quod
917 1471 107 53 locus
989 1471 83 53 sit
1036 1471 131 53 corpus,
1132 1471 60 53 &
1144 1471 60 53 qdu

710 1509 108 54 coelum
786 1509 75 54 non
829 1509 75 54 est
872 1509 108 54 locus,
947 1509 86 54 nisi
1001 1509 129 54 secundum
1097 1509 86 54 quod
1140 1509 65 54 com.

711 1549 142 45 tinet.
810 1549 85 45 Et
853 1549 198 45 intendebat
1009 1549 128 45 etiam
1094 1549 99 45 per
1136 1549 71 45 hoc

716 1588 168 53 declarare
845 1588 103 53 quod
910 1588 129 53 illud,
1000 1588 103 53 quod
1065 1588 90 53 est
1104 1588 103 53 dictum

714 1629 76 37 in
752 1629 191 37 definitione
905 1629 102 37 loci
969 1629 165 37 inuenitur
1096 1629 102 37 esse
1146 1629 64 37 con

709 1676 148 39 ueiens
813 1676 89 39 in
857 1676 163 39 quatuor
975 1676 207 39 elementis.
1123 1676 89 39 Tter

716 1706 66 40 ra
749 1706 88 40 enim
804 1706 99 40 sicut
870 1706 110 40 dixit,
947 1706 143 40 inuenitur
1057 1706 66 40 in
1079 1706 132 40 versaliteo

714 1748 131 51 aquae,
805 1748 65 51 &
832 1748 105 51 aqua
897 1748 78 51 in
936 1748 131 51 vltimo
1028 1748 131 51 aeris,
1119 1748 65 51 &
1133 1748 78 51 aer-

712 1788 139 38 etiam,
809 1788 83 38 vt
851 1788 223 38 demonstratur
1032 1788 83 38 in
1074 1788 139 38 Coelo,
1171 1788 70 38 &

713 1825 138 41 Mundo,
810 1825 96 41 est
865 1825 83 41 in
906 1825 138 41 vltimo
1002 1825 138 41 ignis,
1099 1825 69 41 &
1113 1825 96 41 ignis

705 1862 80 44 in
745 1862 133 44 vltimo
838 1862 133 44 orbis.
931 1862 93 44 sed
984 1862 133 44 posuit
1077 1862 106 44 ista
1130 1862 80 44 hic,
