1416 2066
153 173 239 53 transferatur,
350 173 112 53 nisi
420 173 84 53 ad
462 173 183 53 Cordubam.
589 173 84 53 D.d.

166 221 242 37 transmutatio
363 221 121 37 vero
439 221 121 37 eius
514 221 91 37 ad
545 221 136 37 colorem

168 253 117 45 album
246 253 91 45 est
298 253 91 45 per
350 253 91 45 se,
402 253 78 45 i.
441 253 78 45 &,
480 253 91 45 cum
532 253 143 45 dicimus
623 253 52 45 de

164 300 144 43 aliquo
264 300 173 43 alterato
394 300 86 43 in
437 300 158 43 colore,
538 300 129 43 transmu

172 336 107 42 tari
238 336 80 42 de
278 336 120 42 nigro
359 336 80 42 ad
399 336 134 42 album,
492 336 93 42 est
545 336 93 42 per
599 336 80 42 se
639 336 67 42 &

171 368 128 35 etiam,
261 368 90 35 cum
312 368 141 35 dicimus
414 368 115 35 ipsum
491 368 179 35 transferri
619 368 51 35 ab

169 407 161 45 Hispania
289 407 81 45 ad
330 407 175 45 Cordubam,
464 407 94 45 est
518 407 94 45 per
572 407 94 45 se.
612 407 67 45 Et,

167 440 91 42 cum
219 440 182 42 declarauit
362 440 117 42 ista.
440 440 156 42 perfecit
544 440 130 42 sermonen

170 477 92 50 in
216 477 138 50 dando
308 477 154 50 summam
416 477 92 50 de
462 477 123 50 his,
539 477 123 50 quae
600 477 77 50 de-

168 517 187 38 clarauit,
312 517 86 38 vt
355 517 101 38 est
413 517 101 38 mos
470 517 86 38 in
499 517 173 38 sermonibus

176 550 274 43 demonstratiuis,
406 550 72 43 &
435 550 144 43 dixit:
522 550 144 43 Declara-

175 593 93 45 tum
228 593 93 45 est
281 593 147 45 igitur,
388 593 93 45 &c.
441 593 80 45 i.
481 593 187 45 declaratum
614 593 67 45 est

169 626 128 41 ligitur
262 626 70 41 ex
297 626 81 41 hoc
344 626 140 41 sermone,
448 626 128 41 quomodo
530 626 151 41 attribuitur

171 662 108 52 motus
243 662 84 52 ei,
291 662 72 52 ad
326 662 96 52 quid
386 662 84 52 est
434 662 143 52 secundum
542 662 108 52 ipsum
613 662 84 52 mo¬

171 709 90 29 tum,
227 709 56 29 &
249 709 134 29 secundum
350 709 146 29 accidens,
462 709 56 29 &
485 709 134 29 secundum
574 709 101 29 partem.

175 737 60 41 &
199 737 156 41 similiter
319 737 84 41 est
367 737 168 41 declaratum
498 737 132 41 quomodo
582 737 96 41 moueri

175 780 173 48 attribuitur
313 780 92 48 moto
370 780 81 48 per
416 780 81 48 se,
462 780 58 48 &
485 780 81 48 per
531 780 150 48 accidens,
635 780 35 48 &

176 816 144 46 secundum
284 816 132 46 partem:
380 816 60 46 &
404 816 84 46 quo
451 816 120 46 mouere
523 816 156 46 attribuitur

172 852 93 38 etiam
234 852 104 38 motori
306 852 73 38 per
348 852 73 38 se,
389 852 52 38 &
410 852 73 38 per
451 852 135 38 accidens,
555 852 52 38 &
565 852 104 38 secundum

175 886 139 50 partem.
276 886 76 50 Et
314 886 177 50 declaratum
453 886 88 50 est
504 886 88 50 cum
554 886 101 50 hoc,
605 886 63 50 quo

173 925 113 50 motus
249 925 88 50 non
299 925 88 50 est
349 925 88 50 per
399 925 75 50 se
437 925 75 50 in
474 925 88 50 eo,
525 925 75 50 ad
562 925 100 50 quod
612 925 63 50 est

175 961 111 46 motus,
252 961 133 46 scilicet
352 961 111 46 forma.
430 961 66 46 Et
463 961 155 46 intelligit
584 961 77 46 hic
618 961 55 46 per

171 1002 145 40 formam,
276 1002 132 40 formam
368 1002 237 40 substantialem,
566 1002 66 40 &
579 1002 92 40 quali

174 1040 121 48 tatem,
259 1040 61 48 &
283 1040 194 48 quantitatem,
441 1040 61 48 &
465 1040 97 48 vbi.
526 1040 61 48 &
550 1040 121 48 vtitur
623 1040 49 48 ea

171 1078 80 44 in
211 1078 93 44 hoc
264 1078 106 44 loco
330 1078 133 44 large,
423 1078 119 44 sicut
502 1078 119 44 fecit
569 1078 106 44 primo.

171 1113 60 50 &
195 1113 155 50 quandoque
314 1113 119 50 vtitur
397 1113 71 50 ea
433 1113 143 50 proprie,
540 1113 71 50 vt
576 1113 83 50 cum
611 1113 60 50 di-

168 1157 101 37 xit:
232 1157 114 37 forma
308 1157 101 37 enim
371 1157 89 37 non
422 1157 152 37 mouetur,
536 1157 89 37 nec
574 1157 101 37 locus,

173 1188 89 38 &c.
224 1188 64 38 &
250 1188 140 38 quoniam
352 1188 77 38 in
390 1188 89 38 hoc
441 1188 102 38 loco
505 1188 128 38 vtitur
582 1188 89 38 forma

176 1225 83 49 pro
223 1225 189 49 passionibus,
377 1225 59 49 &
401 1225 166 49 subiectis,
531 1225 59 49 &
543 1225 130 49 quandoque

180 1274 124 32 vtitur
267 1274 75 32 ea
304 1274 112 32 magis
378 1274 149 32 proprie,
490 1274 75 32 vt
527 1274 87 32 cum
577 1274 75 32 d.
602 1274 62 32 for

154 1302 101 51 mae,
217 1302 63 51 &
243 1302 176 51 passiones,
381 1302 63 51 &
406 1302 126 51 locus,
495 1302 88 51 &c.
532 1302 139 51 quandoque

178 1341 128 47 gitur
263 1341 142 47 vtitur
362 1341 128 47 forma
447 1341 142 47 laroe,
546 1341 71 47 &
561 1341 113 47 qunque

165 1373 104 52 pro
225 1373 193 52 subiectis
373 1373 163 52 tantum.
492 1373 148 52 Deinde
596 1373 89 52 d.
625 1373 45 52 &

174 1414 112 48 quod
244 1414 98 48 est
300 1414 154 48 primum,
412 1414 98 48 &c.
469 1414 70 48 &
497 1414 168 48 intendit
609 1414 70 48 hic

170 1461 112 36 per
234 1461 160 36 primum
346 1461 208 36 proximum,
505 1461 80 36 &
521 1461 160 36 essentia

168 1489 107 41 le,
229 1489 183 41 secundum
366 1489 122 41 quod
442 1489 213 41 declaratum
594 1489 76 41 est

173 1525 83 54 in
215 1525 234 54 Posterioribus
394 1525 179 54 analyticis.

209 1580 110 55 Quae
278 1580 138 55 igitur
374 1580 165 55 secundum
498 1580 165 55 accidens
608 1580 69 55 est

163 1623 161 43 mutatio
280 1623 219 43 dimittatur.
456 1623 102 43 est
514 1623 117 43 enim
587 1623 73 43 &
617 1623 88 43 in

164 1665 207 46 omnibus,
319 1665 86 46 &
354 1665 190 46 semper,
492 1665 86 46 &
509 1665 155 46 omnium,

164 1717 110 43 quae
233 1717 110 43 vero
302 1717 97 43 non
357 1717 166 43 secundum
482 1717 166 43 accidens
606 1717 97 43 non

173 1745 100 49 est
230 1745 86 49 in
273 1745 172 49 omnibus,
401 1745 100 49 sed
459 1745 86 49 in
487 1745 186 49 contrarijs,

162 1789 84 37 &
196 1789 186 37 medijs,
331 1789 84 37 &
365 1789 101 37 in
398 1789 287 37 contradictione.

695 171 125 47 Huius
779 171 125 47 autem
862 171 125 47 fides
946 171 84 47 ex
987 171 195 47 inductione
1141 171 111 47 est.
1196 171 42 47 R

689 220 107 45 Ex
743 220 160 45 medio
849 220 160 45 autem
956 220 195 45 mutatur
1098 220 107 45 vt
1133 220 71 45 ex

691 260 201 39 contrario.
848 260 143 39 vtitur
949 260 115 39 enim
1021 260 129 39 ipso,
1107 260 86 39 vt
1135 260 72 39 con

688 300 152 49 trario,
799 300 83 49 ad
841 300 180 49 vtrunque.
979 300 97 49 est
1035 300 111 49 enim
1090 300 111 49 quodam

685 348 153 33 modo
780 348 191 33 medium
914 348 172 33 ipsum
1010 348 191 33 extrema.

691 388 220 38 quapropter
864 388 79 38 &
896 388 110 38 hoc
958 388 94 38 ad
1005 388 141 38 illa,
1100 388 79 38 &
1115 388 79 38 il-

685 421 90 49 la
730 421 90 49 ad
775 421 105 49 hoc
835 421 180 49 quodammo
970 421 195 49 dicituntr
1105 421 90 49 con-

693 467 167 39 traria.
815 467 91 39 vt
860 467 137 39 media
952 467 152 39 grauis
1058 467 91 39 ad
1088 467 107 39 vlti-

684 500 112 46 mam,
754 500 84 46 et
796 500 126 46 acuta
880 500 84 46 ad
922 500 140 46 pomam.
1021 500 126 46 atque
1091 500 112 46 fuscum

690 540 123 46 album
772 540 82 46 ad
814 540 151 46 nigrum,
923 540 82 46 et
964 540 137 46 nigrum
1060 540 82 46 ad
1087 540 110 46 album.

733 580 230 62 Trasmutatio
916 580 122 62 vero
993 580 107 62 per
1039 580 153 62 accidens

687 627 169 55 omitteda
813 627 112 55 est,
884 627 112 55 quia
954 627 98 55 est
1010 627 84 55 in
1038 627 155 55 quolibet,

689 674 87 62 et
733 674 102 62 est
791 674 146 62 semper
893 674 218 62 necessario.
1068 674 116 62 Quod
1126 674 73 62 aut

687 721 93 58 non
740 721 93 58 est
793 721 93 58 per
846 721 173 58 accidens,
979 721 93 58 non
1032 721 93 58 est
1085 721 80 58 in
1111 721 80 58 quo-

684 765 145 61 libet,
785 765 101 61 sed
843 765 87 61 in
886 765 203 61 contrarus,
1046 765 72 61 &
1075 765 130 61 inter
1147 765 58 61 il

688 813 95 57 la,
743 813 81 57 et
783 813 81 57 in
824 813 258 57 contradictorus.
1041 813 81 57 Et
1082 813 95 57 hoc
1122 813 68 57 ere

687 861 143 54 ditur
783 861 96 54 ex
830 861 239 54 inductione.
1006 861 191 54 Transmuta-

696 909 92 54 tio
748 909 105 54 enim
814 909 92 54 est
866 909 79 54 ex
906 909 131 54 medio.
997 909 144 54 quoniam
1102 909 92 54 ita
1142 909 52 54 se

693 952 130 58 habet
779 952 86 58 ad
822 952 173 58 vtranque
952 952 231 58 extremitatem
1125 952 72 58 si-

690 1000 104 58 cut
750 1000 223 58 contrarium.
928 1000 148 58 medium
1032 1000 119 58 enim
1106 1000 119 58 quo¬

693 1045 161 61 damodo
805 1045 112 61 est
870 1045 112 61 duo
934 1045 193 61 extrema.
1079 1045 80 61 &
1095 1045 96 61 ideo

694 1092 184 46 dicuntur,
835 1092 99 46 cum
892 1092 212 46 comparantur
1062 1092 85 46 ad
1090 1092 99 46 illa,

688 1136 79 58 &
720 1136 110 58 cum
783 1136 126 58 illa
861 1136 220 58 comparatur
1034 1136 94 58 ad
1065 1136 126 58 illud,

696 1189 125 53 sicut
779 1189 166 53 dicuntur
904 1189 194 53 contraria.
1056 1189 111 53 v.g.
1112 1189 83 53 quo-

683 1224 132 65 niam
765 1224 165 65 neuma,
881 1224 132 65 quod
963 1224 182 65 dicitur
1079 1224 116 65 mediu

688 1276 86 60 in
731 1276 172 60 respectu
859 1276 143 60 otota,
959 1276 157 60 dicitur
1059 1276 129 60 acutum,

685 1324 76 55 &
715 1324 92 55 in
761 1324 244 55 respectuita,
959 1324 168 55 dicitur
1066 1324 122 55 graue,

690 1371 77 56 &
720 1371 138 56 color
813 1371 185 56 pallidus
951 1371 92 56 in
997 1371 185 56 respectu
1120 1371 77 56 ni-

687 1412 108 63 gri
748 1412 170 63 dicitur
872 1412 154 63 albus,
980 1412 77 63 &
1011 1412 93 63 in
1042 1412 154 63 respectu

692 1460 118 62 albi
766 1460 162 62 dicitur
869 1460 118 62 niger,

726 1524 103 38 Cum
785 1524 205 38 declarauit
946 1524 117 38 quod
1019 1524 132 38 omnis
1092 1524 103 38 motus

692 1557 185 53 constituitur
843 1557 81 53 per
889 1557 127 53 quinque
981 1557 139 53 scilicet
1074 1557 104 53 motorem

687 1596 71 43 &
715 1596 142 43 motum,
815 1596 71 43 &
843 1596 128 43 illud
929 1596 85 43 ex
971 1596 100 43 quo
1028 1596 114 43 est,
1100 1596 71 43 &
1114 1596 71 43 il-

691 1632 99 43 lud,
753 1632 74 43 ad
790 1632 99 43 quod
852 1632 99 43 est,
914 1632 62 43 &
938 1632 111 43 illud
1013 1632 74 43 in
1050 1632 87 43 quo
1099 1632 99 43 est,
1149 1632 37 43 &

698 1670 111 52 etiam
772 1670 173 52 declarauit
908 1670 99 52 quod
970 1670 161 52 vnicuique
1081 1670 111 52 istorum

692 1716 155 34 quatuor
805 1716 211 34 attribuitur
974 1716 141 34 motus,
1072 1716 99 34 aut
1129 1716 99 34 per

689 1749 82 37 se,
736 1749 82 37 aut
783 1749 82 37 per
830 1749 140 37 accidens
935 1749 140 37 scilicet
1040 1749 117 37 motor,
1122 1749 58 37 &
1134 1749 58 37 mo-

695 1783 99 44 tum,
756 1783 62 44 &
781 1783 123 44 illud,
867 1783 74 44 ad
904 1783 111 44 quod,
978 1783 62 44 &
1003 1783 123 44 illud,
1089 1783 74 44 ex
1114 1783 74 44 quo,
