1416 2066
193 181 88 53 &
229 181 246 53 paruitatem
422 181 264 53 terminatam,
615 181 106 53 quam

199 218 84 48 non
247 218 169 48 pertransit
380 218 145 48 scilicet
488 218 96 48 quod
548 218 84 48 non
584 218 133 48 inuenitur

208 258 131 41 caro
289 258 164 41 habens
404 258 262 41 magnitudinem
600 258 115 41 mino-

209 296 97 42 rem
265 296 125 42 ista.
348 296 111 42 illa
417 296 138 42 igitur
514 296 180 42 magnitudo
638 296 83 42 ter-

209 340 153 38 minata,
321 340 112 38 quae
390 340 98 38 est
446 340 153 38 carnis,
558 340 139 38 quando
641 340 84 38 exit

212 380 85 42 ex
254 380 128 42 aqua,
339 380 142 42 semper
439 380 156 42 necesse
552 380 99 42 est
594 380 128 42 alterum

214 413 152 51 duorum:
325 413 97 51 aut
380 413 83 51 vt
421 413 138 51 cesset
518 413 193 51 generatio:
656 413 69 51 aut

212 449 89 41 in
257 449 223 41 magnitudine
435 449 163 41 finita,
554 449 74 41 &
569 449 148 41 termina-

221 486 73 51 ta,
262 486 125 51 scilicet
356 486 63 51 in
388 486 94 51 aqua.
450 486 94 51 erunt
513 486 167 51 magnitudines
638 486 73 51 aeque

217 525 87 52 es
260 525 203 52 infinitae:
419 525 72 52 &
448 525 101 52 est
506 525 130 52 minor
578 525 145 52 maguitu-

218 564 88 52 lo
262 564 147 52 carnis
365 564 161 52 minima:
482 564 117 52 quod
556 564 103 52 est
600 564 117 52 impos-

217 604 143 51 sibile.
321 604 104 51 Ergo
386 604 130 51 ponere
477 604 104 51 quod
541 604 169 51 quodlibet
658 604 65 51 est

212 644 86 50 in
255 644 187 50 quolibet,
399 644 72 50 &
428 644 187 50 quodlibet
557 644 159 50 generatur

215 682 76 40 ex
253 682 153 40 quolibet
368 682 153 40 secundum
483 682 127 40 exitum
572 682 140 40 semper,
661 682 64 40 non

198 721 155 50 secundum
314 721 207 50 alterationem
482 721 90 50 est
521 721 181 50 impossibile.

215 758 166 52 D.dixit:
340 758 83 52 Et
381 758 138 52 etiam,
478 758 83 52 si
519 758 111 52 ista
589 758 124 52 omnia
658 758 55 52 ge

211 803 126 39 nera,
295 803 98 39 &c.
351 803 84 39 i.
393 803 112 39 spes
463 803 168 39 corporum
575 803 140 39 consimi-

208 836 124 54 lium,
291 836 110 54 quas
360 836 124 54 ponit
442 836 206 54 Anaxagoras,
607 836 96 54 pro
648 836 69 54 ele

216 876 117 51 mentis,
301 876 96 51 verbi
365 876 117 51 gratia,
450 876 96 51 caro,
514 876 53 51 &
535 876 74 51 os,
578 876 53 51 &
588 876 128 51 vniversali

211 915 143 53 omnia
306 915 190 53 corpora,
449 915 158 53 quorum
544 915 174 53 definitio

212 953 152 42 totius,
323 953 69 42 &
351 953 139 42 partis
448 953 97 42 est
503 953 139 42 eadem.
586 953 139 42 D.dixit:

209 996 71 47 &
237 996 99 47 non
294 996 212 47 generantur,
463 996 85 47 i.
505 996 71 47 &
534 996 127 47 istae
604 996 113 47 partes

212 1032 108 50 non
273 1032 216 50 generantur
443 1032 93 50 ex
489 1032 170 50 inuicem
598 1032 124 50 secun-

220 1068 88 50 dum
271 1068 253 50 transmutationem,
486 1068 88 50 sed
536 1068 152 50 secundum
637 1068 76 50 quod

210 1116 151 30 exeunt
316 1116 75 30 a
346 1116 211 30 seinuicem,
512 1116 75 30 &
542 1116 121 30 ante
602 1116 121 30 exitum

212 1147 128 41 erant
297 1147 86 41 in
340 1147 200 41 seinuicem:
497 1147 100 41 sed
540 1147 185 41 vnunquodque

219 1183 108 39 eorum
291 1183 131 39 vocatur
386 1183 143 39 diuersum
494 1183 72 39 ab
530 1183 120 39 altero
601 1183 120 39 secundum

213 1221 133 55 illud,
306 1221 107 55 quod
373 1221 173 55 dominatur
506 1221 80 55 in
546 1221 147 55 seipso.
639 1221 80 55 D.di

222 1268 77 43 xit:
271 1268 106 43 quoniam
348 1268 58 43 &,
377 1268 58 43 si
406 1268 87 43 illud
464 1268 77 43 quid
513 1268 87 43 erit,
571 1268 68 43 &c.
610 1268 58 43 i.
629 1268 87 43 quoniam

208 1298 99 40 cum
264 1298 211 40 posuerimus,
433 1298 113 40 quod
504 1298 141 40 illud,
602 1298 113 40 quod
659 1298 56 40 ex

217 1336 122 43 carne
299 1336 149 43 secunda
407 1336 122 43 exit,
489 1336 95 43 est
543 1336 122 43 minus
611 1336 108 43 primo,

217 1381 70 48 &
245 1381 155 48 tertium
358 1381 98 48 est
414 1381 127 48 minus
498 1381 169 48 secundo,
625 1381 70 48 &
639 1381 84 48 quar

213 1418 101 40 tum
270 1418 101 40 est
328 1418 130 40 minus
414 1418 159 40 tertio:
530 1418 72 40 &
544 1418 173 40 manifestum

218 1460 73 43 est
259 1460 73 43 per
301 1460 73 43 se,
343 1460 52 43 &
364 1460 147 43 declaratum
480 1460 105 43 etiam,
553 1460 84 43 quod
606 1460 84 43 caro
648 1460 73 43 habet

208 1493 180 37 mensuram
343 1493 210 37 terminatam
507 1493 90 37 in
537 1493 180 37 paruitate,

214 1524 99 46 quam
275 1524 86 46 non
325 1524 185 46 pertransit:
473 1524 136 46 necesse
572 1524 86 46 est
609 1524 111 46 alterum

215 1566 151 45 duorum:
325 1566 96 45 aut
380 1566 83 45 vt
422 1566 179 45 generatio
559 1566 151 45 cesset,
655 1566 69 45 aut

215 1613 81 44 vt
255 1613 81 44 in
295 1613 148 44 corpore
403 1613 135 44 finito
498 1613 108 44 sint
565 1613 121 44 corpa
633 1613 94 44 aequa

223 1645 86 38 lia
272 1645 160 38 infinita.
395 1645 74 38 Et
432 1645 98 38 iste
493 1645 111 38 sermo
567 1645 86 38 est
617 1645 74 38 in
641 1645 74 38 for-

210 1692 84 39 ma
252 1692 139 39 syleli
350 1692 223 39 hypothetici.
531 1692 126 39 cuius
601 1692 126 39 pcedens

220 1726 95 48 est,
279 1726 59 48 &
303 1726 107 48 etiam
374 1726 71 48 si
410 1726 95 48 ista
469 1726 154 48 generatio
588 1726 83 48 &c.
623 1726 95 48 conse-

218 1763 108 47 quens
290 1763 108 47 autem
362 1763 96 47 est,
422 1763 96 47 quod
481 1763 180 47 impossibile
625 1763 96 47 est,
673 1763 48 47 vt

212 1798 178 44 quodlibet
350 1798 96 44 sit
404 1798 82 44 in
446 1798 178 44 quolibet,
583 1798 96 44 &c.
624 1798 96 44 sermo

214 1837 177 45 residuus
347 1837 177 45 declarat
465 1837 236 45 consecutionem.

777 181 101 45 Ad
828 181 134 45 haec
911 181 168 45 autem,
1029 181 101 45 si
1079 181 134 45 omne
1146 181 101 45 qui-

738 221 135 54 dem
815 221 212 54 corpus,
969 221 193 54 remoto
1085 221 154 54 quodam

736 268 130 39 minus
822 268 158 39 necesse
937 268 101 39 est
995 268 144 39 fieri:
1096 268 144 39 carnis
1182 268 72 39 au-

736 304 121 55 tem
805 304 260 55 determinata
1013 304 121 55 est
1065 304 190 55 quantitas

734 348 93 39 &
772 348 296 39 magnitudine,
1012 348 93 39 &
1031 348 222 39 paruitate:

737 389 204 53 manifestum
898 389 102 53 est
956 389 116 53 quod
1029 389 87 53 ex
1072 389 146 53 minima
1160 389 87 53 car-

738 436 101 46 ne
789 436 168 46 nullum
906 436 268 46 segregabitur
1107 436 134 46 corpus

733 470 132 52 erit
815 470 132 52 enim
897 470 148 52 minor
996 470 181 52 minima.
1111 470 148 52 Amplius

734 510 134 44 autem
823 510 193 44 infinitis
972 510 208 44 corporibus
1121 510 134 44 inesset

742 551 153 51 vtique
849 551 107 51 iam
910 551 123 51 caro
987 551 199 51 infinita,
1140 551 77 51 &
1155 551 92 51 san-

737 595 124 56 guis,
820 595 69 56 &
847 595 178 56 cerebrum,
984 595 165 56 separata
1108 595 124 56 tamen
1176 595 69 56 ab-

734 637 209 45 inuicem,
891 637 157 45 nihil
995 637 157 45 autem
1100 637 157 45 minus
1187 637 70 45 en

733 678 138 52 tia,
819 678 87 52 &
854 678 225 52 infinitum
1010 678 242 52 vnumquodque.

731 719 113 44 hoc
795 719 145 44 autem
892 719 274 44 irrationabile
1102 719 97 44 est.

790 773 81 64 Et
830 773 94 64 cum
884 773 108 64 hoc,
951 773 81 64 si
991 773 108 64 esse
1059 773 148 64 corpus,
1153 773 94 64 quado

736 821 92 65 ex
782 821 92 65 eo
827 821 214 65 diminuitur
995 821 153 65 aliqua
1102 821 137 65 pars,
1179 821 76 65 ne-

740 877 175 56 cessario
872 877 102 56 fit
930 877 146 56 minus:
1032 877 73 56 &
1061 877 175 56 quatitas
1178 877 73 56 car

731 916 106 62 nis
791 916 106 62 est
852 916 196 62 terminata
1003 916 91 62 in
1033 916 211 62 magnitudine,

733 964 78 63 &
765 964 219 63 paruitate:
937 964 219 63 manifestum
1108 964 125 63 est,
1171 964 78 63 quo

732 1013 122 61 niam
808 1013 228 61 impossibile
990 1013 122 61 est,
1066 1013 91 61 vt
1112 1013 91 61 ex
1143 1013 106 61 mini-

739 1061 86 59 ma
782 1061 129 59 carne
867 1061 129 59 exeat
953 1061 143 59 corpus
1053 1061 157 59 omnino,
1167 1061 114 59 quo

738 1109 132 53 niam,
826 1109 88 53 si
870 1109 88 53 ex
914 1109 88 53 ea
958 1109 205 53 diminuitur
1105 1109 146 53 aliquid,

735 1164 130 38 erit
816 1164 147 38 minor
914 1164 179 38 minima.
1044 1164 98 38 Et
1093 1164 147 38 etiam
1175 1164 81 38 ne-

735 1202 122 61 cesse
817 1202 109 61 est,
885 1202 81 61 vt
925 1202 81 61 in
966 1202 190 61 corporibus
1102 1202 149 61 infinitis

743 1250 99 63 sit
800 1250 113 63 caro
870 1250 184 63 infinita,
1012 1250 71 63 &
1040 1250 156 63 sanguis
1140 1250 113 63 infini

739 1297 127 57 tus,
818 1297 79 57 &
850 1297 175 57 medulla
977 1297 206 57 infinita:
1136 1297 79 57 &
1152 1297 95 57 vnu-

744 1345 162 67 quodque,
865 1345 121 67 eorum
945 1345 94 67 non
999 1345 94 67 est
1053 1345 121 67 minus
1134 1345 108 67 illo
1201 1345 81 67 in

730 1395 119 55 hoc,
804 1395 119 55 quod
878 1395 104 55 est
938 1395 208 55 infinitum:
1101 1395 74 55 &
1130 1395 104 55 hoc
1175 1395 74 55 est

729 1449 141 42 extra
808 1449 172 42 rationem.

775 1484 84 55 Et
817 1484 112 55 haec
887 1484 98 55 est
943 1484 126 55 etiam
1027 1484 140 55 quarta
1111 1484 140 55 ratioci-

736 1532 139 38 natio,
833 1532 97 38 qua
889 1532 222 38 contradixit,
1069 1532 83 38 vt
1097 1532 153 38 generatio

733 1567 112 50 sit
797 1567 193 50 secundum
942 1567 161 50 exitum
1054 1567 193 50 corporum
1183 1567 64 50 in

734 1606 191 44 infinitum,
884 1606 68 44 &
911 1606 136 44 dicit:
1007 1606 95 44 Et,
1061 1606 95 44 cum
1116 1606 95 44 sit
1157 1606 95 44 mani-

738 1645 132 50 festum
830 1645 92 50 per
883 1645 92 50 se,
936 1645 105 50 quod
1001 1645 105 50 omne
1067 1645 145 50 corpus,
1160 1645 92 50 quan-

741 1685 86 37 do
784 1685 86 37 ex
827 1685 86 37 eo
870 1685 202 37 diminuitur
1029 1685 159 37 aliquid
1144 1685 101 37 fit
1187 1685 58 37 mi

738 1721 113 49 nus:
808 1721 71 49 &
837 1721 127 49 etiam
921 1721 99 49 est
978 1721 198 49 manifestum
1133 1721 99 49 per
1175 1721 71 49 se,

737 1765 106 41 quod
803 1765 172 41 quantitas
935 1765 132 41 carnis
1027 1765 92 41 est
1080 1765 172 41 terminata
1199 1765 53 41 in

739 1801 239 53 magnitudine,
933 1801 75 53 &
963 1801 209 53 paruitate:
1113 1801 134 53 manife-

742 1838 100 44 stum
805 1838 100 44 est,
868 1838 100 44 quod
931 1838 75 44 ex
968 1838 126 44 minima
1056 1838 126 44 carne,
1132 1838 126 44 scilicet
