1416 2066
188 188 173 62 duorum
309 188 207 62 vtrunque
464 188 121 62 est
533 188 155 62 vnum,
637 188 86 62 &
654 188 69 62 in

199 237 181 61 respectu
334 237 136 61 vnius
425 237 105 61 est
485 237 120 61 duo,
560 237 75 61 &
575 237 136 61 simili-

206 284 106 62 ter
267 284 213 62 ascendere,
434 284 76 62 &
464 284 228 62 descendere:
632 284 91 62 haec

202 332 120 62 enim
277 332 105 62 duo
337 332 120 62 sunt
413 332 136 62 idem,
503 332 105 62 sed
548 332 166 62 definitio

203 381 136 61 eorum
294 381 106 61 non
354 381 106 61 est
415 381 151 61 eadem:
520 381 76 61 &
551 381 136 61 eodem
641 381 106 61 mo¬

204 429 93 61 do
250 429 108 61 est
312 429 93 61 de
358 429 170 61 motore,
481 429 77 61 &
497 429 108 61 moto.

233 501 100 54 Et,
290 501 100 54 eum
347 501 100 54 sit
404 501 200 54 manifestum
561 501 114 54 quod
618 501 100 54 motor

204 549 90 40 agit
260 549 78 40 per
305 549 90 40 suam
361 549 123 40 formam,
450 549 56 40 &
473 549 134 40 secundum
573 549 90 40 quod
629 549 78 40 est
674 549 67 40 in

208 578 103 56 actu,
276 578 57 56 &
299 578 103 56 motum
367 578 137 56 mouetur,
470 578 137 56 secundum
573 578 91 56 quod
630 578 80 56 est
675 578 68 56 in

204 622 157 53 potentia,
325 622 181 53 dissoluitur
470 622 157 53 quaestio,
591 622 73 53 in
627 622 85 53 qua
664 622 60 53 di-

210 662 134 44 citur,
303 662 120 44 vtrum
383 662 120 44 motus
463 662 93 44 sit
517 662 80 44 in
557 662 147 44 motore,
650 662 67 44 aut

209 701 92 45 in
255 701 138 45 moto.
347 701 77 45 &
378 701 185 45 apparuit
516 701 92 45 ex
562 701 108 45 hoc
608 701 108 45 ipsum

209 744 100 44 esse
271 744 75 44 in
308 744 112 44 moto,
383 744 62 44 &
408 744 112 44 ipsum
482 744 112 44 esse.
557 744 125 44 actum,
644 744 62 44 &
657 744 62 44 per

215 781 163 50 fectionem
341 781 75 50 in
378 781 113 50 moto.
453 781 63 50 &
478 781 188 50 impossibile
628 781 88 50 est
666 781 50 50 vt

213 821 85 38 hoc
261 821 85 38 sit
310 821 133 38 aliter.
406 821 133 38 necesse
503 821 85 38 est
552 821 97 38 enim
612 821 73 38 vt
636 821 85 38 motus

207 856 75 44 sit
250 856 96 44 eadem
314 856 139 44 perfectio
421 856 139 44 vtriusque
527 856 128 44 scilicet
612 856 107 44 motoris,

209 897 71 41 &
237 897 127 41 moti:
322 897 71 41 &
350 897 99 41 non
406 897 113 41 quod
477 897 141 41 mouere
576 897 99 41 sit
618 897 99 41 aliud

213 934 56 54 a
235 934 113 54 moueri
314 934 124 54 omnibus
405 934 102 54 modis
473 934 136 54 scilicet
574 934 124 54 aliquod
653 934 68 54 exi-

203 973 132 55 stens
292 973 88 55 in
336 973 176 55 essentia
468 973 176 55 motoris,
586 973 132 55 quemad-

208 1014 134 41 modum
297 1014 134 41 motus
387 1014 104 41 est
446 1014 89 41 in
491 1014 179 41 essentia
610 1014 104 41 moti,

210 1054 112 45 actio
284 1054 100 45 enim
347 1054 150 45 motoris,
459 1054 100 45 quae
521 1054 87 45 est
571 1054 137 45 mouere,
659 1054 62 45 est

203 1097 119 40 eius,
282 1097 92 40 non
335 1097 79 40 in
374 1097 92 40 eo.
427 1097 66 40 &
453 1097 92 40 hoc
506 1097 198 40 intendebat,
651 1097 66 40 cum

204 1132 128 45 dixit,
294 1132 115 45 Motor
370 1132 102 45 eni,
434 1132 89 45 &c.
485 1132 77 45 i.
523 1132 115 45 actio
600 1132 102 45 enim
651 1132 64 45 mo-

202 1173 130 40 toris
288 1173 101 40 est
346 1173 144 40 facere
447 1173 130 40 motum
533 1173 87 40 in
577 1173 144 40 aliud.
663 1173 58 40 D.

204 1216 71 50 d.
240 1216 60 50 &
264 1216 83 50 ita
311 1216 107 50 habet
383 1216 71 50 se
418 1216 71 50 ad
454 1216 119 50 motum,
537 1216 107 50 sicut
609 1216 107 50 agens
668 1216 48 50 ad

210 1252 110 49 patiens
290 1252 120 49 scilicet
380 1252 110 49 quoniam
460 1252 90 49 sicut
519 1252 90 49 actio
579 1252 120 49 agentis,
669 1252 50 49 &
679 1252 40 49 pa

204 1300 150 38 tientis
314 1300 96 38 est
368 1300 96 38 vna
423 1300 82 38 in
464 1300 164 38 subiecto
587 1300 68 38 &
614 1300 96 38 duo
668 1300 82 38 in

208 1334 181 44 definitioe,
353 1334 157 44 similiter
474 1334 85 44 est
522 1334 73 44 de
559 1334 133 44 motore,
656 1334 60 44 &
668 1334 48 44 mo

195 1373 71 50 to,
235 1373 51 50 &
256 1373 173 50 vniversaliter
398 1373 61 50 in
428 1373 112 50 omnibus
510 1373 132 50 relatiuem
601 1373 122 50 oppositis.

203 1417 259 45 quemadmodum
410 1417 138 45 enim
496 1417 138 45 idem
565 1417 155 45 spatium

209 1454 66 45 a
235 1454 132 45 sursum
327 1454 79 45 ad
367 1454 158 45 deorsum,
486 1454 132 45 quando
565 1454 158 45 accipitur,

208 1493 138 50 secundum
311 1493 92 50 quod
368 1493 80 50 est
414 1493 149 50 proportio
529 1493 103 50 inter
598 1493 92 50 duo,
644 1493 80 50 erunt

205 1532 90 51 idem,
265 1532 50 51 &
285 1532 100 51 quando
356 1532 141 51 accipitur,
466 1532 120 51 secundum
556 1532 80 51 quod
607 1532 80 51 illa
647 1532 80 51 duostu

209 1572 151 50 opposita,
325 1572 93 50 tunc
383 1572 104 50 erunt
453 1572 93 50 duo.
511 1572 104 50 vnum.
581 1572 93 50 enim
627 1572 93 50 dicitu

206 1613 162 38 superius,
330 1613 62 38 &
355 1613 137 38 alterum
455 1613 162 38 inferius:
579 1613 62 38 &
604 1613 100 38 haec
654 1613 62 38 duo

211 1647 97 52 sunt
271 1647 157 52 opposita.
392 1647 60 52 &
416 1647 157 52 similiter
537 1647 97 52 idem
597 1647 109 52 motus
658 1647 60 52 per

209 1690 108 48 illud
281 1690 131 48 spatium
376 1690 131 48 dicitur
472 1690 72 48 in
508 1690 143 48 respectu
603 1690 120 48 superio-

204 1726 93 54 ris
257 1726 173 54 ascensus,
390 1726 67 54 &
417 1726 80 54 in
457 1726 160 54 respectu
563 1726 160 54 inferioris

209 1765 181 40 descensus:
351 1765 168 40 proportio
480 1765 103 40 enim
544 1765 90 40 est
596 1765 129 40 eadem,
686 1765 64 40 &

209 1801 97 55 illa
269 1801 97 55 duo,
330 1801 97 55 quae
390 1801 97 55 sunt
450 1801 169 55 substantia
571 1801 145 55 proportio-

209 1843 94 39 nis,
268 1843 94 39 sunt
327 1843 129 39 diuersa
421 1843 141 39 secundum
527 1843 200 39 definitionem.
680 1843 47 39 Et

208 1881 140 58 dicit,
306 1881 154 58 quoniam
418 1881 210 58 quemadmodum
585 1881 112 58 idem
641 1881 84 58 spa

735 180 137 54 tium,
826 180 106 54 &c.
887 180 91 54 i.
932 180 228 54 quemadmodum
1114 180 167 54 spatium
1220 180 46 54 l

728 225 113 49 inter
803 225 88 49 duo
853 225 100 49 loca
915 225 150 49 diuersa,
1028 225 75 49 v.
1065 225 75 49 g.
1103 225 163 49 superius,

734 265 98 54 uandeo
803 265 137 54 accipitur,
910 265 117 54 secundum
998 265 78 54 quod
1046 265 78 54 est,
1095 265 127 54 proportio
1183 265 68 54 inter

737 305 79 51 duo,
787 305 79 51 erit
836 305 89 51 vnum,
896 305 50 51 &
915 305 99 51 quando
985 305 139 51 accipitur,
1094 305 119 51 secundum
1183 305 79 51 quod

740 340 107 47 illa
806 340 93 47 duo
860 340 107 47 sunt
926 340 160 47 diuersa,
1046 340 107 47 erit
1113 340 107 47 duo.
1166 340 80 47 D.d.

736 387 62 40 &
760 387 75 40 in
798 387 149 40 respectu
910 387 112 40 vnius
985 387 87 40 est
1034 387 100 40 duo,
1097 387 75 40 i.
1134 387 62 40 &
1146 387 100 40 quando

739 424 154 42 accipitur
858 424 143 42 secundum
965 424 154 42 respectum
1084 424 107 42 vnius
1155 424 71 42 ad
1179 424 59 42 duo

737 469 105 50 erit
803 469 105 50 duo:
868 469 171 50 proportio
1000 469 92 50 eni
1052 469 118 50 primi
1131 469 79 50 ad
1157 469 92 50 secum

735 504 102 42 dum
794 504 102 42 est
852 504 116 42 alia
924 504 73 42 a
953 504 218 42 proportione
1113 504 131 42 secundi

740 545 81 55 ad
780 545 148 55 primum.
888 545 175 55 proportio
1022 545 108 55 enim
1090 545 108 55 iter
1144 545 94 55 vnum,

735 582 55 45 &
757 582 77 45 quo
801 582 77 45 est
845 582 110 45 eadem,
922 582 132 45 secundum
1020 582 88 45 quod
1075 582 77 45 est
1119 582 99 45 inter
1174 582 66 45 duo,

743 621 56 54 &
765 621 78 54 est
810 621 100 54 duae,
876 621 133 54 secundum
976 621 89 54 quod
1032 621 78 54 est
1076 621 145 54 proportio
1176 621 56 54 vni

741 659 79 46 ad
780 659 105 46 duo,
846 659 105 46 quid
912 659 92 46 est
965 659 171 46 dimidium,
1097 659 66 46 &
1123 659 92 46 est
1163 659 92 46 alia.

732 699 73 53 a
762 699 219 53 proportione
937 699 146 53 duorum
1039 699 88 53 ad
1083 699 131 53 vnum,
1155 699 88 53 quae

740 732 80 46 est
785 732 114 46 dupla.
865 732 57 46 &
888 732 148 46 similiter
1002 732 148 46 ascensus,
1116 732 57 46 &
1128 732 126 46 descensus

740 778 97 41 sunt
800 778 109 41 idem,
873 778 145 41 secundum
982 778 97 41 quod
1042 778 97 41 sunt
1103 778 109 41 motus
1163 778 85 41 inter

743 815 96 44 duo,
803 815 60 44 &
827 815 96 44 sunt
887 815 96 44 duo,
947 815 132 44 quoniam
1043 815 72 44 in
1079 815 144 44 respectu
1175 815 72 44 su

745 862 134 47 perioris
845 862 123 47 dicitur
935 862 145 47 ascensus,
1046 862 56 47 &
1068 862 67 47 in
1102 862 134 47 respectu
1202 862 67 47 in

744 894 127 44 ferioris
840 894 117 44 dicitur
925 894 149 44 descensus.
1042 894 138 44 definitio
1148 894 96 44 tamen
1201 894 53 44 non

737 933 93 45 est
790 933 119 45 eadem
869 933 172 45 ascensus,
1002 933 66 45 &
1029 933 186 45 descensus,
1161 933 93 45 licet

733 972 104 45 ambo
798 972 104 45 sint
863 972 104 45 idem
929 972 157 45 secundum
1046 972 183 45 subiectum.
1190 972 65 45 &
1203 972 52 45 se

735 1020 151 38 cundum
841 1020 106 38 hoc
901 1020 106 38 est
962 1020 91 38 de
1007 1020 166 38 motore,
1128 1020 76 38 &
1143 1020 106 38 moto:

741 1053 132 53 quoniam
837 1053 108 53 actio
909 1053 108 53 facta
981 1053 108 53 inter
1053 1053 96 53 illa
1113 1053 84 53 est
1149 1053 96 53 eadem,

737 1092 76 46 ed
775 1092 76 46 in
814 1092 153 46 respectu
928 1092 153 46 alterius
1043 1092 140 46 dicitur
1132 1092 115 46 mouere,

736 1132 69 39 &
764 1132 83 39 in
805 1132 165 39 respectu
929 1132 151 39 reliqui
1039 1132 151 39 dicitur
1135 1132 124 39 moueri:

731 1167 75 60 &
761 1167 120 60 sunt
836 1167 135 60 valde
911 1167 165 60 opposita.

773 1236 151 51 Habet
874 1236 151 51 autem
975 1236 269 51 dubitationem
1176 1236 84 51 ra-

735 1283 208 48 tionalem.
895 1283 176 48 Necesse
1023 1283 128 48 enim
1103 1283 112 48 est
1151 1283 96 48 for-

735 1325 162 45 tassis
848 1325 129 45 esse
929 1325 178 45 quendam
1058 1325 145 45 actum
1139 1325 113 45 alium

738 1368 138 50 actiui,
839 1368 113 50 atque
915 1368 151 50 passiui.
1028 1368 113 50 illud
1104 1368 101 50 enim
1154 1368 88 50 actio

735 1413 118 46 est,
809 1413 104 46 hoc
868 1413 118 46 vero
942 1413 163 46 passio.
1061 1413 118 46 opus
1120 1413 118 46 autem,

738 1452 73 45 &
768 1452 131 45 finis
855 1452 146 45 illius
957 1452 146 45 quidem
1059 1452 146 45 factum
1147 1452 102 45 huius

739 1496 132 55 autem
827 1496 191 55 affectus.
974 1496 103 55 Cum
1033 1496 147 55 igitur
1121 1496 132 55 vtraque

736 1538 122 55 sint
812 1538 152 55 motus,
919 1538 91 55 si
964 1538 168 55 diuersi
1086 1538 168 55 quidem,
1193 1538 61 55 in

736 1585 95 49 quo
791 1585 122 49 suntc
872 1585 95 49 aut
926 1585 109 49 enim
994 1585 163 49 vtraque,
1116 1585 81 49 in
1143 1585 109 49 patiem

737 1629 103 50 te,
796 1629 88 50 ac
840 1629 117 50 moto
913 1629 132 50 sunt,
1001 1629 103 50 aut
1060 1629 132 50 actio
1133 1629 117 50 quidem

735 1668 95 46 in
783 1668 175 46 agente,
910 1668 159 46 passio
1021 1668 127 46 vero
1100 1668 95 46 in
1132 1668 127 46 patien

738 1708 96 50 te.
793 1708 82 50 si
834 1708 123 50 autem
916 1708 150 50 oportet
1025 1708 68 50 &
1052 1708 109 50 hanc
1107 1708 150 50 actionem,

735 1754 170 48 vocare,
858 1754 201 48 aequiuoca
1013 1754 155 48 vtique
1121 1754 139 48 erit.
1198 1754 62 48 At

745 1805 141 38 vero,
839 1805 94 38 si
886 1805 110 38 hoc
949 1805 125 38 est,
1027 1805 141 38 motus
1121 1805 94 38 in
1152 1805 110 38 monen

740 1839 83 44 te
782 1839 124 44 erit.
864 1839 124 44 eadem
947 1839 110 44 enim
1016 1839 96 44 est
1071 1839 124 44 ratio
1154 1839 83 44 in
1181 1839 69 44 mo-

733 1893 170 37 uente,
852 1893 85 37 &
886 1893 102 37 in
937 1893 153 37 moto,
1040 1893 153 37 quare
1142 1893 119 37 aut
1193 1893 68 37 om
