1416 2066
203 141 107 49 nos
264 141 198 49 procedere
416 141 92 49 in
462 141 183 49 doctrina
600 141 92 49 de
630 141 107 49 rebus

227 183 197 40 viversalibus
387 183 74 40 ad
424 183 210 40 particulares.
597 183 74 40 Et
622 183 123 40 intendit

222 221 84 44 per
270 221 180 44 vniversalia
414 221 228 44 vniuersalissima
594 221 144 44 substrata,

214 256 88 42 qua
265 256 138 42 possunt
365 256 150 42 inueniri
477 256 75 42 in
515 256 113 42 istis
590 256 113 42 rebus
652 256 88 42 rerum

215 305 156 34 naturalium
337 305 133 34 scilicet
437 305 67 34 de
470 305 122 34 causis,
559 305 56 34 &
570 305 167 34 accidentibus:

223 341 114 50 quoniam,
308 341 95 50 quanto
374 341 85 50 magis
431 341 161 50 vniversaliter
564 341 95 50 fuerit
621 341 114 50 communius,

222 375 121 44 tanto
302 375 121 44 magis
382 375 201 44 continebit.
543 375 80 44 Et
584 375 80 44 ex
624 375 94 44 hoc
664 375 67 44 ser

221 416 100 50 mone
284 416 175 50 declaratur
422 416 100 50 quod
485 416 150 50 intentio
597 416 125 50 istius
672 416 63 50 li-

224 453 69 45 bri
264 453 69 45 est
303 453 89 45 loqui
362 453 59 45 de
392 453 89 45 rebus
451 453 59 45 Ti
481 453 168 45 vniversalibus
609 453 119 45 communibus

220 492 163 54 omnibus,
343 492 122 54 Iquae
424 492 231 54 constituuntur
615 492 95 54 per
655 492 82 54 nam.

247 533 90 45 Et,
299 533 90 45 cum
350 533 77 45 d.
389 533 219 45 particularia,
569 533 90 45 non
607 533 129 45 intendit

220 572 169 46 idiuidua,
350 572 91 46 sed
402 572 130 46 vltima
492 572 156 46 species,
609 572 91 46 aut
648 572 91 46 illa,

218 612 112 49 quae
288 612 112 49 sunt
358 612 126 49 quasi
442 612 154 49 vltimae
555 612 168 49 species.
667 612 70 49 Et,

222 650 112 40 cum
286 650 224 40 declarauit
462 650 144 40 modum
543 650 192 40 ordinatio-

224 689 84 46 nis
272 689 156 46 doctrinae
392 689 72 46 in
428 689 84 46 hac
476 689 156 46 scientia,
597 689 60 46 &
621 689 84 46 est
657 689 72 46 quod

224 728 156 50 pportet
337 728 184 50 procedere
478 728 85 50 de
521 728 127 50 illo,
606 728 113 50 quod
662 728 71 50 est

221 760 115 58 magis
298 760 153 58 commune,
413 760 77 58 ad
451 760 128 58 illud,
540 760 102 58 quod
604 760 89 58 est
643 760 89 58 magis

222 805 179 53 proprium:
360 805 110 53 quia
429 805 138 53 illud,
525 805 110 53 quod
594 805 96 53 est
635 805 96 53 magis

224 845 152 46 comune.
335 845 97 46 est
390 845 152 46 notius,
500 845 110 46 quem
569 845 152 46 admodum
666 845 69 46 via

222 885 263 52 demonstrationis
444 885 83 52 in
486 885 97 52 hac
541 885 166 52 scientia
666 885 97 52 per

215 922 116 40 hanc
288 922 145 40 causam
390 922 160 40 necesse
506 922 160 40 fuitire
622 922 87 40 de
651 922 73 40 po-

216 964 211 38 sterioribus
385 964 84 38 ad
427 964 155 38 priora:
539 964 169 38 incoepit
652 964 84 38 dare

219 999 117 53 causam,
305 999 96 53 prper
369 999 85 53 quam
422 999 85 53 fuit
475 999 117 53 necesse
560 999 64 53 vt
582 999 149 53 vniversalite

217 1037 228 53 intelligibile
405 1037 94 53 sit
458 1037 134 53 notius
539 1037 188 53 particulari,

216 1085 115 37 quod
287 1085 100 37 est
345 1085 100 37 sub
402 1085 129 37 illo,
488 1085 143 37 &dixit
574 1085 158 37 vniuersum

223 1117 99 38 enim,
289 1117 77 38 &c.
333 1117 99 38 idest
399 1117 77 38 res
443 1117 165 38 vniversales
574 1117 88 38 sunt
618 1117 110 38 notiores

216 1153 77 54 apud
264 1153 77 54 inte
313 1153 125 54 lsecundum
409 1153 77 54 quae
457 1153 154 54 particulares
582 1153 115 54 scilicet
659 1153 67 54 spes:

217 1194 91 48 quia
274 1194 194 48 vniversaliter
434 1194 171 48 assimilatur
571 1194 149 48 indiuiduo
674 1194 57 48 com

224 1237 149 47 posito:
333 1237 68 47 &
360 1237 189 47 compositum
509 1237 95 47 est
563 1237 135 47 notius
644 1237 81 47 apuo

216 1271 166 42 sensum.
337 1271 91 42 i.
382 1271 226 42 quemadmodum
563 1271 136 42 istud
638 1271 91 42 vni-

224 1310 141 50 uersum
323 1310 99 50 est
379 1310 141 50 notius
478 1310 113 50 apud
549 1310 155 50 sensum,
648 1310 56 50 ou

226 1350 85 51 est
275 1350 110 51 quasi
348 1350 171 51 principium
482 1350 122 51 fidei,
567 1350 98 51 quam
616 1350 110 51 simpli-

228 1389 89 45 cia,
283 1389 89 45 quae
339 1389 89 45 sunt
394 1389 111 45 causae
472 1389 111 45 illius
550 1389 122 45 vniuers
627 1389 100 45 scilice

225 1429 170 37 demonstrati,
363 1429 138 37 similiter
469 1429 159 37 vniversalia
596 1429 85 37 sunt
639 1429 95 37 notiora

219 1466 85 40 apud
273 1466 160 40 intellectum
400 1466 85 40 quae
453 1466 181 40 particularia:
592 1466 138 40 vniversalit

212 1504 130 42 enim
293 1504 114 42 est
358 1504 178 42 aliquod
488 1504 227 42 vniuersum,
650 1504 81 42 cum

222 1543 164 43 contineat
349 1543 126 43 multa.
437 1543 101 43 quia
500 1543 126 43 igitur
588 1543 88 43 ita
639 1543 76 43 se
664 1543 63 43 ha-

222 1580 97 45 bet
278 1580 83 45 ad
319 1580 222 45 intellectum,
499 1580 125 45 sicut
569 1580 166 45 compositum

216 1620 209 50 particulare
383 1620 84 50 ad
425 1620 153 50 sensum,
536 1620 111 50 ideo
592 1620 139 50 disposi-

224 1660 79 46 tio
269 1660 170 46 vniversalis
405 1660 91 46 apud
461 1660 170 46 intellectum
597 1660 79 46 est
631 1660 102 46 disposi

220 1698 98 48 tio
276 1698 224 48 particularis
458 1698 112 48 apud
528 1698 154 48 sensum.
626 1698 98 48 causa

218 1736 140 42 ligitur
320 1736 76 42 in
358 1736 102 42 hoc,
422 1736 102 42 quod
485 1736 102 42 viae
536 1736 191 42 demonstratio-

217 1781 104 43 num
277 1781 89 43 in
321 1781 104 43 hac
380 1781 178 43 scientia
514 1781 119 43 sunt
588 1781 89 43 de
618 1781 104 43 compo

221 1813 107 54 sitis
292 1813 71 54 ad
328 1813 166 54 simplicia,
459 1813 59 54 &
482 1813 71 54 in
518 1813 95 54 hoc,
578 1813 95 54 quod
625 1813 107 54 princi

754 141 95 55 pium
813 141 154 55 doctrinae
932 141 83 55 est
979 141 71 55 de
1015 141 107 55 rebus
1074 141 190 55 vniversalibus,

747 189 117 40 est,
821 189 162 40 quoniam
938 189 191 40 vniuersum
1070 189 206 40 demonstratum

757 231 89 43 est
808 231 128 43 notius
898 231 102 43 apud
962 231 128 43 sensum
1051 231 102 43 quam
1115 231 128 43 partes
1191 231 77 43 eius

756 264 50 51 &
776 264 139 51 vniversale
886 264 70 51 est
925 264 100 51 notius
995 264 80 51 apud
1045 264 169 51 intelsecundum
1184 264 80 51 quae
1224 264 50 51 pro

762 301 104 45 prium.
835 301 73 45 Et,
876 301 73 45 cum
918 301 146 45 declarauit
1032 301 83 45 quod
1085 301 167 45 vniversalite
1210 301 63 45 assi

753 340 169 53 milatur
875 340 184 53 vniuerso
1013 340 199 53 composito
1151 340 123 53 demon-

754 380 151 38 strato,
864 380 124 38 dedit
946 380 124 38 modum
1029 380 247 38 similitudinis,
1235 380 69 38 &

750 423 134 36 dixit
839 423 193 36 vniuersum
988 423 119 36 enim
1063 423 179 36 continet
1182 423 89 36 mul-

759 459 69 38 tas
798 459 78 38 res,
847 459 88 38 sicut
906 459 108 38 partes.
985 459 59 38 i.
1014 459 157 38 vniversalier
1142 459 78 38 enim
1181 459 98 38 continet

755 495 123 50 multas
841 495 111 50 spes,
915 495 98 50 quae
976 495 98 50 sunt
1037 495 86 50 sub
1087 495 86 50 eo,
1136 495 111 50 sicut
1197 495 74 50 par-

753 538 96 40 tes
808 538 124 40 rerum
891 538 220 40 compositarum
1055 538 220 40 indiuidualium-

793 597 215 45 Patiuntur
959 597 149 45 autem
1059 597 116 45 hoc
1125 597 133 45 idem
1191 597 83 45 quo

746 640 212 43 dammodo
900 640 97 43 &
939 640 193 43 nomina
1074 640 116 43 ad
1113 640 154 43 ratio-

751 684 147 46 nem:
842 684 165 46 totum
953 684 147 46 enim
1045 684 220 46 quoddam,
1210 684 92 46 &

750 721 220 57 indistincte
926 721 234 57 significant,
1117 721 88 57 vt
1146 721 117 57 circu-

748 764 115 46 lus:
819 764 186 46 definitio
963 764 129 46 autem
1049 764 143 46 ipsius
1135 764 129 46 diuidit

743 807 95 52 in
791 807 191 52 singula.
934 807 95 52 Ac
982 807 143 52 pueri
1077 807 159 52 primum
1173 807 95 52 qui-

751 849 106 48 dem
811 849 136 48 omnes
902 849 136 48 viros
993 849 152 48 patres
1084 849 182 48 appeltant,

746 893 78 44 &
778 893 157 44 matres
888 893 204 44 foeminas:
1044 893 204 44 posterius
1186 893 78 44 au-

750 940 114 38 tem
815 940 244 38 determinant
1010 940 147 38 horum
1092 940 179 38 vtrunque.

799 973 84 61 Et
841 973 98 61 iam
897 973 154 61 accidit
1009 973 98 61 hoc
1065 973 112 61 idem
1135 973 154 61 quoquo

739 1020 127 68 modo
818 1020 174 68 omnibus
945 1020 127 68 apud
1024 1020 269 68 definitiones:

750 1068 232 63 significant
935 1068 108 63 eni
997 1068 154 63 auquod
1089 1068 170 63 vniuersum

739 1117 111 66 non
803 1117 270 66 determinatum:
1025 1117 127 66 v.g.
1104 1117 111 66 hoc
1152 1117 111 66 nomen

751 1165 169 61 circulus,
881 1165 169 61 definitio
1010 1165 104 61 eius
1062 1165 195 61 distinguitur,

746 1212 106 63 per
806 1212 257 63 particularia.
1018 1212 91 63 Et
1063 1212 121 63 puer
1123 1212 136 63 existi-

748 1261 106 62 mat
808 1261 91 62 in
854 1261 196 62 principio
1004 1261 121 62 omne
1080 1261 151 62 virum,
1170 1261 91 62 quem

747 1299 159 72 videt,
859 1299 128 72 esse
938 1299 159 72 patrem
1050 1299 143 72 eius,
1146 1299 80 72 &
1177 1299 143 72 omnem
1257 1299 48 72 M

748 1357 186 61 mulierem
887 1357 124 61 esse
965 1357 155 61 matrem
1073 1357 140 61 eius:
1151 1357 109 61 dein-

749 1405 92 69 de
795 1405 92 69 in
841 1405 184 69 postremo
979 1405 230 69 distinguit,
1163 1405 77 69 &
1178 1405 77 69 de-

749 1461 194 52 terminat
878 1461 145 52 vtrunu.

785 1501 104 50 Cum
845 1501 208 50 declarauit
1008 1501 163 50 causam,
1112 1501 148 50 propter.

749 1540 89 53 quam
804 1540 177 53 vniversalite
949 1540 78 53 est
993 1540 244 53 notiusparticulari,
1192 1540 67 53 quod

749 1581 79 45 est
794 1581 79 45 sub
839 1581 79 45 eo,
885 1581 136 45 incoepit
987 1581 113 45 docere
1066 1581 91 45 quod
1123 1581 113 45 perper
1191 1581 68 45 hanc

749 1617 137 54 causam
845 1617 137 54 illud,
941 1617 110 54 quid
1010 1617 192 54 significat
1147 1617 110 54 nomen,

752 1655 85 57 est
800 1655 121 57 notius
885 1655 97 57 apud
946 1655 85 57 nos
994 1655 85 57 qui
1043 1655 121 57 illud,
1128 1655 97 57 quid
1176 1655 85 57 signi

743 1696 118 42 ficat
821 1696 170 42 definitio
952 1696 105 42 apud
1018 1696 209 42 intellectum.
1188 1696 65 42 &
1201 1696 52 42 d.

747 1735 65 45 Et
780 1735 119 45 accidit
866 1735 140 45 similiter
974 1735 76 45 hoc
1017 1735 97 45 idem,
1082 1735 76 45 &c.
1125 1735 65 45 i.
1158 1735 54 45 &
1169 1735 86 45 proper

743 1778 80 49 hanc
793 1778 99 49 causam
862 1778 109 49 accidit
942 1778 129 49 similiter
1041 1778 80 49 eis,
1091 1778 80 49 quae
1131 1778 129 49 significant

741 1814 114 45 nonia
817 1814 101 45 apud
880 1814 114 45 illa,
956 1814 101 45 quae
1019 1814 189 45 significant
1158 1814 101 45 defini
