1416 2066
175 173 185 53 principium
320 173 132 53 motus,
413 173 79 53 de
453 173 93 53 quo
506 173 185 53 declaratum
638 173 53 53 es

199 215 99 45 quod,
265 215 66 45 si
298 215 110 45 fuerit
375 215 88 45 ens,
430 215 77 45 non
473 215 88 45 erit
528 215 176 45 idiuisibile,
660 215 33 45 &

202 250 159 49 declarauit
327 250 102 49 ipsum
395 250 91 49 esse
452 250 80 49 nin
498 250 91 49 ens,
554 250 91 49 nisi
611 250 68 49 in
634 250 57 49 po-

207 291 81 47 tentia
263 291 97 47 scilicet
336 291 129 47 secundumquod
441 291 81 47 istans
497 291 56 47 est
530 291 48 47 in
554 291 65 47 tpe,
594 291 40 47 &
610 291 48 47 d.
626 291 65 47 primum

204 332 109 45 vero,
276 332 85 45 &c.
325 332 72 45 i.
361 332 169 45 principium
494 332 97 45 vero
542 332 145 45 transmuta-

203 365 122 49 tionis,
292 365 67 49 de
325 365 78 49 quo
370 365 122 49 diximus
459 365 100 49 quod,
525 365 67 49 si
559 365 111 49 fuerit
625 365 67 49 ens,

197 399 88 52 quod
252 399 77 52 non
296 399 88 52 erit
352 399 166 52 diuisibile,
484 399 77 52 non
528 399 77 52 est
573 399 122 52 necesse
650 399 44 52 vt

202 437 76 45 fit
246 437 76 45 eus
289 437 119 45 omnino,
376 437 87 45 quia
430 437 76 45 est
473 437 173 45 indiuisibile
614 437 65 45 in
636 437 54 45 sua

201 478 93 45 natura,
268 478 101 45 scilicet
344 478 127 45 principium,
446 478 101 45 secundum
522 478 68 45 quod
564 478 59 45 est
589 478 93 45 pricipium

195 515 105 39 D.d.
261 515 145 39 quoniam
366 515 211 39 transmutatio
537 515 92 39 non
577 515 118 39 habebit

197 551 170 40 principium,
332 551 79 40 &c.
378 551 68 40 i.
411 551 124 40 quoniam
502 551 170 40 trasmutatio
637 551 57 40 n
649 551 45 40 ha

203 585 98 55 bebit
268 585 163 55 principium,
398 585 87 55 quae
453 585 76 55 est
496 585 184 55 transmutatio.
637 585 54 55 nam

198 622 157 51 pricipium
319 622 85 51 est
367 622 206 51 indiuisibile,
537 622 61 51 &
549 622 133 51 transmuta

201 655 74 51 tio
244 655 74 51 est
286 655 170 51 diuisibilis.
424 655 95 51 neque
488 655 95 51 etiam
551 655 64 51 in
583 655 74 51 hoc
615 655 74 51 tpre,

194 700 96 40 quod
254 700 84 40 est
302 700 180 40 idiuisibile
447 700 108 40 cadit
507 700 180 40 tramsmutatio:

196 734 134 46 quoniam
293 734 194 46 tiansmutatio
451 734 85 46 est
500 734 146 46 diuisibi
609 734 85 46 is,
658 734 61 46 &

194 773 81 49 non
241 773 105 49 cadit
311 773 93 49 nisi
369 773 70 49 in
404 773 105 49 tpere
473 773 174 49 diuisibili,
613 773 70 49 vt
636 773 58 49 de-

198 813 143 37 claratum
305 813 83 37 est
353 813 71 37 in
388 813 119 37 initio
472 813 119 37 istius
543 813 131 37 tractatus

196 853 61 44 &
220 853 85 44 hoc
269 853 182 44 intendebat,
414 853 85 44 cum
462 853 73 44 d.
498 853 85 44 Sit
547 853 121 44 igitur
619 853 73 44 pri-

190 893 93 42 mum,
248 893 81 42 &c.
295 893 69 42 i.
329 893 81 42 sit
376 893 116 42 igitur
457 893 116 42 primum
538 893 104 42 eius,
607 893 69 42 in
630 893 58 42 quo

195 924 90 48 esmt
251 924 203 48 transinutatio.
421 924 68 48 v.
455 924 68 48 g.
489 924 113 48 primum
568 924 113 48 spatil
635 924 57 48 Ab.

192 960 84 43 D.d.
244 960 94 43 istud
307 960 105 43 primum
380 960 105 43 igitur
453 960 73 43 &c.
495 960 63 43 i.
527 960 126 43 sequetur
610 960 84 43 igitur

189 995 78 52 vt
228 995 129 52 primum
318 995 142 52 sparii,
422 995 78 52 in
460 995 90 52 quo
512 995 90 52 est
564 995 116 52 motus
641 995 78 52 in

192 1035 110 39 actu,
265 1035 85 39 non
314 1035 85 39 sit
362 1035 207 39 indiuisibile,
533 1035 85 39 sed
569 1035 122 39 diuisibi

189 1071 72 46 le
225 1071 179 46 necessario.
368 1071 84 46 Et,
416 1071 84 46 cum
464 1071 143 46 narrauit
560 1071 131 46 quodistud

189 1109 126 46 primum
277 1109 113 46 debet
353 1109 101 46 esse
416 1109 176 46 diuisibile
541 1109 151 46 econtrario

190 1145 116 49 primo,
272 1145 93 49 quid
330 1145 81 49 est
376 1145 151 49 pricipium
492 1145 104 49 eius,
561 1145 70 49 in
596 1145 81 49 quo
631 1145 58 49 est

193 1189 119 52 motio
272 1189 106 52 moti
338 1189 79 52 in
378 1189 132 52 initio
471 1189 119 52 eius,
550 1189 119 52 quoid
617 1189 79 52 moue

176 1220 97 51 tur,
237 1220 61 51 &
261 1220 85 51 est
310 1220 170 51 principium
444 1220 110 51 motus
517 1220 85 51 ei,
565 1220 110 51 dedit
626 1220 61 51 in-

190 1258 145 40 possibia
299 1258 181 40 cosequetia,
443 1258 72 40 si
480 1258 133 40 ponatur
564 1258 133 40 idiuisibi

189 1293 70 54 se,
229 1293 50 54 &
249 1293 60 54 d.
279 1293 110 54 quoniam
358 1293 129 54 sequitur,
458 1293 60 54 si
488 1293 100 54 fuerit
548 1293 149 54 indiuisibile,

190 1332 74 50 &c.
233 1332 63 50 i.
264 1332 127 50 quoniam,
359 1332 63 50 si
391 1332 148 50 principium
507 1332 95 50 eius,
571 1332 63 50 in
602 1332 74 50 quo
634 1332 53 50 de-

193 1369 119 50 mtratur
280 1369 108 50 motus,
355 1369 108 50 fuerit
431 1369 184 50 indiuisibile,
582 1369 86 50 ita,
625 1369 65 50 quod

199 1405 84 56 sit
247 1405 96 56 pers
307 1405 120 56 motus,
391 1405 156 56 contingit
510 1405 108 56 motum
570 1405 120 56 inueniri

190 1444 72 38 in
226 1444 120 38 spatio
310 1444 192 38 indiuisibiu,
465 1444 60 38 &
489 1444 108 38 tpere
549 1444 144 38 idiuisibi-

194 1481 48 41 l
214 1481 114 41 scilicet
299 1481 114 41 istanti.
385 1481 48 41 &
404 1481 67 41 sic
442 1481 95 41 tpeos,
508 1481 48 41 &
527 1481 86 41 motus
584 1481 86 41 erunt
632 1481 57 41 com-

195 1516 106 52 posita
270 1516 64 52 ex
302 1516 202 52 idiuisibilibus,
472 1516 85 52 quod
525 1516 74 52 est
557 1516 138 52 ipossibile.

190 1556 81 50 D.d.
241 1556 61 50 Et
271 1556 101 50 etiam,
342 1556 61 50 si
372 1556 61 50 in
403 1556 91 50 tgere
464 1556 81 50 CcA,
515 1556 71 50 &c.
555 1556 61 50 i.
586 1556 51 50 &
606 1556 61 50 si
626 1556 61 50 pers

194 1592 108 52 tperis,
273 1592 59 52 in
303 1592 69 52 qua
342 1592 69 52 est
381 1592 108 52 initium
460 1592 99 52 qetis,
529 1592 99 52 fuerit
598 1592 89 52 pers,
648 1592 39 52 in

190 1637 66 42 qua
227 1637 66 42 est
265 1637 104 42 vitimum
341 1637 95 42 motus,
407 1637 114 42 secundum
492 1637 76 42 quod
540 1637 66 42 est
577 1637 104 42 aliquid
644 1637 47 42 in-

185 1668 165 50 diuisibile,
317 1668 77 50 cum
361 1668 121 50 instans
449 1668 77 50 non
493 1668 132 50 sequitur
581 1668 110 50 initans,

187 1704 103 43 neque
255 1704 103 43 inter
324 1704 103 43 finem
392 1704 126 43 quetis,
483 1704 57 43 &
506 1704 103 43 inium
575 1704 103 43 motus
632 1704 57 43 est

193 1746 92 44 rpos,
254 1746 144 44 manifestum
367 1746 72 44 est
409 1746 92 44 quod,
470 1746 62 44 si
501 1746 62 44 in
532 1746 72 44 hac
573 1746 72 44 pre
614 1746 82 44 tpis
655 1746 31 44 i

182 1786 173 41 diuisibilis
321 1786 115 41 fuerit
402 1786 138 41 possibis
505 1786 115 41 motus,
575 1786 115 41 possibis

715 173 97 53 erit
775 173 109 53 ques:
848 173 60 53 &
872 173 85 53 sic
921 173 85 53 res
969 173 97 53 erit
1029 173 109 53 mota,
1090 173 133 53 &qescens,

712 213 70 51 in
747 213 116 51 eodem:
829 213 93 51 quia
887 213 105 51 finis
956 213 81 51 est
1003 213 128 51 quetis,
1096 213 58 51 &
1107 213 105 51 initium

711 253 113 53 motus.
790 253 124 53 Ponatur
880 253 113 53 igitur
959 253 136 53 scilicet
1061 253 102 53 motum
1118 253 90 53 moueri

709 289 79 41 in
748 289 105 41 toto
814 289 92 41 tpe
866 289 92 41 AD,
919 289 66 41 &
945 289 144 41 ponatur
1050 289 118 41 etiam
1115 289 92 41 ipsum

711 325 137 48 quiescere
817 325 63 48 in
848 325 84 48 fine
901 325 105 48 istius
975 325 137 48 temporis,
1080 325 126 48 scilicet
1164 325 42 48 p,

712 364 113 52 mouetur
794 364 102 52 igitur
865 364 92 52 etiam
927 364 61 52 in
957 364 102 52 initio
1029 364 92 52 eius,
1090 364 82 52 quid
1142 364 72 52 est
1172 364 31 52 A

710 405 90 39 eroo
766 405 124 39 necesse
856 405 90 39 est,
912 405 68 39 si
946 405 90 39 ille
1002 405 113 39 finis,
1081 405 56 39 &
1092 405 113 39 initium,

711 431 95 59 quod
770 431 83 59 est
818 431 202 59 indiuisibile,
984 431 119 59 posset
1067 431 71 59 in
1102 431 71 59 eo
1126 431 83 59 fieri

712 476 133 53 motus,
805 476 67 53 &
832 476 133 53 quies,
925 476 80 53 vt
965 476 133 53 illud,
1058 476 107 53 quid
1112 476 93 53 moue-

709 517 89 48 tur
760 517 77 48 in
799 517 89 48 eo,
850 517 89 48 sit
901 517 179 48 quiescens,
1041 517 64 48 &
1067 517 115 48 motum
1143 517 89 48 in

711 554 116 49 simul.
793 554 128 49 quoniam
886 554 70 49 in
921 554 81 49 Ap,
967 554 93 49 quod
1025 554 81 49 est
1060 554 151 49 indiuisibi-

713 591 71 52 le,
753 591 81 52 erit
804 591 142 52 quiescens,
915 591 122 52 secundum
1007 591 81 52 quod
1057 591 71 52 est
1098 591 91 52 finis
1148 591 51 52 que

712 629 85 50 tis,
766 629 53 50 &
787 629 85 50 erit
840 629 64 50 in
872 629 53 50 A
893 629 107 50 motum,
968 629 128 50 secundum
1064 629 85 50 quod
1117 629 75 50 est
1149 629 64 50 ini-

708 672 114 34 tium
779 672 143 34 motus:
879 672 71 34 &
908 672 100 34 sic
965 672 86 34 in
1008 672 129 34 eadem
1094 672 86 34 re
1122 672 86 34 erit

702 704 221 45 quiescens,
876 704 79 45 &
908 704 142 45 motum
987 704 158 45 insimul.

751 789 162 45 Quoniam
869 789 133 45 autem
958 789 103 45 non
1016 789 103 45 est
1061 789 147 45 imparti-

707 832 119 42 bile,
786 832 146 42 necesse
892 832 93 42 est
945 832 185 42 diuisibile
1091 832 119 42 esse,
1157 832 53 42 et

704 872 95 42 in
752 872 158 42 quauis
863 872 174 42 partium
989 872 143 42 huius
1068 872 143 42 mutatum

710 913 122 41 esse.
792 913 135 41 Diuiso
886 913 108 41 enim
954 913 108 41 ipso
1022 913 95 41 AD,
1076 913 81 41 si
1116 913 81 41 in
1143 913 68 41 neu

707 957 96 39 tra
762 957 137 39 quidem
858 957 150 39 mutatum
967 957 109 39 est,
1035 957 123 39 neque
1117 957 82 39 in
1145 957 68 39 ip-

704 999 94 43 so
751 999 142 43 toto.
846 999 94 43 si
893 999 126 43 vero
972 999 94 43 in
1019 999 173 43 ambabus
1129 999 79 43 mu-

708 1037 126 45 tatur,
796 1037 63 45 &
822 1037 75 45 in
859 1037 113 45 toto.
935 1037 75 45 si
972 1037 113 45 autem
1048 1037 75 45 in
1085 1037 126 45 altera
1161 1037 50 45 mu

708 1077 135 49 tatum
798 1077 120 49 est,
873 1077 105 49 non
933 1077 90 49 in
977 1077 120 49 toto
1052 1077 150 49 primo,
1142 1077 75 49 qua

708 1116 87 56 re
751 1116 159 56 necesse
867 1116 87 56 in
910 1116 145 56 quauis
1011 1116 159 56 mutatum
1113 1116 101 56 esse.

705 1157 204 50 manifestum
866 1157 146 50 igitur
968 1157 102 50 est
1026 1157 117 50 quod
1099 1157 102 50 non
1143 1157 73 50 est

704 1196 102 55 in
755 1196 119 55 quo
823 1196 153 55 primo
925 1196 204 55 mutatum.
1077 1196 119 55 est
1145 1196 102 55 in

703 1244 166 38 finitae
824 1244 121 38 enim
899 1244 211 38 diuisiones
1050 1244 106 38 sunt.

750 1285 106 61 Si
803 1285 176 61 igitur
927 1285 159 61 ADnon
1033 1285 123 61 est
1086 1285 123 61 indi-

705 1332 149 60 sibile,
813 1332 149 60 necesse
921 1332 95 60 est
975 1332 81 60 vt
1015 1332 95 60 sit
1056 1332 149 60 diuisibi-

706 1381 94 59 le,
759 1381 67 59 &
786 1381 81 59 in
827 1381 161 59 quolibet
948 1381 134 59 istius
1028 1381 175 59 accipiatur.

710 1425 292 50 transmutabitur
953 1425 97 50 in
1001 1425 113 50 eo,
1066 1425 162 50 quando
1163 1425 49 50 A

705 1472 234 58 Ddiuidetur.
892 1472 109 58 Et,
955 1472 93 58 si
1001 1472 109 58 non
1048 1472 156 58 transmu-

704 1517 171 61 tatur,
823 1517 154 61 neque
926 1517 102 61 in
977 1517 171 61 altera
1079 1517 137 61 duarum

704 1565 173 61 partium.
834 1565 116 61 ergo
906 1565 130 61 neque
992 1565 87 61 in
1036 1565 116 61 toto
1093 1565 116 61 tranf-

706 1612 186 61 mutabitur.
852 1612 93 61 et,
905 1612 80 61 si
945 1612 80 61 in
985 1612 93 61 eis
1038 1612 133 61 semper
1118 1612 93 61 tras-

708 1658 158 57 mutatur,
826 1658 105 57 ista
892 1658 105 57 erit
958 1658 118 57 dispo
1037 1658 105 57 eius
1103 1658 66 57 i
1116 1658 92 57 toto.

702 1705 97 58 et,
758 1705 83 58 si
799 1705 208 58 trasmutatur
966 1705 69 58 i
993 1705 152 58 altero,
1104 1705 83 58 no
1132 1705 83 58 erit

702 1749 144 61 priinu
802 1749 130 61 eius,
889 1749 72 61 i
918 1749 101 61 quo
975 1749 216 61 trasmutatur
1134 1749 72 61 to
