1416 2066
177 165 79 47 pot
222 165 168 47 intelligere
356 165 157 47 quiditatem
480 165 112 47 tperis
547 165 146 47 abstrahendo

175 202 56 32 a
197 202 124 32 ratione
287 202 192 32 mensurationis
445 202 135 32 respectu
547 202 113 32 motus.
614 202 79 32 Dico-

179 234 84 32 quod
232 234 63 32 de
264 234 95 32 Auer.
327 234 74 32 ego
369 234 95 32 magis
432 234 105 32 miror,
506 234 84 32 quid
559 234 74 32 non
591 234 105 32 aduertit

177 263 132 40 iudicium,
278 263 51 40 &
298 263 91 40 verba
359 263 132 40 magistri,
460 263 81 40 quae
511 263 61 40 de
541 263 91 40 Them.
602 263 81 40 quod
642 263 51 40 non

176 293 150 37 aladuertit
294 293 97 37 verba
359 293 86 37 sua,
413 293 64 37 si
445 293 75 37 hoc
488 293 97 37 verum
552 293 107 37 esset.
617 293 75 37 Aris.

182 333 91 29 enim
238 333 113 29 videns
317 333 215 29 multiplicitatem
499 333 113 29 illius
578 333 91 29 nois
623 333 68 29 nume

179 360 79 34 ri,
224 360 113 34 posita
303 360 113 34 tperis
382 360 169 34 definitione
517 360 113 34 statim
584 360 113 34 admonuit

178 390 84 36 nos,
231 390 84 36 quod
284 390 74 36 cum
326 390 126 36 numerus,
420 390 95 36 alter
484 390 74 36 sit
526 390 137 36 numerans,
620 390 74 36 alter

173 421 79 33 sit
218 421 159 33 numeratus,
343 421 91 33 tpes
400 421 79 33 non
445 421 79 33 est
491 421 102 33 tpeos
559 421 79 33 quo
593 421 102 33 numera-

174 452 101 40 nius,
241 452 78 40 sed
286 452 90 40 quod
342 452 146 40 numeratur
454 452 67 40 ex
487 452 78 40 quo
532 452 134 40 sequitur
622 452 67 40 quod

177 485 126 36 quiditas
271 485 105 36 tperis
345 485 137 36 consistit
450 485 63 36 in
481 485 126 36 numerato
576 485 84 36 esse
618 485 74 36 prio-

176 516 75 42 ris
219 516 53 42 &
240 516 160 42 postetioris
368 516 64 42 in
400 516 96 42 motu,
464 516 128 42 secundum
560 516 85 42 quod
614 516 75 42 hoc
646 516 53 42 est

182 548 102 31 prius,
253 548 51 31 &
273 548 92 31 illud
335 548 143 31 posterius.
447 548 81 31 quod
497 548 92 31 autem
558 548 71 31 tps
599 548 92 31 motum
650 548 51 31 men

181 576 99 34 suret,
250 576 69 34 hoc
290 576 148 34 consequitur
408 576 99 34 tperis
478 576 148 34 quiditatem,
596 576 89 34 sicut
645 576 40 34 ac

178 610 134 32 cidentia
278 610 78 32 per
323 610 67 32 se
356 610 178 32 consequuntur
501 610 156 32 subiectum.
624 610 56 32 &
635 610 56 32 hoc

179 642 82 41 est,
230 642 82 41 quod
282 642 103 41 multos
354 642 93 41 viros
416 642 134 41 illustres
519 642 113 41 decepit
601 642 93 41 vsque
653 642 41 41 ad

175 673 91 35 tpra
232 673 91 35 nta,
288 673 80 35 qui
334 673 137 35 videntes
436 673 102 35 tpers
505 673 80 35 non
550 673 91 35 esse
596 673 102 35 numerum

176 707 143 31 numerantem
288 707 164 31 simpieriale,
421 707 82 31 quia
472 707 82 31 ille
523 707 72 31 est
564 707 133 31 quantitas
656 707 41 31 di

179 731 110 39 screta
256 731 99 39 solum
322 731 66 39 ex
355 731 154 39 vnitatibus
475 731 209 39 indiuisibilibus
640 731 55 39 re-

181 767 113 35 sultans
263 767 92 35 atque
324 767 133 35 composita
427 767 92 35 neque
488 767 72 35 est
529 767 123 35 praecise
621 767 72 35 res
652 767 41 35 nu

173 805 152 31 merata,
284 805 97 31 sed
339 805 97 31 est
394 805 193 31 quodammodo
546 805 152 31 numerus
643 805 55 31 nu

175 836 151 31 merans,
285 836 69 31 &
313 836 192 31 quodammodo
464 836 96 31 est
519 836 151 31 numerus
615 836 82 31 nume

185 862 104 41 tatus,
258 862 156 41 crediderunt
382 862 104 41 perper
455 862 188 41 comcomitantiam
601 862 94 41 insepa-

180 891 112 39 rabilem
261 891 112 39 istarum
342 891 91 39 duaru
403 891 162 39 conditionum,
535 891 81 39 quod
585 891 91 39 sicut
636 891 61 39 vnum

179 932 71 30 est
219 932 61 30 de
250 932 132 30 quiditate
351 932 112 30 tperis,
432 932 71 30 ita
473 932 71 30 sit
513 932 51 30 &
534 932 132 30 reliquum.
625 932 71 30 dicit

178 956 82 39 enim
229 956 82 39 Com.
280 956 72 39 in.
321 956 62 39 4.
352 956 82 39 phy.
404 956 62 39 in
434 956 82 39 com.
486 956 72 39 73.
527 956 154 39 niultotiens
640 956 51 39 exi

185 989 110 37 stimatur
267 989 73 37 quod
313 989 91 37 illud,
377 989 73 37 quod
422 989 137 37 consequitur
532 989 64 37 rem
568 989 64 37 sit
605 989 73 37 ipsa
641 989 46 37 res

177 1020 74 44 sed
220 1020 74 44 est
262 1020 105 44 error,
335 1020 84 44 quia
388 1020 84 44 vnum
441 1020 158 44 consequitur
567 1020 105 44 tempus
630 1020 63 44 qui-

184 1048 136 42 ditatiue,
288 1048 94 42 aliud
351 1048 84 42 vero
403 1048 94 42 sicut
465 1048 115 42 passio.
549 1048 63 42 Et
580 1048 84 42 ideo
622 1048 73 42 bamun

182 1083 89 38 dixit
241 1083 89 38 Alex.
300 1083 79 38 quod
350 1083 118 38 quiditas
439 1083 99 38 tperis
508 1083 128 38 consistit
606 1083 59 38 in
626 1083 69 38 nume-

173 1121 89 33 rato
229 1121 89 33 esse
285 1121 123 33 prioris
374 1121 56 33 &
396 1121 168 33 posterioris
531 1121 112 33 motus,
598 1121 89 33 mensu-

177 1146 102 34 ratio
245 1146 102 34 autem
313 1146 170 34 consequitur
449 1146 102 34 sicut
518 1146 148 34 accidens.
620 1146 68 34 Vnde

176 1181 188 35 aequiuocatio
329 1181 129 35 decipit
423 1181 106 35 Auer.
493 1181 59 35 &
517 1181 141 35 sequaces
611 1181 82 35 Lati-

172 1213 84 32 nos,
224 1213 73 32 qui
266 1213 63 32 in
297 1213 73 32 hac
339 1213 63 32 re
371 1213 94 32 omnes
434 1213 157 32 hallucinati
560 1213 84 32 sunt
612 1213 73 32 cum
644 1213 52 32 eo,

172 1242 97 32 quia
233 1242 85 32 non
281 1242 194 32 distinxerunt
439 1242 109 32 inter
512 1242 134 32 numerum
609 1242 61 32 &
621 1242 73 32 men-

180 1272 104 34 turam.
253 1272 156 34 crediderunt
378 1272 83 34 enim
430 1272 83 34 ista
482 1272 177 34 aequipollere,
617 1272 73 34 sicut

176 1307 121 39 sinquit
264 1307 121 39 Alexam.
351 1307 175 39 Icrediderunt
494 1307 99 39 illi,
560 1307 77 39 qui
592 1307 99 39 opinari

176 1336 83 41 sunt
228 1336 104 41 tperis
300 1336 166 41 difinitionem
435 1336 83 41 esse
487 1336 166 41 imperfectam,
611 1336 73 41 volen

178 1373 82 33 tes
225 1373 117 33 debere
307 1373 93 33 addi
365 1373 93 33 rpos
423 1373 93 33 esse
481 1373 128 33 numerum
574 1373 117 33 motus,
656 1373 58 33 &

174 1402 117 33 quietis,
262 1402 58 33 ac
291 1402 58 33 si
320 1402 87 33 eadem
378 1402 87 33 esset
437 1402 87 33 ratio
495 1402 97 33 numeri
563 1402 49 33 &
582 1402 87 33 ratio
631 1402 58 33 men-

178 1429 108 37 surae.
254 1429 75 37 sed
297 1429 97 37 longe
361 1429 118 37 decepti
447 1429 97 37 sunt,
512 1429 86 37 quia
566 1429 97 37 tpens
620 1429 75 37 solum

178 1464 82 37 est
225 1464 128 37 numerus
318 1464 117 37 motus,
400 1464 82 37 sed
447 1464 82 37 est
494 1464 117 37 mesura
564 1464 128 37 vtriusque

177 1494 143 35 videlicet
287 1494 99 35 motus
353 1494 55 35 &
375 1494 110 35 queris
453 1494 99 35 licet
519 1494 132 35 diuersis
607 1494 77 35 modis

170 1532 99 38 quia
231 1532 111 38 motum
305 1532 148 38 mensurat
416 1532 86 38 per
466 1532 86 38 se,
515 1532 62 38 &
540 1532 136 38 quietem
626 1532 62 38 per

176 1556 144 38 accidens.
287 1556 56 38 &
309 1556 100 38 ideo,
376 1556 133 38 secundum
476 1556 89 38 viam
531 1556 100 38 Alex.
598 1556 56 38 &
609 1556 78 38 Them.

176 1591 135 35 numerus,
277 1591 124 35 positus
367 1591 67 35 in
401 1591 169 35 definitione
524 1591 169 35 tperisquidita

175 1620 111 38 tiua,
249 1620 99 38 stat
310 1620 86 38 pro
360 1620 123 38 numero
446 1620 160 38 numerato,
570 1620 99 38 quia
619 1620 74 38 illa

178 1660 77 30 est
222 1660 131 30 temporis
320 1660 131 30 quiditas
419 1660 55 30 &
441 1660 88 30 ista
496 1660 77 30 est
540 1660 77 30 via
583 1660 110 30 eorum.
649 1660 44 30 et

183 1686 67 36 est
222 1686 67 36 via
260 1686 105 36 Aristo.
337 1686 57 36 vt
365 1686 77 36 mihi
413 1686 115 36 videtulr
499 1686 77 36 sine
547 1686 96 36 dubio.
614 1686 57 36 Si
634 1686 57 36 quis

173 1717 105 37 autem
243 1717 116 37 vellet
325 1717 128 37 numerum
418 1717 128 37 positum
511 1717 70 37 in
534 1717 151 37 definitione

183 1756 104 33 tperis
255 1756 73 33 hbe
297 1756 125 33 vtramque
390 1756 135 33 rationem,
494 1756 135 33 videlicet
598 1756 52 33 &
608 1756 83 33 numera

177 1788 70 30 ti
212 1788 140 30 respectu
317 1788 128 30 prioris
410 1788 58 30 &
433 1788 174 30 posterioris
573 1788 105 30 primi
631 1788 58 30 mo-

176 1817 94 32 tus,
235 1817 59 32 &
258 1817 164 32 numerantis
388 1817 141 32 respectu
493 1817 176 32 caeterorum,
623 1817 70 32 quia

176 1845 81 37 est
223 1845 115 37 natura
303 1845 138 37 eiusdem,
407 1845 104 37 sicut
476 1845 115 37 natura
557 1845 104 37 entis
615 1845 69 37 ambi

179 1880 79 38 gui,
229 1880 49 38 &
248 1880 69 38 res
288 1880 138 38 definiunt,
396 1880 99 38 sicuti
466 1880 89 38 sunt:
525 1880 69 38 est
564 1880 79 38 enim
614 1880 59 38 vt
634 1880 49 38 di-

179 1917 75 37 cit
222 1917 86 37 Com.
276 1917 96 37 quasi
340 1917 150 37 compositum
457 1917 64 37 ex
489 1917 107 37 duabus
564 1917 107 37 quanti
629 1917 53 37 ta.

711 165 111 37 tibus,
789 165 145 37 videlicet
900 165 134 37 continua
1000 165 56 37 &
1023 165 145 37 difcreta,
1134 165 56 37 &
1156 165 78 37 sic
1189 165 45 37 vl

718 201 92 33 detur
779 201 82 33 Com.
830 201 123 33 exponere
922 201 164 33 definitionem
1055 201 102 33 illam:
1127 201 82 33 tunc
1168 201 61 33 stan

720 231 45 43 e
738 231 72 43 illa
783 231 72 43 via,
828 231 72 43 quam
874 231 127 43 communiter
973 231 90 43 Latiui
1036 231 127 43 sequuntur,
1136 231 72 43 dico
1181 231 72 43 quod

711 263 92 35 illa
768 263 149 35 definitio
882 263 80 35 non
928 263 80 35 est
974 263 92 35 pure
1031 263 183 35 quiditatiua,
1169 263 57 35 sed

716 297 72 39 est
757 297 62 39 de
788 297 103 39 numero
861 297 114 39 illarum
943 297 176 39 definitionum,
1088 297 83 39 quae
1140 297 83 39 dant
1181 297 52 39 qui

717 326 93 36 ditat
779 326 72 36 est
820 326 52 36 &
841 326 93 36 esse,
903 326 72 36 seu
944 326 72 36 est
985 326 62 36 de
1016 326 103 36 numero
1088 326 114 36 illarum
1161 326 72 36 defi-

711 358 149 34 nitionum,
825 358 92 34 quae
883 358 149 34 differunt
997 358 92 34 situ
1055 358 57 34 a
1077 358 138 34 demrone.
1169 358 69 34 Vnde

715 390 79 42 dico
765 390 79 42 quod
814 390 129 42 numeratio
913 390 99 42 actiua
982 390 119 42 competit
1072 390 69 42 per
1111 390 59 42 se
1141 390 89 42 rperi
1190 390 40 42 re

717 421 103 43 spectu
789 421 145 43 caeterorum
903 421 103 43 motum,
975 421 103 43 qaipsa
1047 421 83 43 eius
1099 421 124 43 essentia
1181 421 52 43 com

713 452 117 31 sistit
795 452 70 31 in
830 452 141 31 numerato
936 452 94 31 esse
995 452 129 31 prioris
1088 452 59 31 &
1100 452 129 31 posterio-

719 483 74 37 ris
761 483 95 37 primi
824 483 105 37 motus,
897 483 53 37 &
918 483 63 37 si
950 483 84 37 Com.
1002 483 147 37 intellexit
1118 483 84 37 illo
1160 483 74 37 modo,

716 516 85 32 bene
770 516 160 32 intellexit,
897 516 53 32 &
919 516 106 32 Latini
993 516 75 32 cum
1036 516 75 32 eo.
1078 516 75 32 sed
1121 516 64 32 si
1142 516 96 32 intelle

714 545 68 34 xit
753 545 77 34 quod
801 545 106 34 vtraque
878 545 87 34 ratio
936 545 68 34 est
975 545 58 34 de
1004 545 87 34 tpris
1062 545 135 34 quiditate,
1158 545 68 34 credo

711 577 106 35 ipsum
782 577 94 35 male
841 577 141 35 sentire,
947 577 59 35 &
970 577 129 35 Graecos
1064 577 118 35 melius
1135 577 94 35 intel-

712 608 115 34 lexisse
795 608 115 34 mentem,
879 608 52 34 &
900 608 94 34 verba
962 608 104 34 Arist.
1035 608 94 34 ista.
1098 608 84 34 enim
1140 608 94 34 distin-

714 641 146 41 gnuntur,
824 641 110 41 ratio
897 641 134 41 numeri,
994 641 61 41 &
1019 641 110 41 ratio
1080 641 134 41 mensurae.

744 672 79 34 Der
789 672 146 34 imaoctaua
901 672 146 34 contradi.
1014 672 79 34 est
1059 672 68 34 in
1093 672 79 34 eo.
1138 672 79 34 te.
1172 672 56 34 vbi

716 701 107 37 Arist.
791 701 97 37 dicit
856 701 86 37 quod
909 701 97 37 tpers
974 701 54 37 &
995 701 97 37 motus
1059 701 64 37 se
1092 701 97 37 mutuo
1145 701 86 37 metium

712 735 88 41 tur,
767 735 88 41 quia
822 735 143 41 adinuicem
932 735 176 41 definiuntur.
1075 735 77 41 Sed
1119 735 99 41 huius
1174 735 55 41 op-

715 767 110 40 positum
795 767 131 40 scribitur
896 767 70 40 per
936 767 90 40 Auer.
996 767 70 40 in.
1036 767 60 40 4.
1066 767 80 40 phy.
1117 767 60 40 in
1147 767 80 40 com.
1187 767 40 40 S7

709 805 71 32 vbi
749 805 111 32 dicitur
830 805 81 32 quod
880 805 101 32 tempus
951 805 71 32 non
991 805 81 32 pont
1042 805 131 32 imaginari
1142 805 81 32 fine
1183 805 50 32 mo-

710 835 84 36 tu,
758 835 60 36 &
782 835 108 36 motus
855 835 96 36 pont
915 835 157 36 imaginari
1035 835 108 36 extra
1108 835 120 36 tempo.
1180 835 48 36 Et

708 868 180 30 confirmatur,
854 868 90 30 quia
910 868 101 30 motus
978 868 124 30 ponitur
1068 868 67 30 in
1090 868 135 30 definitio-

706 894 61 36 ne
736 894 112 36 tperis,
818 894 71 36 sed
858 894 81 36 tprs
909 894 71 36 non
950 894 112 36 ponitur
1031 894 61 36 in
1061 894 152 36 definitione
1173 894 51 36 mo-

715 924 73 40 tus.
760 924 54 40 vt
788 924 91 40 patet.
851 924 64 40 in.
887 924 54 40 3.
915 924 73 40 phy.
960 924 73 40 tex.
1005 924 73 40 com.
1051 924 54 40 6.
1078 924 73 40 Nisi
1123 924 82 40 esset
1169 924 54 40 quod

713 960 92 33 non
765 960 105 33 fuit
831 960 105 33 mens
897 960 184 33 Philosophi
1041 960 131 33 dicere
1120 960 105 33 motum,

710 989 61 33 &
734 989 122 33 tempus
820 989 159 33 adinuicem
942 989 159 33 definiri,
1063 989 98 33 quia
1112 989 110 33 recipro

718 1020 64 32 ce
750 1020 129 32 sumantur
847 1020 64 32 in
879 1020 86 32 suis
933 1020 204 32 definitionibus,
1104 1020 97 32 sicut
1158 1020 75 32 rela-

712 1052 91 30 tiua
769 1052 148 30 seinuicem
883 1052 160 30 definiunt,
1009 1052 69 30 vt
1043 1052 103 30 dicit
1111 1052 126 30 Porphy.
1191 1052 46 30 in

711 1083 74 40 ca.
754 1083 63 40 de
785 1083 116 40 specie,
870 1083 53 40 &
891 1083 158 40 Philosophus
1018 1083 74 40 in.
1060 1083 63 40 6.
1092 1083 116 40 topico.
1176 1083 74 40 sed

715 1113 84 34 dunt
767 1113 137 34 seimuicem
872 1113 137 34 definire,
977 1113 63 34 i.
1009 1113 158 34 determinare
1135 1113 74 34 per
1166 1113 63 34 viam

713 1146 52 33 a
733 1146 178 33 daequationis:
880 1146 84 33 quia
933 1146 94 33 tpers
995 1146 147 33 adaequatur
1100 1146 126 33 extensioni

705 1177 113 33 motus,
784 1177 79 33 ita
829 1177 91 33 quod
886 1177 79 33 non
931 1177 136 33 excedit,
1033 1177 79 33 nec
1079 1177 147 33 exceditur
1181 1177 45 33 ab

714 1208 73 34 eo,
755 1208 63 34 vt
787 1208 94 34 dicit
849 1208 115 34 Commen.
933 1208 63 34 4.
964 1208 125 34 physico.
1058 1208 115 34 commen.
1142 1208 84 34 it3.
1194 1208 52 34 &

709 1239 115 35 ibidem
790 1239 127 35 commen.
883 1239 81 35 79.
929 1239 104 35 dicit
998 1239 92 35 quod
1056 1239 150 35 quantitas
1160 1239 69 35 tem-

708 1272 109 42 poris
780 1272 145 42 sequitur
889 1272 181 42 quantitatem
1034 1272 121 42 motus,
1107 1272 121 42 scilicet

711 1309 80 35 quia
761 1309 70 35 est
801 1309 119 35 aequalis
890 1309 70 35 ei,
930 1309 80 35 noli
979 1309 89 35 tamen
1039 1309 109 35 credere
1119 1309 80 35 quod
1158 1309 70 35 quan-

710 1341 106 30 titas
781 1341 153 30 temporis,
899 1341 59 30 &
922 1341 153 30 quantitas
1040 1341 106 30 motus
1111 1341 94 30 sint
1158 1341 71 30 duae

708 1367 161 42 quantitates
837 1367 129 42 realiter
934 1367 161 42 distinctae,
1063 1367 54 42 &
1084 1367 86 42 quod
1138 1367 75 42 vna
1170 1367 54 42 sit

710 1401 127 39 fundata
802 1401 69 39 in
836 1401 104 39 alia,
905 1401 81 39 sed
951 1401 92 39 sunt
1009 1401 81 39 vna
1055 1401 150 39 quantitas
1158 1401 69 39 rea-

711 1432 107 33 liter
782 1432 59 33 &
806 1432 237 33 fundamentaliter,
1008 1432 59 33 &
1031 1432 83 33 non
1067 1432 154 33 distinguum-

715 1464 66 35 ur
748 1464 89 35 nisi
803 1464 144 35 formalte,
914 1464 89 35 vnde
969 1464 111 35 tempus
1047 1464 100 35 vltra
1113 1464 111 35 motum,
1180 1464 44 35 vt

702 1494 107 36 motus
774 1494 143 36 iucludit
881 1494 143 36 proptiam
988 1494 202 36 successionem,
1143 1494 83 36 nihil

705 1525 112 33 aliud
779 1525 112 33 addit
853 1525 99 33 nisi
915 1525 149 33 rationem
1027 1525 149 33 mensurae
1126 1525 99 33 forma-

715 1556 108 38 iter:
787 1556 108 38 sicut
858 1556 96 38 bene
918 1556 96 38 ante
978 1556 84 38 nos
1026 1556 131 38 notauit
1109 1556 120 38 subtilis

711 1589 103 37 Scotus
783 1589 72 37 in.
824 1589 62 37 4.
855 1589 113 37 senten.
937 1589 113 37 distin.
1019 1589 72 37 AS,
1060 1589 113 37 quaest.
1132 1589 41 37 a.

737 1621 162 31 Decimanona
864 1621 150 31 contradi.
980 1621 81 31 est
1026 1621 69 31 in
1061 1621 92 31 tex.
1119 1621 92 31 114.
1165 1621 69 31 Ari.

712 1653 87 43 dicit
770 1653 77 43 quod
818 1653 96 43 tempus
885 1653 115 43 mensurat
972 1653 58 43 de
1001 1653 77 43 motu
1049 1653 115 43 vtrumque
1135 1653 115 43 scilicet
1212 1653 29 43 1

715 1692 171 35 quantitatem,
854 1692 53 35 &
875 1692 96 35 esse.
939 1692 53 35 &
961 1692 75 35 hoc
1004 1692 117 35 accidit
1089 1692 107 35 motui,
1153 1692 64 35 quia

709 1720 64 35 non
746 1720 83 35 habet
801 1720 83 35 omnes
856 1720 74 35 suas
902 1720 92 35 partes
967 1720 55 35 in
994 1720 83 35 actu.
1049 1720 64 35 vbi
1086 1720 110 35 vidersal
1160 1720 55 35 quod

711 1747 83 39 per
759 1747 131 39 accides
854 1747 107 39 motus
925 1747 166 39 mensuretur
1056 1747 59 39 a
1079 1747 95 39 tpe,
1139 1747 83 39 quo
1174 1747 48 39 ad

708 1786 168 32 quantitatem,
844 1786 52 32 &
865 1786 94 32 esse.
928 1786 73 32 Sed
970 1786 63 32 in
1001 1786 84 32 tex.
1053 1786 84 32 com.
1106 1786 84 32 112.
1148 1786 73 32 dicit

710 1813 141 38 oppositum,
821 1813 81 38 quod
871 1813 101 38 tempus
942 1813 71 38 per
982 1813 60 38 se
1012 1813 121 38 mensurat
1103 1813 101 38 motum,
1174 1813 71 38 sed

703 1844 115 38 motus
780 1844 154 38 mensurat
895 1844 128 38 tempus
985 1844 90 38 per
1036 1844 166 38 accidens.
1151 1844 90 38 NisiS

705 1879 99 39 esset
771 1879 88 39 quod
826 1879 132 39 absolute
925 1879 132 39 loquendo
1023 1879 99 39 verum
1089 1879 88 39 est,
1133 1879 88 39 tempus

708 1908 80 45 per
753 1908 69 45 se
788 1908 149 45 mensurare
902 1908 114 45 motum,
982 1908 91 45 quia
1039 1908 160 45 substantia
1153 1908 69 45 eius
