1416 2066
161 179 92 39 nem
213 179 131 39 formam
305 179 65 39 a
331 179 118 39 primo
409 179 144 39 motore,
514 179 78 39 in
553 179 118 39 cuius
619 179 65 39 po-

165 212 117 30 tentia
247 212 117 30 actiua
329 212 94 30 sunt
388 212 105 30 omnes
458 212 129 30 formae.
552 212 70 30 Et
587 212 82 30 hoc
622 212 59 30 te-

165 240 107 34 statur
240 240 161 34 Philosophus
369 240 54 34 &
390 240 86 34 Com.
444 240 64 34 9.
476 240 97 34 meta.
541 240 86 34 tex.
594 240 86 34 com.
637 240 43 34 3.

172 272 77 34 vbi
216 272 111 34 habent
294 272 89 34 ipsi
349 272 89 34 quod
404 272 66 34 in
438 272 166 34 definitione
570 272 100 34 omnis
626 272 55 34 po-

166 308 119 30 tentiae
253 308 130 30 passiuae
351 308 141 30 accipitur
459 308 141 30 definitio
568 308 109 30 primae
633 308 54 30 ma-

166 339 127 31 teriae:
259 339 104 31 sicut
328 339 69 31 in
363 339 174 31 definitione
502 339 104 31 omnis
560 339 127 31 potentiae

167 368 121 34 actiuae
255 368 121 34 sumitur
343 368 143 34 definitio
452 368 132 34 actionis
551 368 110 34 primae
617 368 66 34 for-

163 404 97 30 mae.
224 404 61 30 &
248 404 146 30 sequitur
357 404 121 30 postea
442 404 97 30 Com.
503 404 73 30 in
539 404 109 30 eodem
600 404 85 30 primo

167 431 89 35 cap.
223 431 56 35 &
245 431 111 35 dicit.
323 431 67 35 Et
356 431 89 35 ideo
412 431 111 35 nullam
490 431 100 35 habet
557 431 111 35 formam
623 431 56 35 pro

163 468 113 33 priam,
242 468 57 33 &
265 468 125 33 naturam
355 468 159 33 existentem
480 468 68 33 in
514 468 102 33 actu.
582 468 79 33 sed
616 468 68 33 dius

162 501 167 36 substantia
293 501 84 36 est
341 501 95 36 eius
401 501 119 36 posse.
484 501 60 36 &
508 501 72 36 ex
544 501 84 36 hoc
580 501 107 36 matoria

168 532 118 33 recipit
254 532 97 33 omnes
319 532 118 33 formas.
405 532 86 33 ecce
459 532 86 33 quod
513 532 129 33 loquitur
610 532 65 33 de
631 532 54 33 po-

165 551 115 38 tentia
245 551 126 38 passiua
337 551 149 38 materiae.
451 551 69 38 Et
486 551 115 38 postea
555 551 126 38 sequitur.

163 587 82 39 sed
210 587 117 39 posse,
292 587 82 39 quo
339 587 199 39 substantiatur
503 587 82 39 hoc
538 587 141 39 subiectum,

164 620 122 42 differt
253 620 100 42 etiam
319 620 55 42 a
341 620 111 42 natura
419 620 144 42 subiecti,
530 620 89 42 quod
574 620 111 42 substan-

170 653 103 36 tiatur
242 653 72 36 per
283 653 72 36 hoc
324 653 103 36 posse,
396 653 62 36 in
426 653 82 36 hoc,
478 653 82 36 quod
529 653 92 36 posse
580 653 103 36 dicitur,

169 686 133 29 respectu
269 686 122 29 formae.
357 686 77 29 hoc
401 686 100 29 autem
468 686 144 29 subiectum
578 686 77 29 est
612 686 66 29 vnum

164 716 112 31 entium
242 716 134 31 scilicet
343 716 179 31 absolutorum.
489 716 101 31 Ecce,
556 716 90 31 bone
601 716 78 31 Deus.

162 749 137 38 quomodo
261 749 162 38 Commenta.
386 749 75 38 de
424 749 87 38 vna
474 749 62 38 &
499 749 112 38 eadem
561 749 125 38 potentia

161 780 153 35 materiae
276 780 153 35 loquitur
390 780 127 35 semper
479 780 204 35 vniformiter,
645 780 64 35 &

165 810 85 33 vno
213 810 109 33 modo.
286 810 97 33 quia
347 810 73 33 de
383 810 97 33 illo
444 810 121 33 posse,
529 810 73 33 de
566 810 85 33 quo
602 810 85 33 supra

164 841 130 33 dixerat,
261 841 86 33 quod
316 841 86 33 erat
370 841 162 33 differentia
499 841 184 33 substantialis
640 841 43 33 ma

163 874 123 39 teriae,
252 874 67 39 de
286 874 90 39 illo
342 874 101 39 ponit
409 874 179 39 differentiam
555 874 112 39 postea
622 874 56 39 cum

163 903 85 43 ipsa
217 903 128 43 materia,
312 903 85 43 quod
365 903 85 43 tale
418 903 96 43 posse
482 903 74 43 est
525 903 128 43 relatio.
620 903 53 43 &
631 903 53 43 ma-

165 941 105 38 teria
235 941 82 38 est
282 941 82 38 ens
329 941 163 38 absolutum.
457 941 128 38 Quomodo
551 941 117 38 igitur
621 941 58 38 er-

161 970 137 31 rauerunt
263 970 80 31 ita
309 970 137 31 grauiter
412 970 171 31 expositores
549 970 103 31 Auer.
606 970 69 31 exi-

164 999 159 35 stimantes
286 999 110 35 ipsum
359 999 73 35 in
396 999 220 35 contradictione
579 999 110 35 esse:
640 999 49 35 Et

166 1033 135 37 quomodo
264 1033 185 37 imaginantur
412 1033 111 37 aliam
486 1033 99 37 esse
535 1033 148 37 potentiam,

167 1071 98 33 quam
228 1071 98 33 Com.
289 1071 110 33 dicit
362 1071 98 33 esse
423 1071 196 33 differentiam
570 1071 110 33 substan

163 1100 111 30 tialem
241 1100 144 30 materiae,
351 1100 55 30 &
374 1100 100 30 aliam
440 1100 89 30 esse
496 1100 155 30 potentiam,
617 1100 89 30 quae

166 1127 79 35 sit
211 1127 136 35 relatio,
313 1127 57 35 &
336 1127 79 35 non
381 1127 79 35 sit
426 1127 68 35 de
461 1127 91 35 eius
517 1127 147 35 essentia,
619 1127 57 35 cum

168 1164 173 27 vniformiter
306 1164 69 27 de
340 1164 81 27 vna
386 1164 138 27 potentia
490 1164 138 27 loquatur
582 1164 104 27 semper:

166 1190 107 36 sicut
237 1190 95 36 luce
296 1190 130 36 clarius
391 1190 154 36 ostendunt
509 1190 107 36 verba
580 1190 107 36 eius.
640 1190 47 36 Et

169 1229 119 33 quomodo
256 1229 141 33 finxerunt
364 1229 141 33 potentiam
472 1229 141 33 receptiua
570 1229 108 33 materiae

166 1253 95 37 esse
226 1253 83 37 ens
273 1253 166 37 absolutum,
404 1253 83 37 cum
451 1253 95 37 ipse
511 1253 107 37 dicat
582 1253 83 37 eam
618 1253 59 37 es-

164 1284 67 38 se
197 1284 166 38 relationem.
330 1284 67 38 Et
363 1284 78 38 vbi
408 1284 155 38 inuenerunt
530 1284 67 38 in
563 1284 111 38 Arist.
630 1284 55 38 vn-

164 1317 87 33 quam
219 1317 142 33 potentiam
328 1317 142 33 absolutam
436 1317 76 33 non
480 1317 109 33 video:
556 1317 87 33 nisi
600 1317 87 33 velint

160 1349 164 38 improprie
287 1349 126 38 loqui,
375 1349 63 38 &
400 1349 202 38 metaphorice.
564 1349 101 38 quod
615 1349 63 38 non

171 1379 110 34 decet
244 1379 195 34 Philosophum.
402 1379 134 34 Dicamus
499 1379 97 34 ergo
560 1379 97 34 quod
609 1379 73 34 ima-

172 1411 138 36 ginatio
272 1411 113 36 Auer.
347 1411 88 36 est
397 1411 113 36 eadem
472 1411 88 36 cum
509 1411 175 36 imaginatione

172 1442 163 32 Themistil,
301 1442 82 32 sed
347 1442 82 32 sub
394 1442 198 32 obscurioribus
557 1442 117 32 verbis
627 1442 58 32 di-

169 1475 93 31 cta.
228 1475 105 31 Eadem
298 1475 140 31 potentia
402 1475 128 31 passiua
496 1475 82 31 est
542 1475 70 31 de
565 1475 117 31 essentia

160 1505 148 33 materiae,
273 1505 57 33 &
296 1505 80 33 est
342 1505 171 33 differentia
478 1505 193 33 substantialis
626 1505 57 33 ma-

169 1535 109 35 teriae.
248 1535 50 35 &
268 1535 79 35 dico
318 1535 79 35 quod
367 1535 69 35 est
407 1535 129 35 dicietura
506 1535 119 35 analoga,
595 1535 69 35 non
625 1535 59 35 vni-

168 1571 100 32 uoca:
234 1571 100 32 sicut
301 1571 78 32 ens
345 1571 78 32 est
390 1571 100 32 genus
456 1571 144 32 analogum.
567 1571 67 32 2.
600 1571 67 32 de
622 1571 67 32 ani-

166 1604 62 30 ma
197 1604 83 30 com.
248 1604 72 30 30.
290 1604 62 30 &.
321 1604 62 30 3.
352 1604 103 30 ineta.
424 1604 83 30 com.
476 1604 62 30 4.
507 1604 62 30 &.
538 1604 62 30 4.
569 1604 93 30 meta.
621 1604 62 30 com.

168 1631 61 35 a.
198 1631 61 35 &.
229 1631 61 35 I.
259 1631 61 35 de
289 1631 101 35 anima.
360 1631 81 35 com.
411 1631 61 35 7.
441 1631 61 35 &.
471 1631 61 35 3.
502 1631 61 35 de
532 1631 101 35 anima.
603 1631 81 35 com.
644 1631 40 35 4.

164 1664 65 34 Et
197 1664 75 34 non
240 1664 118 34 oportet
326 1664 108 34 dicere
401 1664 86 34 quod
455 1664 75 34 sit
498 1664 161 34 differentia
616 1664 65 34 cir-

168 1694 183 36 cumlocutiua:
316 1694 68 36 vt
350 1694 114 36 dicunt
430 1694 114 36 omnes,
510 1694 80 36 qui
556 1694 114 36 multum
624 1694 57 36 de-

164 1725 108 38 trahunt
243 1725 148 38 intellectui
361 1725 108 38 nostro.
440 1725 89 38 ferem
499 1725 79 38 enim
548 1725 98 38 dicunt
607 1725 69 38 omnes

163 1760 100 34 rerum
229 1760 177 34 differentias
374 1760 89 34 esse
429 1760 222 34 circumlocutiuas.
617 1760 55 34 &
629 1760 55 34 mi-

167 1789 75 38 rum
210 1789 75 38 est
253 1789 118 38 quomodo
339 1789 161 38 intellectus
469 1789 108 38 noster
544 1789 75 38 sit
587 1789 86 38 adeo
630 1789 43 38 ru

163 1827 91 38 dis,
220 1827 80 38 cum
265 1827 103 38 tamen
334 1827 103 38 nihil
402 1827 80 38 sit
448 1827 171 38 naturaliter
573 1827 103 38 ignotum

161 1853 110 37 nostro
238 1853 175 37 intellectui.
380 1853 66 37 2.
413 1853 88 37 phy.
468 1853 55 37 4
490 1853 66 37 7.
523 1853 55 37 &
545 1853 99 37 talis
599 1853 77 37 poten

161 1889 77 34 tia
205 1889 77 34 non
249 1889 77 34 est
292 1889 66 34 de
325 1889 131 34 essentia
424 1889 142 34 materiae,
533 1889 87 34 nisi
588 1889 66 34 in
609 1889 77 34 secum

164 1918 67 52 da
197 1918 78 52 sui
242 1918 211 52 consideratione.
420 1918 78 52 Et,
464 1918 89 52 quia
520 1918 122 52 aliquis
598 1918 89 52 posset

700 180 138 31 credere
801 180 113 31 talem
876 180 163 31 potentiam
1002 180 100 31 omni
1065 180 100 31 modo
1128 180 100 31 esse
1178 180 50 31 de

702 209 159 35 quiditate
824 209 159 35 materiae:
947 209 74 35 &,
984 209 98 35 quia
1045 209 98 35 Com.
1106 209 110 35 tenet
1168 209 61 35 cum

706 240 150 42 Themistio
822 240 92 42 quod
879 240 127 42 materia
971 240 69 42 in
1006 240 81 42 sui
1052 240 104 42 primo
1110 240 115 42 intelle-

708 273 78 35 ctu
752 273 78 35 non
797 273 133 35 inciudit
897 273 89 35 nisi
952 273 156 35 praedicata
1063 273 156 35 quiditatiua,

705 298 95 44 quae
764 298 142 44 absoluta
871 298 107 44 sunt,
942 298 130 44 propter
1037 298 83 44 hoc
1084 298 118 44 statim
1155 298 71 44 docu

698 335 130 33 mentum
789 335 168 33 apposuit,
918 335 181 33 declarando
1048 335 181 33 differentiam

699 365 97 40 inter
764 365 141 40 materiam,
872 365 54 40 &
894 365 97 40 talem
959 365 151 40 potentiam,
1077 365 119 40 dicens,
1153 365 65 40 quod

701 397 137 44 materia
800 397 87 44 est
850 397 87 44 ens
900 397 175 44 absolutum,
1038 397 62 44 &
1063 397 112 44 talis
1125 397 100 44 poten-

698 428 84 38 tia
746 428 84 38 est
794 428 84 38 ens
842 428 192 38 respectiuum.
999 428 72 38 &,
1035 428 96 38 quia
1083 428 144 38 absoiutum,

705 459 70 34 vt
740 459 163 34 absolutum,
868 459 81 34 non
915 459 140 34 includit
1020 459 70 34 in
1054 459 105 34 primo
1124 459 105 34 signo
1182 459 47 34 na

705 492 101 39 turae
772 492 124 39 aliquid
862 492 180 39 respectiuum,
1009 492 79 39 sic
1054 492 124 39 materia
1144 492 68 39 in
1167 492 56 39 pri

698 523 74 31 mo
735 523 111 31 signo
808 523 86 31 non
857 523 147 31 includit
968 523 172 31 potentiam,
1103 523 86 31 sed
1140 523 86 31 solum

700 555 66 39 in
733 555 132 39 secundo.
832 555 66 39 Et
865 555 77 39 sic
909 555 99 39 etiam
974 555 121 39 locutus
1062 555 77 39 est
1106 555 88 39 Com.
1161 555 66 39 de
1183 555 44 39 po

706 585 102 41 tentia.
780 585 56 41 i.
808 585 74 41 phy.
854 585 74 41 com.
900 585 56 41 7.
928 585 65 41 vbi
965 585 83 41 dicit
1021 585 83 41 quod,
1077 585 56 41 si
1104 585 111 41 potentia
1179 585 46 41 es-

701 617 80 33 set
746 617 68 33 de
780 617 148 33 quiditate
894 617 148 33 materiae.
1008 617 91 33 tunc
1065 617 160 33 substantia
1179 617 46 33 ma

701 648 102 34 teriae
772 648 92 34 esset
834 648 61 34 ad
865 648 123 34 aliquid.
957 648 72 34 ibi
998 648 82 34 enim
1049 648 92 34 habet
1110 648 72 34 pro
1141 648 82 34 incom-

701 682 150 32 uenienti
813 682 150 32 materiam
925 682 75 32 in
963 682 87 32 suo
1013 682 100 32 esse
1063 682 162 32 quiditatiuo

705 716 98 37 primo,
774 716 117 37 secundum
862 716 78 37 quod
910 716 59 37 in
940 716 59 37 se
969 716 166 37 consideratur,
1106 716 78 37 quod
1145 716 78 37 poten-

706 742 79 37 tia
751 742 79 37 sit
796 742 67 37 de
829 742 90 37 eius
886 742 157 37 quiditate:
1009 742 90 37 quia
1066 742 90 37 tunc
1122 742 90 37 sine
1167 742 56 37 du-

701 775 81 36 bio
748 775 127 36 materia
840 775 81 36 non
886 775 104 36 esset
955 775 81 36 ens
1002 775 162 36 absolutum,
1129 775 81 36 sed
1163 775 58 36 ens

700 812 195 31 respectiuum.
859 812 159 31 similiter
981 812 171 31 substantia
1103 812 122 31 materiae

703 837 211 35 corrumperetur
877 837 162 35 ablatione
1001 837 162 35 potentiae
1125 837 62 35 &
1138 837 87 35 prae-

703 868 113 34 sentia
782 868 125 34 formae.
873 868 79 34 nam
918 868 102 34 talis
986 868 136 34 potentia
1088 868 125 34 passiua
1167 868 57 34 re-

705 903 116 39 spectum
790 903 95 39 dicit
853 903 63 39 ad
885 903 105 39 formam
958 903 158 39 recipiendam
1085 903 74 39 sub
1117 903 105 39 ratione,

706 941 74 34 qua
749 941 116 34 recipit
833 941 74 34 eam
876 941 64 34 ab
908 941 116 34 agente.
992 941 53 34 &
1013 941 95 34 talis
1077 941 138 34 potentia,
1172 941 53 34 quo

707 964 62 39 ad
738 964 93 39 illum
799 964 134 39 respectum
902 964 165 39 corrumpitur,
1036 964 113 39 inducta
1118 964 103 39 forma.
1190 964 51 39 &

698 995 111 39 ideo,
772 995 74 39 si
809 995 148 39 potentia
920 995 111 39 esset
994 995 74 39 de
1032 995 111 39 primo
1093 995 124 39 conceptu

697 1028 152 33 materiae,
814 1028 128 33 materia
907 1028 105 33 esset
977 1028 210 33 corruptibilis,
1152 1028 93 33 quod

704 1059 96 39 tamen
768 1059 107 39 falsum
843 1059 85 39 est.
896 1059 85 39 quia
950 1059 117 39 materia
1035 1059 64 39 in
1067 1059 75 39 suo
1110 1059 96 39 primo
1163 1059 64 39 esse

704 1096 153 40 abstrahit
822 1096 59 40 a
845 1096 164 40 gneratione
974 1096 59 40 &
998 1096 188 40 corruptione:
1139 1096 82 40 quia,

705 1131 76 34 est
749 1131 109 34 tantum
825 1131 98 34 ipsa,
890 1131 65 34 eo
923 1131 98 34 modo,
988 1131 76 34 quo
1032 1131 98 34 Auic.
1097 1131 98 34 dixit
1152 1131 65 34 quod

709 1156 145 38 equinitas
820 1156 78 38 est
865 1156 111 38 tantum
943 1156 156 38 equinitas.
1065 1156 78 38 Sed
1110 1156 67 38 tu
1132 1156 89 38 dices.

697 1187 93 31 cum
750 1187 93 31 per
803 1187 80 31 te
843 1187 146 31 matetia
950 1187 80 31 in
989 1187 146 31 secunda
1083 1187 146 31 contempla

707 1221 109 31 tione
780 1221 85 31 sui
828 1221 146 31 includat
938 1221 182 31 quiditatiue
1083 1221 109 31 talem
1144 1221 85 31 poten

702 1252 100 30 tiam:
768 1252 122 30 igitur,
857 1252 78 30 cum
901 1252 100 30 talis
968 1252 133 30 potentia
1068 1252 78 30 sit
1101 1252 122 30 corrupti-

701 1282 99 32 bilis,
771 1282 119 32 sequitur
860 1282 80 32 quod
910 1282 109 32 materia
989 1282 80 32 erit
1039 1282 179 32 corruptibilis.
1178 1282 40 32 Et

698 1315 73 31 ad
734 1315 85 31 hoc
783 1315 97 31 dico
844 1315 97 31 quod
905 1315 134 31 materia
1002 1315 85 31 per
1051 1315 158 31 potentiam
1160 1315 61 31 sui

707 1348 120 37 passiuam
797 1348 120 37 includit
887 1348 130 37 respectum
987 1348 60 37 ad
1017 1348 100 37 formam
1087 1348 120 37 communei
1167 1348 60 37 per-

701 1377 63 33 se
732 1377 94 33 primo
795 1377 63 33 in
826 1377 105 33 ordine
900 1377 63 33 ad
931 1377 105 33 agens,
1005 1377 52 33 &
1026 1377 94 33 talis
1089 1377 73 33 non
1131 1377 73 33 est
1162 1377 63 33 cor-

707 1408 128 40 ruptibils
806 1408 79 40 nisi
855 1408 69 40 per
895 1408 118 40 accides:
983 1408 79 40 quia
1033 1408 69 40 non
1072 1408 148 40 corrumpitur
1181 1408 39 40 il

698 1435 71 38 le
734 1435 166 38 respectus,
864 1435 95 38 nisi
923 1435 71 38 in
959 1435 118 38 ordine
1042 1435 71 38 ad
1065 1435 166 38 indiuidualem

704 1470 114 36 formam,
787 1470 83 36 quae
839 1470 73 36 per
880 1470 125 36 accidens
974 1470 145 36 respicitur
1088 1470 52 36 a
1109 1470 83 36 tali
1150 1470 73 36 poten

696 1509 100 29 tia.
758 1509 62 29 &
783 1509 87 29 sic
833 1509 87 29 non
883 1509 112 29 habeo
958 1509 87 29 pro
1008 1509 212 29 inconuenienti
1170 1509 50 29 ma

709 1533 94 37 teriam
775 1533 75 37 esse
822 1533 170 37 corruptibilem,
963 1533 47 37 &
982 1533 132 37 variabilem
1086 1533 113 37 secundum
1161 1533 66 37 esse,

701 1566 70 36 dum
741 1566 90 36 tamen
801 1566 120 36 secundum
891 1566 70 36 sui
931 1566 130 36 essentiam
1031 1566 160 36 inuariabilis
1151 1566 70 36 perma

708 1599 99 35 neat.
774 1599 88 35 Bene
829 1599 99 35 tamen
895 1599 88 35 pono
950 1599 66 35 in
983 1599 121 35 materia
1071 1599 143 35 potentias
1170 1599 55 35 pro

708 1636 102 30 prias
776 1636 159 30 distinctas
901 1636 57 30 a
924 1636 137 30 materia,
1026 1636 80 30 per
1072 1636 91 30 quas
1118 1636 102 30 materia

700 1669 112 32 primo
774 1669 149 32 respicit
886 1669 124 32 formas
973 1669 211 32 indiuiduales.
1135 1669 87 32 nume-

703 1692 79 43 rus
748 1692 90 43 enim
804 1692 136 43 formarum
906 1692 113 43 coegit
985 1692 113 43 ponere
1065 1692 124 43 numerum
1144 1692 79 43 poten

705 1727 106 35 tiarum.
782 1727 67 35 12.
821 1727 87 35 meta.
879 1727 77 35 com.
927 1727 67 35 12.
966 1727 58 35 Et
995 1727 87 35 istae
1052 1727 125 35 potentiae
1139 1727 87 35 indiui-

700 1759 110 35 duales
777 1759 88 35 sunt
832 1759 88 35 bene
887 1759 165 35 simpircitur
1018 1759 165 35 generabiles
1150 1759 55 35 &
1161 1759 66 35 cor-

699 1789 181 38 ruptibiles.
844 1789 60 38 &
868 1789 108 38 tales
940 1789 108 38 nullo
1012 1789 96 38 modo
1072 1789 120 38 suntde
1145 1789 84 38 quidi

700 1828 85 30 tate
753 1828 148 30 materiaeEt
870 1828 95 30 istae
933 1828 85 30 sunt
986 1828 138 30 infinitae
1081 1828 138 30 successiue,

704 1855 77 35 non
748 1855 66 35 in
781 1855 99 35 actu.
848 1855 99 35 sicut
914 1855 121 35 pessime
1002 1855 133 35 opinatus
1102 1855 77 35 est
1135 1855 88 35 loham.

698 1892 69 37 de
733 1892 127 37 Candauo
826 1892 69 37 in
860 1892 173 37 quaestione,
999 1892 127 37 propria
1091 1892 69 37 de
1114 1892 116 37 potentia

694 1925 138 30 materiae
798 1925 115 30 super.
879 1925 69 30 i.
914 1925 127 30 physic.
1006 1925 81 30 sed
1052 1925 92 30 ipse
1110 1925 81 30 non
1144 1925 81 30 vidit
