1416 2066
143 180 121 54 tem
212 180 139 54 quis
299 180 156 54 motus
403 180 191 54 primus,
542 180 87 54 &
559 180 104 54 quem

163 225 150 47 motum
263 225 217 47 perpetuum
430 225 217 47 contingit
581 225 83 47 so-

165 272 115 37 lum
230 272 148 37 esse,
329 272 82 37 &
362 272 132 37 quod
444 272 165 37 primum
543 272 132 37 mouens

157 305 197 49 immobile
304 305 115 49 sit
370 305 164 49 dictum
469 305 99 49 est.

211 348 147 54 Quonia
314 348 133 54 autem
403 348 133 54 motus
491 348 162 54 localis
594 348 74 54 sit

160 397 164 57 primus
274 397 164 57 motuum
389 397 213 57 testantur
536 397 131 57 omnes,

161 443 101 55 qui
218 443 158 55 aliquid
333 443 173 55 dixerunt
463 443 86 55 de
506 443 115 55 motu
563 443 101 55 inli-

166 487 108 52 bro.
233 487 202 52 attribuunt.
394 487 108 52 enim
461 487 175 52 principia
582 487 81 52 eius

153 543 120 55 bis,
228 543 105 55 qui
288 543 105 55 hoc
347 543 120 55 motu
422 543 194 55 mouentur.
556 543 90 55 Sepa

152 597 128 50 ratio
237 597 113 50 enim
308 597 71 50 &
336 597 213 50 congregatio
506 597 113 50 sunt
563 597 99 50 motus

164 629 163 61 locales.
287 629 95 61 sic
341 629 122 61 autem
422 629 149 61 opinati
531 629 109 61 sunt
586 629 82 61 ami-

161 676 129 62 citia,
251 676 64 62 &
277 676 116 62 litem
354 676 142 62 mouere:
457 676 103 62 haec
521 676 103 62 enim
573 676 77 62 sepa

155 724 123 70 rat,
231 724 123 70 illa
308 724 123 70 vero
385 724 215 70 congregat.
539 724 107 70 Anaxa

158 773 126 61 goras
242 773 126 61 autem
326 773 126 61 dicit
410 773 84 61 ae
451 773 196 61 itellectu,
591 773 70 61 qui

159 820 105 61 est
219 820 149 61 primus
323 820 149 61 motor,
428 820 134 61 ipsum
503 820 149 61 separare

161 867 75 55 &
191 867 226 55 discernere.
372 867 196 55 Similiter
522 867 136 55 autem
598 867 60 55 se

155 913 160 57 habent
267 913 80 57 &
299 913 112 57 qui
363 913 112 57 non
427 913 208 57 concedunt
571 913 96 57 ali-

153 960 123 61 quod
230 960 138 61 agens
322 960 215 61 huiusmodi,
491 960 108 61 sed
537 960 123 61 dicunt

159 1005 96 61 cia
214 1005 137 61 moueri
310 1005 96 61 per
365 1005 151 61 vacuum.
474 1005 110 61 illi
543 1005 110 61 enim
598 1005 68 61 di-

157 1053 108 46 cut
218 1053 169 46 naturam
341 1053 154 46 moueri
449 1053 216 46 localiter.
603 1053 62 46 mo

156 1106 97 58 tus
211 1106 110 58 enim
280 1106 152 58 propter
391 1106 138 58 vacuum
488 1106 97 58 est
543 1106 124 58 motus
612 1106 55 58 lo

157 1148 134 67 calis.
250 1148 201 67 impossibile
411 1148 94 67 est
465 1148 107 67 enim
532 1148 107 67 quod
586 1148 80 67 ali-

159 1196 122 58 quis
235 1196 168 58 aliorum
357 1196 153 58 motuum
464 1196 107 58 sit
525 1196 76 58 i
541 1196 122 58 primo,

150 1244 98 54 sed
206 1244 84 54 in
248 1244 112 54 his,
319 1244 112 54 quae
389 1244 211 54 generaliter
558 1244 127 54 fiunt
628 1244 42 54 a

155 1290 146 64 primo.
258 1290 146 64 dicunt
360 1290 117 64 enim
433 1290 205 64 augmentum,
594 1290 73 64 &
609 1290 58 64 al

156 1348 200 53 terationem
313 1348 129 53 fieri
399 1348 86 53 in
442 1348 229 53 congregatis,
614 1348 57 53 et

148 1384 190 61 separatis
295 1384 205 61 corporibus
441 1384 220 61 indiuisibili-

157 1432 115 59 bus.
229 1432 86 59 Et
272 1432 187 59 similiter
416 1432 101 59 qui
474 1432 144 59 dicunt
560 1432 101 59 gene-

157 1477 213 61 rationem,
321 1477 82 61 &
353 1477 262 61 corruptionem
550 1477 115 61 fieri

159 1524 80 63 ex
199 1524 227 63 spissitudine,
386 1524 67 63 &
412 1524 160 63 raritate
532 1524 107 63 haec
586 1524 80 63 enim

151 1573 183 64 ordinant
288 1573 92 64 in
334 1573 275 64 congregatione,
563 1573 76 64 &
579 1573 76 64 se-

156 1622 195 56 paratione.
309 1622 83 56 Et
351 1622 181 56 similiter
490 1622 111 56 alii
546 1622 111 56 ponen-

154 1661 106 53 tes
214 1661 151 53 animam
320 1661 151 53 causam
426 1661 121 53 esse
501 1661 151 53 motus.
592 1661 75 53 di-

165 1712 108 61 cunt
232 1712 108 61 enim
299 1712 135 61 illud,
394 1712 108 61 quod
461 1712 121 61 mouet
528 1712 135 61 seipsum,

158 1757 127 56 esse
237 1757 206 56 pricipium
396 1757 175 56 motuum.
507 1757 159 56 animalia

155 1804 165 62 autem,
270 1804 83 62 &
303 1804 198 62 quicquid
452 1804 149 62 habet
534 1804 132 62 anima,

674 180 165 64 mouent
790 180 99 64 se
840 180 132 64 motu
922 180 182 64 locali.
1038 180 165 64 Amplius,

680 228 87 63 si
724 228 160 63 dixerit
840 228 160 63 aliquid
957 228 145 63 moueri
1058 228 102 63 hic
1102 228 87 63 pri-

673 276 120 62 mo,
742 276 258 62 apprehendet
948 276 155 62 anima
1034 276 155 62 ipsum,s

683 325 137 61 moueri
779 325 137 61 tantum
875 325 82 61 in
916 325 123 61 loco.
998 325 178 61 quiescens
1122 325 68 61 au-

683 373 116 58 tem
750 373 100 58 ab
800 373 116 58 hoc
866 373 149 58 motu,
966 373 83 58 &
999 373 100 58 si
1032 373 166 58 continue

680 420 180 65 augetur,
815 420 105 65 aut
875 420 225 65 diminuitur,
1054 420 105 65 aut
1099 420 90 65 alte

687 468 137 62 ratur,
783 468 151 62 dicetur
893 468 137 62 moueri
989 468 110 62 sic,
1044 468 151 62 simplici-

674 517 109 45 ter
737 517 140 45 autem
830 517 109 45 non
892 517 171 45 dicetur
1017 517 171 45 moueri.
1126 517 62 45 Dt

676 565 127 61 ctum
755 565 127 61 est,
835 565 174 61 quoniam
961 565 143 61 motus
1041 565 158 61 simplici

677 621 106 47 ter
737 621 136 47 fuit,
828 621 76 47 &
858 621 121 47 erit
934 621 121 47 toto
1010 621 182 47 tempore,
1131 621 45 47 &

678 661 179 54 principiu
816 661 124 54 motus
899 661 152 54 aeterni
1009 661 110 54 quid
1078 661 110 54 sit,
1133 661 55 54 et

673 717 136 45 motus
764 717 181 45 aeternus
900 717 121 45 quis
975 717 121 45 sit,
1051 717 76 45 &
1066 717 121 45 motus,

686 753 83 58 qui
734 753 107 58 solus
805 753 119 58 potest
888 753 95 58 esse
948 753 155 58 aeternus,
1067 753 95 58 quis
1115 753 71 58 sit,

679 800 86 58 et
722 800 114 58 quod
793 800 143 58 primus
893 800 128 58 motor
978 800 100 58 sit
1021 800 157 58 imobilis.

721 869 100 46 Cum
778 869 200 46 declarauit
935 869 115 46 quod
1007 869 129 46 motus
1079 869 115 46 circu-

678 906 116 50 laris
755 906 90 50 est
807 906 116 50 prior
884 906 129 50 recto,
975 906 64 50 &
1000 906 90 50 iam
1052 906 116 50 prius
1117 906 64 50 pro

678 942 151 52 bauerat
788 942 124 52 motum
870 942 137 52 primum
966 942 110 52 esse
1035 942 124 52 motum
1104 942 82 52 loca

683 980 88 38 lem,
738 980 142 38 similiter
847 980 88 38 vult
902 980 77 38 hic
946 980 153 38 notificare
1066 980 99 38 motum
1121 980 66 38 loca

684 1021 80 37 lem
729 1021 126 37 priorem
821 1021 92 37 esse
878 1021 137 37 caeteris
981 1021 137 37 motibus,
1073 1021 114 37 Inducens

682 1051 175 59 testimonium
823 1051 105 59 super
893 1051 94 59 hoc,
951 1051 94 59 quod
1010 1051 105 59 omnes
1068 1051 117 59 dicentes

692 1093 107 53 motum
763 1093 143 53 generari
870 1093 143 53 secundum
977 1093 166 53 varietatem
1096 1093 83 53 eorum

676 1133 127 52 omnes
761 1133 141 52 coegit
860 1133 141 52 natura
959 1133 141 52 dicere
1058 1133 127 52 motum
1128 1133 57 52 lo

682 1179 115 31 calem
759 1179 141 31 priorem
862 1179 103 31 esse
926 1179 154 31 caeteris
1041 1179 154 31 motibus.
1144 1179 51 31 Et

682 1210 89 40 hoc
733 1210 102 40 est,
797 1210 114 40 quod.
873 1210 76 40 d.
911 1210 102 40 Qnam
975 1210 114 40 autem
1051 1210 127 40 motus,
1127 1210 64 40 &c.

679 1246 70 52 i.
714 1246 129 52 quoniam
808 1246 82 52 oes
855 1246 141 52 dicentes
961 1246 105 52 fieri
1031 1246 117 52 motum,
1101 1246 94 52 ponunt

683 1285 117 37 motum
761 1285 143 37 localem
865 1285 143 37 priorem
968 1285 104 37 esse
1033 1285 156 37 caeteris
1137 1285 52 37 mo

678 1329 121 45 tibus.
763 1329 109 45 ipsum
835 1329 97 45 enim
896 1329 97 45 esse
957 1329 121 45 coegit
1042 1329 85 45 eos
1090 1329 73 45 ad
1114 1329 73 45 hoc.

683 1358 136 44 D.dedit
782 1358 136 44 causam,
881 1358 62 44 &
906 1358 124 44 dixit,
993 1358 174 44 attribuunt
1117 1358 74 44 enim

684 1397 91 45 &c.
736 1397 78 45 i.
775 1397 130 45 dicunt
866 1397 104 45 enim
931 1397 169 45 principia
1061 1397 130 45 omnium
1139 1397 52 45 mo

683 1436 112 38 tuum
753 1436 140 38 moueri
851 1436 112 38 motu
921 1436 154 38 locali,
1032 1436 98 38 aut
1074 1436 112 38 dicunt

686 1480 189 37 principia
832 1480 145 37 omnium
933 1480 145 37 motuum
1035 1480 145 37 moueri
1122 1480 73 37 hoc

683 1509 113 52 motu
754 1509 142 52 primo.
853 1509 99 52 Qui
910 1509 113 52 enim
980 1509 142 52 dicunt
1065 1509 128 52 princi-

684 1548 104 48 pia
744 1548 179 48 agentia,
878 1548 149 48 dicunt
982 1548 149 48 primam
1072 1548 119 48 motio-

680 1581 88 54 nem
731 1581 113 54 horum
806 1581 201 54 principiorum
969 1581 100 54 esse
1032 1581 151 54 localem.
1132 1581 63 54 Qui

681 1624 105 43 autem
751 1624 116 43 dicunt
833 1624 105 43 omnia
902 1624 70 43 ex
937 1624 70 43 se
972 1624 116 43 mouer,
1053 1624 140 43 scilicet
1146 1624 47 43 na

689 1662 173 48 turalia,
818 1662 144 48 dicunt
919 1662 115 48 ipsa
991 1662 130 48 primo
1078 1662 101 48 hoc
1121 1662 72 48 mo-

687 1709 84 41 tu
729 1709 154 41 moueri.
841 1709 98 41 Et,
897 1709 98 41 cum
953 1709 126 41 dixit
1037 1709 112 41 quod
1093 1709 98 41 omnes

682 1738 174 40 dicentes
812 1738 145 40 mundum
914 1738 174 40 gnerari,
1044 1738 145 40 dicunt
1131 1738 58 40 mo

685 1772 93 50 tum
738 1772 147 50 localem
845 1772 147 50 priorem
952 1772 120 50 esse,
1032 1772 160 50 incoepit
1139 1772 53 50 di

679 1812 116 54 cere
752 1812 189 54 opiuionem
898 1812 218 54 Empedoclis,
1072 1812 160 54 dicens:
