1416 2066
190 165 84 37 Com.
243 165 63 37 I.
275 165 105 37 coeli.
349 165 84 37 com.
401 165 84 37 120.
454 165 74 37 nec
496 165 148 37 recordatus
612 165 74 37 est
644 165 63 37 com.

192 200 81 35 120.
243 200 61 35 4.
273 200 81 35 phy.
324 200 81 35 Ista
375 200 71 35 est
415 200 102 35 igitur
487 200 132 35 sententia
588 200 112 35 nostra.
659 200 41 35 e&

191 228 69 34 vt
226 228 104 34 vides
295 228 104 34 omnem
364 228 219 34 contradictionem
549 228 138 34 excludit
641 228 58 34 om-

187 261 116 31 nemque
268 261 197 31 difficultatem
430 261 150 31 absoluit.
546 261 69 31 et
581 261 104 31 licet
639 261 69 31 noua

190 292 86 30 sit,
244 292 75 30 non
287 292 96 30 tamen
351 292 118 30 propter
436 292 75 30 hoc
479 292 171 30 contemnenda:
618 292 75 30 cum
650 292 54 30 com

190 323 122 31 suetudo
278 323 77 31 sit
323 323 89 31 quid
378 323 155 31 extraneum,
500 323 133 31 accidens
588 323 111 31 veritati

229 357 215 29 Trigesimaquarta
410 357 147 29 contradi.
523 357 79 29 est
568 357 68 29 in
602 357 91 29 tex.
647 357 57 29 79.

193 381 99 40 Dicit
259 381 110 40 Arist.
335 381 55 40 &
357 381 88 40 Com.
412 381 88 40 quod
467 381 99 40 Plato
533 381 121 40 defecit
620 381 66 40 in
642 381 66 40 hoc,

198 418 83 33 quod
249 418 72 33 non
291 418 165 33 animaduertit
425 418 145 33 dicituriam
539 418 93 33 inter
590 418 114 33 materiam,

195 451 56 38 &
217 451 179 38 priuationem.
362 451 89 38 vnde
418 451 89 38 Com.
474 451 101 38 dicit
541 451 89 38 com.
597 451 78 38 79.
642 451 89 38 quod

186 484 110 30 Arist.
263 484 132 30 incoepit
362 484 132 30 inducere
462 484 176 30 differentias
605 484 99 30 veras
660 484 44 30 in

191 511 91 41 ter
243 511 156 41 materiam
360 511 65 41 &
386 511 208 41 priuationem.
555 511 91 41 Sed
594 511 117 41 oppone-

193 540 74 33 bam
236 540 74 33 per
278 540 85 33 cap.
331 540 64 33 3.
363 540 95 33 primi
427 540 64 33 de
459 540 127 33 partibus
554 540 148 33 animalium,
660 540 53 33 vbi

194 573 94 37 habet
256 573 105 37 Arist.
330 573 84 37 quod
382 573 168 37 priuationis,
518 573 73 37 qua
560 573 126 37 priuatio
644 573 63 37 est,

196 607 89 35 nulla
256 607 69 35 est
295 607 129 35 dicitura.
395 607 109 35 Dicimus
474 607 79 35 quod
523 607 119 35 Plotinus
613 607 79 35 ille
652 607 60 35 nobi

191 637 81 37 lis
238 637 174 37 Platonicus,
377 637 116 37 multum
458 637 139 37 insistit
563 637 139 37 aduersus
656 637 46 37 Pe

187 669 190 36 ripateticos
339 669 177 36 asserentes
479 669 152 36 materiam
593 669 63 36 &
606 669 101 36 priua-

197 701 118 36 tionem
280 701 95 36 esse
339 701 95 36 vnum
398 701 154 36 subiecto,
517 701 59 36 &
540 701 130 36 ratione
623 701 83 36 tamen

188 731 152 32 differre.
305 731 82 32 Nam
352 731 152 32 debuisset
470 731 105 32 prius
540 731 117 32 Arist.
610 731 94 32 ponere

192 758 151 38 vtriusque
308 758 151 38 rationem,
424 758 58 38 &
447 758 93 38 tunc
505 758 116 38 debuit
586 758 116 38 videre
656 758 46 38 an

192 794 196 31 distinguantur
353 794 184 31 definitione.
502 794 81 31 nam
548 794 92 31 quae
594 794 115 31 rationi-

184 828 92 29 bus,
242 828 58 29 &
265 828 208 29 definitionibus
438 828 162 29 differunt,
565 828 127 29 oportet
646 828 58 29 ta-

187 856 81 33 lia
234 856 185 33 definitiones
384 856 127 33 habere.
476 856 69 33 Et
511 856 104 33 tunc,
580 856 69 33 si
603 856 104 33 materia

187 890 103 39 habet
255 890 148 39 rationem,
369 890 57 39 &
392 890 137 39 priuatio
495 890 148 39 similiter
609 890 80 39 hoc
643 890 69 39 qui-

192 925 81 29 dem
238 925 92 29 esse
295 925 81 29 non
341 925 138 29 poterit,
445 925 92 29 nisi
502 925 115 29 altero
583 925 104 29 trium
640 925 69 29 nio-

189 957 107 35 dorum,
264 957 75 35 aut
307 957 86 35 quod
361 957 118 35 neutrum
446 957 64 35 in
478 957 118 35 ratione
564 957 128 35 alterius
649 957 54 35 po-

191 984 118 34 natur,
274 984 59 34 &
297 984 94 34 tunc
356 984 106 34 erunt
427 984 82 34 non
474 984 106 34 solum
544 984 82 34 duo
591 984 71 34 in
615 984 94 34 ratio-

192 1017 82 35 ne,
239 1017 94 35 iimo
298 1017 82 35 duo
345 1017 70 35 in
380 1017 94 35 esse
439 1017 59 35 &
462 1017 153 35 subiecto,
580 1017 82 35 aut
615 1017 94 35 vtrum-

193 1048 78 35 que
237 1048 122 35 ponitur
326 1048 134 35 vicissim
427 1048 67 35 in
460 1048 122 35 ratione
549 1048 145 35 alterius,
649 1048 56 35 si-

197 1081 91 33 cut
249 1081 117 33 simum
327 1081 91 33 cum
379 1081 104 33 naso
444 1081 117 33 simo.
522 1081 91 33 nam
574 1081 78 33 in
600 1081 104 33 defini

199 1110 104 36 tione
269 1110 92 36 simi
326 1110 127 36 ponitur
418 1110 115 36 nasus,
499 1110 58 36 &
522 1110 127 36 econtra
614 1110 69 36 in
637 1110 81 36 defi-

189 1142 144 36 nitione
294 1142 105 36 nasi
359 1142 105 36 simi
424 1142 144 36 ponitur
529 1142 131 36 simum.
620 1142 65 36 &
634 1142 78 36 tunc

193 1178 96 32 etiam
258 1178 129 32 sequitur
354 1178 86 32 quod
407 1178 86 32 sint
461 1178 86 32 duo.
515 1178 64 32 si
547 1178 86 32 vero
600 1178 64 32 se
622 1178 96 32 habeant

195 1206 91 39 quod
251 1206 91 39 vnum
308 1206 125 39 ponatur
399 1206 68 39 in
433 1206 125 39 ratione
524 1206 148 39 alterius,
638 1206 57 39 &
660 1206 79 39 non

194 1244 132 33 econtra,
293 1244 99 33 sicut
359 1244 99 33 calor
425 1244 121 33 ponitur
513 1244 66 33 in
546 1244 121 33 ratione
623 1244 88 33 ignis,

194 1271 75 38 non
237 1271 97 38 autem
302 1271 97 38 ignis
366 1271 64 38 in
398 1271 118 38 ratione
484 1271 129 38 caloris,
580 1271 86 38 tunc
623 1271 86 38 sequi-

198 1297 77 42 tur
242 1297 88 42 quod
297 1297 133 42 priuatio
397 1297 88 42 erit
452 1297 99 42 sicut
518 1297 110 42 forma,
596 1297 55 42 &
607 1297 99 42 materia

191 1334 68 29 vt
225 1334 158 29 subiectum.
349 1334 57 29 &
372 1334 90 29 tunc
428 1334 102 29 adhuc
496 1334 136 29 sequitur
598 1334 90 29 quod
654 1334 79 29 non

186 1365 96 30 sunt
246 1365 108 30 vnum.
318 1365 132 30 Dicimus
414 1365 96 30 quod
473 1365 72 30 se
509 1365 120 30 habent
593 1365 120 30 tertio
665 1365 48 30 mo

195 1394 84 33 do.
243 1394 96 33 quia
303 1394 144 33 priuatio
411 1394 132 33 ponitur
507 1394 72 33 in
543 1394 132 33 ratione
627 1394 84 33 mate-

182 1429 119 36 riae,
261 1429 146 36 quantum
367 1429 79 36 ad
407 1429 159 36 secundam
526 1429 93 36 sui
565 1429 146 36 notionem,

195 1460 81 34 qua
242 1460 139 34 refertur
346 1460 69 34 ad
380 1460 104 34 alia,
449 1460 127 34 materia
542 1460 92 34 enim
588 1460 127 34 negatione

195 1493 186 30 cognoscitur,
346 1493 70 30 vt
381 1493 104 30 dicit
451 1493 174 30 Philosophus
590 1493 70 30 in
625 1493 81 30 10.
660 1493 46 30 me

194 1525 70 36 ta.
234 1525 60 36 in
264 1525 80 36 tex.
314 1525 80 36 com.
364 1525 70 36 34.
404 1525 70 36 non
444 1525 90 36 tamen
503 1525 60 36 ex
533 1525 70 36 hoc
573 1525 120 36 sequitur
653 1525 50 36 qui

194 1551 81 32 sint
245 1551 81 32 duo,
295 1551 81 32 nisi
346 1551 122 32 secundum
437 1551 132 32 rationem.
539 1551 61 32 Et
569 1551 81 32 quod
610 1551 101 32 obiicie-

195 1583 111 36 batur,
273 1583 89 36 quia
328 1583 89 36 tunc
384 1583 133 36 priuatio
484 1583 89 36 erit
539 1583 133 36 species,
639 1583 56 36 &
650 1583 56 36 ma-

190 1614 95 42 teria
254 1614 85 42 erit
307 1614 148 42 subiectum,
423 1614 95 42 sicut
487 1614 95 42 calor
550 1614 127 42 respectu
635 1614 74 42 ignis

191 1649 91 33 nam
243 1649 117 33 calor
321 1649 183 33 necessario
465 1649 144 33 ponitur
569 1649 78 33 in
596 1649 117 33 ratione

195 1678 101 39 ignis,
266 1678 51 39 &
286 1678 71 39 non
326 1678 121 39 econtra.
418 1678 132 39 Soluitur,
519 1678 81 39 quod
569 1678 132 39 priuatio,
660 1678 51 39 qua

191 1710 76 31 est
235 1710 65 31 in
267 1710 98 31 prima
333 1710 131 31 materia,
431 1710 76 31 est
475 1710 98 31 sicut
540 1710 131 31 species,
639 1710 65 31 vt
660 1710 55 31 di-

193 1741 64 37 cit
230 1741 138 37 Philosophus
340 1741 64 37 in.
377 1741 55 37 2.
404 1741 74 37 phy.
450 1741 55 37 in
478 1741 74 37 tex.
524 1741 64 37 com
561 1741 74 37 enim
607 1741 110 37 secundum
680 1741 37 37 al

186 1774 108 37 teram
258 1774 193 37 expositionem
415 1774 133 37 Commen.
511 1774 96 37 ibi.
571 1774 84 37 sed
620 1774 84 37 non
656 1774 60 37 est

192 1813 89 28 vera
248 1813 134 28 species,
348 1813 100 28 sicut
414 1813 100 28 calor
481 1813 134 28 respectu
581 1813 111 28 ignis.
648 1813 67 28 vnde

184 1837 83 50 est
232 1837 143 50 dicitura
339 1837 107 50 magna
410 1837 107 50 inter
482 1837 131 50 calorem
577 1837 60 50 &
601 1837 119 50 ignem,
672 1837 36 50 &

185 1869 119 37 inter
264 1869 159 37 materiam
383 1869 66 37 &
410 1869 212 37 priuationem.
582 1869 106 37 caor
635 1869 79 37 enim

189 1900 125 38 dicit
272 1900 139 38 formam
370 1900 153 38 quandam
481 1900 194 38 positiuam,
634 1900 69 38 &
648 1900 69 38 rem

730 165 132 44 additam
826 165 108 44 supra
898 165 132 44 naturam
994 165 120 44 ignis,
1077 165 96 44 siue
1137 165 84 44 sit
1173 165 72 44 sub-

723 197 137 37 stantia,
825 197 91 37 siue
882 197 137 37 accidens
984 197 80 37 non
1030 197 102 37 curo.
1098 197 80 37 sed
1132 197 114 37 priuatio

725 229 113 33 supra
801 229 138 33 naturam
901 229 151 33 materiae
1014 229 88 33 non
1064 229 113 33 ponit
1127 229 113 33 aliquam

724 260 130 38 formam
815 260 182 38 positiuam:
958 260 156 38 alioquin
1076 260 143 38 materia
1167 260 78 38 ipsa

725 293 111 38 esset
798 293 135 38 formata
897 293 86 38 nec
946 293 111 38 ponit
1020 293 135 38 aliquat
1118 293 86 38 rem
1155 293 86 38 posi-

730 319 111 43 tiuam:
808 319 89 43 quae
863 319 78 43 sit
908 319 156 43 substantia
1030 319 78 43 ver
1075 319 145 43 accidens,
1186 319 78 43 sed

722 354 123 34 solum
804 354 123 34 dicit
886 354 191 34 negationem
1036 354 109 34 oium
1090 354 150 34 forniarum

723 385 174 33 formaliter
859 385 162 33 loquendo.
984 385 62 33 &
1009 385 87 33 hoc
1058 385 100 33 est,
1121 385 100 33 quod
1170 385 75 33 pul-

731 419 87 31 chre
786 419 98 31 dicit
851 419 153 31 Themistius
972 419 66 31 in
1004 419 175 31 digressione,
1147 419 87 31 quod
1190 419 55 31 cum

722 450 128 32 dicimus
815 450 139 32 materiam
919 450 162 32 informemn,
1047 450 81 32 vel
1093 450 70 32 in
1117 450 128 32 affectam.

727 484 111 38 nomen
800 484 172 38 inaffecta,
936 484 86 38 non
985 484 111 38 dicit
1059 484 135 38 aliquam
1145 484 98 38 priua-

725 513 133 33 tionem:
821 513 96 33 quia
882 513 84 33 cum
930 513 145 33 priuatio
1038 513 145 33 qualitas
1135 513 108 33 quaedam

728 539 92 46 sit,
785 539 150 46 accideret
900 539 138 46 materiam
1004 539 92 46 esse
1061 539 127 46 qualem,
1153 539 81 46 sed
1188 539 58 46 di-

732 574 80 36 cit
777 574 160 36 negationem
903 574 114 36 puram.
983 574 68 36 Et
1017 574 80 36 hoc
1062 574 148 36 asseuerat
1165 574 80 36 etiam

737 605 114 37 Comnme.
820 605 62 37 in
851 605 83 37 com.
903 605 73 37 79.
944 605 104 37 dicens
1017 605 83 37 quod
1069 605 125 37 priuatio
1162 605 73 37 non
1193 605 52 37 est

729 637 172 37 substantia,
866 637 80 37 nec
912 637 69 37 ac
947 637 126 37 cidens,
1038 637 161 37 formaliter
1153 637 92 37 loquen

733 668 70 38 do.
773 668 110 38 Dicitur
853 668 90 38 autem
913 668 90 38 talis
973 668 120 38 priuatio
1064 668 60 38 in
1094 668 120 38 materia,
1184 668 80 38 quae

725 702 178 36 negationem
865 702 152 36 formarum
979 702 127 36 omnium
1068 702 165 36 importat,
1183 702 64 36 es-

724 732 78 31 se
763 732 182 31 quodammodo
906 732 143 31 species
1009 732 169 31 materiae,
1126 732 117 31 inquan-

733 765 84 29 tum
781 765 120 29 natura
865 765 96 29 eius
926 765 96 29 tali
986 765 181 29 priuatione,
1131 765 84 29 seu
1167 765 84 29 nega-

727 795 96 34 tione
791 795 181 34 congnoscitur.
940 795 117 34 dicimus
1025 795 85 34 enim
1078 795 64 34 vt
1110 795 117 34 asserit
1184 795 64 34 Com.

729 825 69 33 in.
768 825 59 33 7.
798 825 88 33 meta.
857 825 78 33 com.
906 825 78 33 vlt.
955 825 78 33 quod
1004 825 108 33 materia
1082 825 69 33 est
1122 825 98 33 natura
1180 825 69 33 illa.

732 857 101 33 cuius
799 857 146 33 quiditas,
911 857 56 33 &
933 857 101 33 forma
1001 857 78 33 est
1045 857 134 33 recipere
1135 857 112 33 formam

730 889 86 36 nam.
784 889 65 36 7.
816 889 97 36 meta.
881 889 75 36 te.
924 889 86 36 com.
978 889 65 36 L.
1010 889 118 36 Materia
1096 889 75 36 non
1139 889 75 36 est
1172 889 75 36 quid,

732 925 64 37 nec
768 925 92 37 quale,
833 925 82 37 neque
888 925 110 37 quantum,
970 925 64 37 nec
1007 925 156 37 vniversaliter
1135 925 101 37 aliquid
1199 925 46 37 eo-

728 949 100 37 tum.
790 949 125 37 quibus
877 949 87 37 ens
927 949 87 37 est
977 949 212 37 determinatum,
1151 949 87 37 sed
1189 949 62 37 est

729 989 129 35 potentia
826 989 97 35 omnia
890 989 97 35 haec.
954 989 86 35 quia
1008 989 107 35 igitur
1083 989 64 35 in
1115 989 118 35 secunda
1190 989 54 35 no-

733 1014 112 36 tione
807 1014 87 36 sui
857 1014 149 36 materia,
968 1014 87 36 qua
1018 1014 173 36 comparatur
1154 1014 74 36 ad
1179 1014 74 36 alia

735 1052 166 36 priuatione
865 1052 59 36 &
889 1052 154 36 negatione
1007 1052 189 36 describitur,
1161 1052 83 36 sic
1197 1052 59 36 pri

738 1078 93 42 latio
800 1078 72 42 est
841 1078 62 42 de
872 1078 113 42 ratione
954 1078 93 42 eius,
1016 1078 52 42 &
1037 1078 72 42 est
1078 1078 93 42 illi,
1140 1078 93 42 sicut
1191 1078 62 42 spe-

734 1109 92 37 cies
792 1109 58 37 &
815 1109 115 37 forma.
896 1109 69 37 in
931 1109 104 37 prima
1000 1109 104 37 autem
1069 1109 81 37 sui
1115 1109 127 37 notione
1196 1109 58 37 est

735 1147 135 37 quaedam
833 1147 171 37 substantia
967 1147 61 37 &
992 1147 135 37 entitas
1090 1147 159 37 absoluta,
1212 1147 61 37 &

737 1174 82 33 sic
784 1174 152 33 numeratur
901 1174 70 33 in
936 1174 140 33 entibus.
1041 1174 58 33 &
1064 1174 93 33 quia
1123 1174 93 33 eius
1169 1174 82 33 priua

729 1205 90 38 tio
781 1205 180 38 formaliter
922 1205 193 38 consyderata
1076 1205 90 38 non
1115 1205 141 38 numeratur

731 1238 68 31 in
765 1238 136 31 entibus,
867 1238 79 31 sic
912 1238 91 31 sunt
969 1238 79 31 duo
1015 1238 68 31 in
1049 1238 136 31 ratione,
1139 1238 114 31 materia,

730 1267 58 31 &
754 1267 93 31 eius
812 1267 152 31 priuatio.
929 1267 70 31 Ad
964 1267 187 31 authoritatem
1116 1267 105 31 autem
1174 1267 82 31 Aris.

734 1305 145 26 respondetur,
852 1305 73 26 quod
897 1305 82 26 verum
952 1305 73 26 est,
997 1305 73 26 quod
1043 1305 109 26 priuatio
1125 1305 118 26 dicituras
1216 1305 64 26 non

731 1331 109 31 habet,
807 1331 109 31 quibus
884 1331 65 31 in
917 1331 120 31 species
1004 1331 109 31 diuidi
1080 1331 120 31 possit.
1157 1331 98 31 Arguit.

732 1360 85 43 enim
786 1360 74 43 ibi
828 1360 106 43 contra
902 1360 106 43 illos,
977 1360 74 43 qui
1019 1360 149 43 diciturias
1136 1360 74 43 per
1168 1360 85 43 priua-

729 1392 109 42 tiones
805 1392 131 42 dicebant
903 1392 98 42 fieri
969 1392 76 42 non
1012 1392 109 42 posse,
1089 1392 65 42 vt
1121 1392 98 42 eius,
1187 1392 87 42 quod

733 1426 72 32 non
774 1426 72 32 est
815 1426 112 32 species
896 1426 112 32 aliqua,
978 1426 82 32 esse
1029 1426 112 32 possit,
1111 1426 72 32 per
1152 1426 72 32 hoc
1182 1426 72 32 tamen

728 1461 90 39 non
779 1461 115 39 negat
856 1461 205 39 Philosophus,
1023 1461 102 39 quin
1087 1461 115 39 ratio
1151 1461 102 39 priua-

731 1489 115 34 tionis
811 1489 80 34 non
857 1489 80 34 sit
903 1489 138 34 aliquid,
1006 1489 126 34 ratione
1098 1489 161 34 distinctum
1213 1489 34 34 a

726 1520 155 33 materia,
843 1520 194 33 priuationes
998 1520 104 33 enim
1063 1520 181 33 quodammodo
1192 1520 65 33 ha-

731 1551 93 35 bent
790 1551 198 35 definitiones.
952 1551 128 35 Moderni
1046 1551 105 35 autem
1104 1551 151 35 formalixan-

728 1587 88 31 tes
779 1587 125 31 dicunt
866 1587 88 31 non
917 1587 88 31 ens
967 1587 100 31 esse
1029 1587 88 31 non
1079 1587 100 31 idem
1142 1587 113 31 enti,
1217 1587 63 31 &

731 1616 82 35 non
778 1616 129 35 proprie
872 1616 152 35 concedunt
988 1616 152 35 differre,
1105 1616 82 35 aut
1152 1616 93 35 dist
1210 1616 70 35 in

727 1647 79 39 gui
772 1647 68 39 ab
806 1647 102 39 ente.
873 1647 79 39 sed
919 1647 79 39 nos
964 1647 102 39 illum
1031 1647 102 39 modum
1099 1647 135 39 vsitatum
1201 1647 79 39 in

731 1677 144 37 uenimus
836 1677 105 37 apud
901 1677 236 37 Peripateticos:
1098 1677 66 37 &
1124 1677 105 37 ideo
1189 1677 92 37 non

731 1708 146 38 curamus
837 1708 80 38 de
877 1708 120 38 dicto
944 1708 106 38 eorum.

763 1741 241 31 Trigesimaquinta
966 1741 203 31 contradictio
1131 1741 89 31 est
1182 1741 76 31 in
1208 1741 63 31 te.

733 1772 82 41 Si.
780 1772 105 41 Dicit
850 1772 175 41 Philosopus.
990 1772 152 41 Existente
1107 1772 94 41 enim
1166 1772 117 41 quodam
1236 1772 35 41 t

733 1805 133 37 diuino,
829 1805 60 37 &
853 1805 108 37 bono,
926 1805 60 37 &
950 1805 181 37 appetibili,
1094 1805 133 37 alterum
1179 1805 72 37 qui-

735 1835 88 43 dem
786 1835 176 43 contrarium
924 1835 100 43 ipsi
986 1835 100 43 esse
1049 1835 150 43 dicimus,
1149 1835 113 43 alterum

734 1867 112 36 vero,
808 1867 100 36 quod
871 1867 112 36 aptum
945 1867 112 36 natum
1020 1867 87 36 est
1070 1867 162 36 appetere,
1195 1867 62 36 &
1207 1867 50 36 de

732 1900 136 44 syderare
834 1900 102 44 ipsum
902 1900 136 44 secundum
1004 1900 136 44 suipsius
1106 1900 136 44 nuturam.
1196 1900 57 44 vbi
