1416 2066
169 173 80 70 &
201 173 128 70 quid
281 173 112 70 est
345 173 176 70 primum,
472 173 128 70 quod
552 173 144 70 egit,
632 173 64 70 et

183 233 117 57 quid
257 233 161 57 recepit
374 233 190 57 actionem,
520 233 73 57 &
535 233 161 57 similiter

178 276 251 62 consyderatur
382 276 94 62 in
429 276 235 62 sequentibus
602 276 94 62 vnum

179 329 120 58 post
254 329 136 58 aliud
330 329 136 58 semper.

226 396 86 46 Cum
275 396 124 46 dixit:
362 396 99 46 quod
423 396 161 46 Naturalis
534 396 161 46 perscrutatu

187 436 78 56 de
226 436 144 56 quatuor
331 436 144 56 causis,
435 436 157 56 incoepit
540 436 157 56 perscruta-

186 482 80 40 ri
226 482 107 40 hoc,
293 482 67 40 &
320 482 121 40 prius
400 482 80 40 de
440 482 161 40 materia,
561 482 67 40 &
588 482 80 40 d.
615 482 80 40 Nen-

183 517 104 51 cesse
253 517 81 51 est
299 517 128 51 igitur,
392 517 81 51 &c.
438 517 70 51 i.
473 517 58 51 &
496 517 128 51 oportet
589 517 116 51 igitur
659 517 46 51 Na

178 556 174 52 turalem
305 556 127 52 apud
384 556 300 52 interrogationem
621 556 79 52 per

189 597 123 46 quare
271 597 191 46 respondere
422 597 96 46 per
476 597 178 46 materiam,
613 597 68 46 &
627 597 68 46 per

195 636 151 48 primum
300 636 181 48 motorem:
436 636 181 48 cognitio
572 636 121 48 enim
632 636 60 48 ge

194 671 168 52 nerationis
326 671 84 52 non
374 671 180 52 perficitur,
518 671 96 52 nisi
578 671 108 52 dando
638 671 60 52 has

191 712 94 51 duas
250 712 129 51 causas.
343 712 70 51 v.
378 712 70 51 g.
413 712 140 51 quoniam,
519 712 82 51 cum
565 712 94 51 quae
612 712 82 51 rimus

187 751 119 43 scire
266 751 198 43 gnerationem
424 751 132 43 homis,
516 751 119 43 primo
582 751 119 43 quaeri-

190 790 90 51 mus
242 790 77 51 ex
280 790 90 51 quo
332 790 167 51 geneatur,
460 790 64 51 &
486 790 64 51 a
512 790 90 51 quo
563 790 142 51 gnatur.
653 790 39 51 D

191 830 72 49 d.
227 830 84 49 ita
275 830 96 49 quod
334 830 203 49 consyderemus,
502 830 84 49 &c.
550 830 72 49 i.
585 830 84 49 cum
621 830 72 49 per-

193 865 173 52 scrutati
322 865 173 52 fuerimus
452 865 86 52 in
495 865 144 52 aliquo
582 865 115 52 genere

194 904 80 42 de
234 904 120 42 istis
314 904 134 42 duabus
407 904 147 42 causis,
514 904 147 42 oportet
608 904 93 42 primo

191 948 196 44 perscrutari
348 948 78 44 de
387 948 131 44 primis
478 948 131 44 causis
569 948 131 44 illius
648 948 52 44 en

197 981 76 45 tis
241 981 130 45 actiuis,
338 981 54 45 &
360 981 141 45 passiuis.
469 981 65 45 d.
501 981 109 45 postea
577 981 87 45 duae
621 981 76 45 aliis

194 1023 124 43 causis
281 1023 149 43 secundum
392 1023 149 43 ordinem,
504 1023 112 43 donec
566 1023 137 43 perueniat

190 1061 71 50 ad
226 1061 94 50 caus
285 1061 83 50 rei
332 1061 165 50 propinquas
461 1061 141 50 scilicet
556 1061 141 50 incipiendo

187 1099 71 52 a
215 1099 128 52 primo
301 1099 157 52 motore,
414 1099 71 52 &
443 1099 199 52 prueniendo
599 1099 85 52 ad
628 1099 71 52 vl-

189 1139 114 39 timum
266 1139 153 39 motorem:
380 1139 64 39 &
405 1139 165 39 similiter
533 1139 178 39 incipiendo
660 1139 38 39 a

188 1176 142 50 prima
283 1176 189 50 materia,
424 1176 79 50 &
456 1176 189 50 puemendo
598 1176 94 50 ad
629 1176 63 50 vl

186 1217 122 41 timam
268 1217 176 41 materiam,
403 1217 162 41 propriam
525 1217 176 41 illienti,
647 1217 54 41 de

189 1256 89 42 quo
240 1256 216 42 perserutatur.
418 1256 64 42 &
444 1256 102 42 ideo
507 1256 140 42 oportet
609 1256 76 42 in
634 1256 64 42 hoc

188 1295 118 43 libro
267 1295 197 43 perscrutari
425 1295 79 43 de
464 1295 118 43 prima
543 1295 158 43 materia,
662 1295 66 43 &

170 1338 135 49 primo
260 1338 165 49 motore.
380 1338 120 49 D.d.
454 1338 75 49 &
484 1338 120 49 quid
559 1338 105 49 est
604 1338 90 49 pri-

187 1381 114 44 mum,
258 1381 114 44 quod
329 1381 128 44 egit,
414 1381 99 44 &c.
471 1381 85 44 i.
513 1381 71 44 &
528 1381 170 44 incipiemus

181 1413 119 51 apud
255 1413 282 51 consyderationem
492 1413 89 51 de
537 1413 133 51 istis
611 1413 89 51 cau-

188 1453 107 54 sis,
254 1453 67 54 &
281 1453 147 54 ordinem
388 1453 134 54 earum,
481 1453 67 54 a
508 1453 120 54 primo
575 1453 120 54 agente,

192 1490 70 56 &
220 1490 70 56 a
248 1490 126 56 primo
332 1490 182 56 patiente,
471 1490 140 56 deinde
555 1490 140 56 descende

189 1533 92 37 mus
241 1533 158 37 secundum
360 1533 236 37 consecutionem,
557 1533 66 37 &
570 1533 131 37 continua

189 1571 172 51 tionem,
314 1571 140 51 donec
408 1571 234 51 perueniamus
595 1571 94 51 ad
626 1571 78 51 cau

187 1610 104 49 sas
232 1610 193 49 propinquas.

224 1655 202 49 Duplicia
376 1655 152 49 autem
477 1655 135 49 sunt
544 1655 152 49 princi-

184 1700 124 47 pia
255 1700 213 47 mouentia
415 1700 213 47 physice,
556 1700 142 47 quorum

183 1740 190 38 alterum
321 1740 121 38 non
390 1740 207 38 Physicum
545 1740 138 38 est:
614 1740 86 38 non

182 1781 134 37 enim
266 1781 151 37 habet
367 1781 151 37 motus
468 1781 235 37 principium
636 1781 67 37 in

185 1820 142 53 seipso.
288 1820 103 53 tale
353 1820 116 53 autem
431 1820 103 53 est,
495 1820 78 53 si
534 1820 142 53 aliquid
637 1820 90 53 mo

188 1860 117 55 uet,
262 1860 117 55 quod
335 1860 103 55 non
393 1860 176 55 mouetur,
525 1860 88 55 vt
569 1860 103 55 id,
613 1860 88 55 quod

716 180 181 62 penitus
847 180 115 62 est
913 180 214 62 immobile,
1077 180 82 62 &
1110 180 132 62 quod
1176 180 66 62 om

709 228 153 56 nium
804 228 191 56 primum
919 228 114 56 est.

768 268 137 62 prima
859 268 197 62 principia
1010 268 121 62 sunt
1086 268 121 62 duo,
1147 268 91 62 vnum

718 316 89 62 no
763 316 192 62 Naturale,
910 316 162 62 quoniam
1028 316 89 62 in
1073 316 89 62 eo
1117 316 103 62 non
1161 316 74 62 est

715 365 218 61 principium
887 365 156 61 motus.
996 365 78 61 &
1027 365 125 61 quod
1105 365 109 61 est
1151 365 78 61 ta-

712 413 90 53 le
757 413 149 53 mouet,
861 413 75 53 &
891 413 105 53 non
951 413 179 53 mouetur,
1086 413 90 53 vt
1115 413 120 53 illud,

711 460 131 69 quod
793 460 115 69 non
858 460 180 69 mouetur
989 460 164 69 aliquo
1104 460 131 69 modo
1169 460 66 69 om

711 509 145 62 nino,
807 509 80 62 &
839 509 112 62 est
904 509 161 62 primum
1016 509 145 62 omium
1096 509 129 62 rerum.

756 573 104 45 Cum
816 573 208 45 declarauit
979 573 119 45 quod
1053 573 163 45 oportet
1157 573 74 45 Na-

718 614 163 56 turalem
837 614 222 56 consyderare
1014 614 89 56 de
1058 614 148 56 causis
1147 614 74 56 mo-

717 661 137 37 tiuis,
813 661 164 37 incoepit
936 661 164 37 inducere
1059 661 123 37 modos
1128 661 109 37 earum,

718 693 66 45 &
744 693 132 45 dixit:
836 693 105 45 quod
902 693 105 45 sunt
968 693 185 45 naturalis,
1113 693 66 45 &
1140 693 92 45 non
1179 693 53 45 na

712 735 174 35 turalis.
842 735 72 35 &
871 735 101 35 hoc
929 735 203 35 intendebat
1088 735 101 35 cum
1132 735 101 35 dixit

713 773 100 50 non
770 773 201 50 Naturalis.
928 773 72 50 &
956 773 201 50 intendebat
1114 773 100 50 per
1157 773 72 50 hoc

717 819 107 39 quod
783 819 214 39 consyderatio
957 819 80 39 de
997 819 174 39 quiditate
1117 819 107 39 istius

715 853 149 38 motoris
823 853 95 38 non
877 853 95 38 est
931 853 189 38 naturalis,
1079 853 95 38 sed
1120 853 95 38 solum

709 893 134 45 modo
793 893 235 45 consyderat
978 893 101 45 de
1028 893 118 45 hoc
1079 893 134 45 motore

718 925 79 46 in
757 925 157 46 probando
875 925 118 46 ipsum
954 925 105 46 esse
1019 925 131 46 tanum.
1111 925 92 46 Et,
1150 925 66 46 cun

715 963 158 54 narrauit
833 963 105 54 quod
899 963 105 54 iste
965 963 119 54 motor
1044 963 92 54 non
1097 963 92 54 est
1137 963 92 54 natu-

715 1013 131 37 ralis,
806 1013 117 37 dedit
885 1013 144 37 causam,
989 1013 65 37 &
1015 1013 131 37 dixit:
1107 1013 91 37 non
1146 1013 78 37 enim

720 1043 88 51 est
771 1043 76 51 in
809 1043 76 51 eo
846 1043 176 51 principium
985 1043 126 51 motus.
1073 1043 63 51 &
1099 1043 101 51 iste
1149 1043 63 51 ser

718 1092 90 44 mo
763 1092 210 44 componitur
928 1092 105 44 sic
987 1092 90 44 in
1032 1092 165 44 secunda
1137 1092 90 44 figu

711 1125 106 45 ra.
771 1125 151 45 Primus
877 1125 136 45 motor
967 1125 106 45 non
1028 1125 136 45 habet
1103 1125 121 45 princi

718 1161 115 49 pium
789 1161 144 49 motus,
890 1161 72 49 a
919 1161 100 49 quo
976 1161 158 49 mouetur
1091 1161 100 49 sed
1148 1161 100 49 mo

716 1203 97 39 tor
771 1203 179 39 naturalis
909 1203 124 39 habet
992 1203 83 39 in
1034 1203 83 39 se
1061 1203 166 39 principium

712 1246 144 45 motus,
812 1246 101 45 per
870 1246 115 45 quod
942 1246 173 45 mouetur:
1072 1246 115 45 eroo
1130 1246 86 45 pri-

721 1268 100 54 mus
778 1268 128 54 motor
863 1268 100 54 non
920 1268 100 54 est
977 1268 185 54 naturalis
1119 1268 114 54 D.d.
1176 1268 43 54 &

715 1325 96 39 quod
775 1325 84 39 est
823 1325 108 39 tale,
894 1325 84 39 &c.
942 1325 72 39 i.
978 1325 155 39 huiusmodi
1097 1325 108 39 motor
1157 1325 60 39 ne-

723 1357 105 49 esse
789 1357 105 49 est,
854 1357 79 49 si
894 1357 144 49 fuerit,
999 1357 118 49 ipsum
1078 1357 131 49 mouere
1156 1357 66 49 abs

716 1397 97 50 que
771 1397 97 50 eo,
827 1397 111 50 quod
896 1397 180 50 moueatur.
1034 1397 69 50 &
1062 1397 97 50 non
1117 1397 97 50 est
1159 1397 69 50 ita

713 1436 90 52 de
758 1436 149 52 motore
862 1436 194 52 naturali.
1012 1436 134 52 Deide
1087 1436 134 52 exponit

721 1473 93 49 quod
780 1473 163 49 intendebat
908 1473 82 49 per
954 1473 93 49 hoc,
1012 1473 93 49 quod
1071 1473 116 49 dixit,
1152 1473 58 49 &
1164 1473 58 49 non

718 1513 141 49 mouet,
817 1513 71 49 &
845 1513 141 49 dixit:
944 1513 85 49 vt
986 1513 141 49 illud,
1085 1513 113 49 quod
1155 1513 99 49 non

719 1554 144 40 mouetur
824 1554 131 40 aliquo
915 1554 105 40 modo
981 1554 144 40 omnino.
1085 1554 65 40 &
1098 1554 131 40 intelli-

711 1597 88 45 go
755 1597 103 45 per
814 1597 117 45 hoc,
887 1597 117 45 quod
960 1597 132 45 dico,
1048 1597 117 45 quod
1121 1597 103 45 non
1165 1597 59 45 mo

716 1638 131 36 uetur.
808 1638 79 36 i.
847 1638 105 36 quod
912 1638 92 36 non
965 1638 144 36 recipit
1070 1638 118 36 motum
1135 1638 92 36 omni-

718 1668 77 51 no
757 1668 192 51 naturalter.
910 1668 167 51 D.induxit
1039 1668 167 51 secundum,
1154 1668 77 51 pro-

717 1708 115 46 prium
794 1708 127 46 istius
883 1708 153 46 motoris,
998 1708 64 46 &
1023 1708 127 46 dixit,
1112 1708 102 46 quod
1163 1708 64 46 pri

713 1746 104 40 mum
773 1746 104 40 est
832 1746 149 40 omnium
937 1746 149 40 rerum.
1041 1746 75 40 &
1071 1746 104 40 hoc
1116 1746 119 40 neces-

714 1785 71 41 se
750 1785 95 41 est,
809 1785 71 41 si
845 1785 107 41 omnes
916 1785 142 41 motores,
1022 1785 83 41 qui
1070 1785 95 41 sunt
1129 1785 83 41 sub
1165 1785 59 41 eo,

715 1829 102 45 non
774 1829 146 45 mouent
876 1829 116 45 nisi
948 1829 189 45 moueantur
1094 1829 87 45 ab
1138 1829 102 45 eo,
1181 1829 44 45 &

709 1861 108 45 ipse
777 1861 122 45 mouet
858 1861 135 45 absque
953 1861 95 45 eo,
1007 1861 108 45 quod
1061 1861 149 45 moueatur.
