1416 2066
147 181 195 45 alterius
293 181 179 45 gratia,
423 181 114 45 cum
488 181 114 45 non
537 181 130 45 perfi-

165 220 116 45 ciat
237 220 145 45 illud,
338 220 130 45 cuius
425 220 145 45 gratia
526 220 130 45 erat,
599 220 72 45 na-

159 261 156 45 tumque
268 261 140 45 erat.
362 261 187 45 quoniam,
502 261 93 45 si
533 261 140 45 aliquis

159 302 93 44 se
205 302 140 44 lotum
298 302 140 44 dicat
391 302 186 44 frustra,
531 302 124 44 quia
593 302 78 44 non

159 347 155 47 defecit
271 347 112 47 sol,
342 347 183 47 ridiculus
482 347 141 47 vtique
567 347 98 47 erit:

155 385 108 49 non
216 385 124 49 enim
294 385 124 49 erat
371 385 108 49 hoc
433 385 155 49 illius
526 385 139 49 gratia.

207 453 91 58 Et
252 453 152 58 signum
359 453 137 58 eius,
451 453 122 58 quod
512 453 152 58 diximus,

161 486 98 61 est
217 486 112 61 quod
287 486 153 61 dicitur
398 486 153 61 aliquid
510 486 112 61 esse
565 486 98 61 ocio-

160 538 116 61 sum,
233 538 145 61 quando
335 538 174 61 aliquid,
466 538 116 61 quod
538 538 102 61 est
582 538 87 61 pro-

163 585 119 66 pter
238 585 149 66 aliud,
342 585 104 66 non
402 585 104 66 est
461 585 164 66 propter
566 585 104 66 illud

158 631 149 51 aliud:,
267 631 81 51 v.
308 631 81 51 g.
348 631 149 51 quonia,
457 631 81 51 si
498 631 109 51 homo
552 631 122 51 ambulat

155 676 103 54 ad
206 676 206 54 laxandum
361 676 206 54 ventrem,
515 676 86 54 &
549 676 120 54 non
600 676 69 54 la

158 724 157 66 xatur,
268 724 173 66 dicitur
394 724 126 66 quod
457 724 205 66 ambulaueri-

161 772 154 63 ociose,
273 772 84 63 et
315 772 112 63 quod
385 772 112 63 eius
455 772 182 63 ambulatio
581 772 84 63 fuit

162 821 121 61 ociosa.
250 821 77 61 hoc
294 821 88 61 enim
349 821 55 61 e
371 821 121 61 Ociosum
458 821 132 61 scilicet
557 821 66 61 vt
579 821 77 61 illud

159 868 112 63 quod
229 868 140 63 innatu
327 868 98 63 est
383 868 182 63 peruenire
522 868 84 63 ad
550 868 112 63 aliud,

159 917 111 68 non
222 917 205 68 perueniat
380 917 95 68 ad
428 917 158 68 illud,
523 917 142 68 propter

168 965 113 61 quod
238 965 127 61 fuit.
323 965 169 61 quoniam,
450 965 85 61 si
492 965 155 61 aliquis
591 965 70 61 di-

161 1013 141 62 xerit
255 1013 125 62 quod
334 1013 204 62 introitus
491 1013 94 62 in
522 1013 141 62 balneum

170 1061 130 61 fuerit
261 1061 156 61 ociosus,
378 1061 104 61 quia
443 1061 91 61 sol
495 1061 91 61 non
534 1061 130 61 eclipsa-

167 1111 104 59 tur,
232 1111 117 59 sermo
309 1111 155 59 eiuserit
426 1111 207 59 derisibilis:
581 1111 78 59 quo-

167 1156 120 62 niam
242 1156 105 62 hoc
302 1156 105 62 non
362 1156 120 62 fuit
438 1156 165 62 propter
543 1156 120 62 illud,

168 1220 79 63 Et
207 1220 132 63 signum
300 1220 106 63 quod
366 1220 132 63 illud,
459 1220 106 63 quid
525 1220 93 63 est
578 1220 79 63 ex
605 1220 66 63 se,

168 1262 169 45 inuenitur
298 1262 65 45 a
324 1262 117 45 rebus
402 1262 104 45 quae
468 1262 91 45 non
520 1262 104 45 sunt
572 1262 91 45 inna-

163 1301 97 45 tae,
223 1301 73 45 vt
260 1301 73 45 ab
296 1301 85 45 eis
344 1301 169 45 inueniatur
477 1301 121 45 illud,
562 1301 97 45 quod
611 1301 60 45 at-

150 1342 164 50 tribuitur
277 1342 126 50 casui,
365 1342 126 50 quando
453 1342 76 50 ab
491 1342 88 50 eis
529 1342 139 50 inuenitur

168 1380 112 46 aliud
242 1380 99 46 casu
304 1380 75 46 in
342 1380 99 46 loco
404 1380 112 46 finis
478 1380 162 46 intentae,
590 1380 75 46 est,

162 1418 136 54 quoniam
260 1418 99 54 ista
322 1418 148 54 dicuntur
433 1418 111 54 fieri
507 1418 136 54 ociose.
594 1418 74 54 Ocio

167 1461 93 50 tum.
225 1461 93 50 enim
283 1461 127 50 dicitur
376 1461 69 50 in
410 1461 116 50 rebus,
491 1461 93 50 quae
549 1461 93 50 sunt
596 1461 69 50 pro-

169 1497 107 50 pter
235 1497 133 50 aliud,
329 1497 93 50 sed
382 1497 80 50 ab
422 1497 93 50 eis
475 1497 93 50 non
515 1497 147 50 inuenitur

164 1534 124 45 illud.
250 1534 74 45 v.
288 1534 74 45 g.
325 1534 124 45 quando
412 1534 99 45 homo
474 1534 137 45 ambulat
573 1534 74 45 ad
598 1534 62 45 la-

165 1579 149 36 xandum
269 1579 179 36 ventrem,
404 1579 75 36 &
433 1579 104 36 non
493 1579 149 36 laxat.
583 1579 89 36 tunc

164 1619 94 44 eni.
223 1619 129 44 dicitur
317 1619 94 44 quod
376 1619 94 44 eius
435 1619 153 44 ambulatio
552 1619 94 44 fuit
599 1619 71 44 ocio

165 1652 92 39 sa.
217 1652 105 39 illa
283 1652 131 39 autem,
375 1652 105 39 quae
440 1652 92 39 non
493 1652 105 39 sunt
545 1652 118 39 propter

155 1689 165 43 aliqua,
275 1689 105 43 cum
335 1689 105 43 non
395 1689 195 43 sequuntur
546 1689 90 43 se
576 1689 90 43 adin

160 1726 136 44 uicem,
256 1726 95 44 non
310 1726 163 44 dicuntur
433 1726 123 44 fieri
514 1726 150 44 ociose.
610 1726 54 44 si

164 1765 92 44 enim
222 1765 127 44 aliquis
315 1765 127 44 dixerit
407 1765 92 44 quod
465 1765 150 44 introitus
569 1765 92 44 balnes

163 1806 135 51 fuerit
257 1806 162 51 ociosus,
379 1806 108 51 quia
446 1806 135 51 solnon
527 1806 135 51 eclipsa-

163 1850 100 40 tur,
225 1850 87 40 ese
275 1850 199 40 derisibilis:
437 1850 150 40 eclipsis
549 1850 100 40 enim
599 1850 62 40 non

685 180 141 45 sequitur
791 180 164 45 iantroitum
920 180 129 45 balnei.
1013 180 82 45 Et,
1060 180 82 45 cum
1095 180 94 45 decla-

688 228 114 43 rauit.
768 228 92 43 quod
825 228 114 43 ociosa
905 228 80 43 est
951 228 92 43 illa
1008 228 92 43 cam,
1065 228 57 43 a
1088 228 80 43 qua
1134 228 80 43 non

688 259 167 39 inuenitur
817 259 103 39 eius
881 259 128 39 finis,
971 259 64 39 &
996 259 103 39 vult
1048 259 154 39 concludere

683 294 78 43 ex
722 294 104 43 hoc,
787 294 104 43 quod
853 294 78 43 ex
892 294 78 43 se
931 294 170 43 inuenitur
1061 294 65 43 a
1075 294 117 43 talibus

681 332 155 49 causis,
794 332 155 49 induxit
907 332 155 49 minorem
1006 332 183 49 propositio-

684 372 103 38 nem,
749 372 65 38 &
774 372 103 38 est,
839 372 103 38 quod
904 372 77 38 ex
942 372 77 38 se
981 372 90 38 est
1020 372 129 38 frustra.

723 413 103 54 Si
774 413 171 54 igitur
894 413 154 54 casus
997 413 154 54 iuxta
1082 413 120 54 nomen

682 461 115 38 est,
754 461 101 38 cum
811 461 130 38 ipsum
898 461 159 38 frustra
1013 461 115 38 fit.
1071 461 130 38 decidit

685 500 132 38 enim
767 500 115 38 non
833 500 247 38 percutiendi
1030 500 165 38 gratia
1129 500 66 38 la

689 532 119 54 pis.
763 532 74 54 a
793 532 119 54 casu
867 532 148 54 igitur
971 532 163 54 decidit
1074 532 119 54 lapis,

692 574 146 49 quoniam
798 574 173 49 cecidisse
931 574 133 49 potuit
1024 574 133 49 vtique
1117 574 66 49 a
1131 574 66 49 quo

684 620 140 51 dam,
771 620 87 51 &
806 620 262 51 percutiendi
998 620 157 51 gratia.

726 659 86 47 Et
769 659 187 47 similiter
913 659 101 47 est
970 659 86 47 de
1013 659 187 47 automato.
1143 659 58 47 i.

685 717 91 48 ex
730 717 106 48 se,
791 717 152 48 quonia
897 717 182 48 secundum
1034 717 121 48 suum
1095 717 106 48 nomen

679 764 104 55 non
738 764 118 55 est,
812 764 118 55 nisi
886 764 148 55 quando
990 764 148 55 fuerit
1079 764 133 55 automa,

686 804 112 62 tum,
756 804 84 62 i.
798 804 141 62 quando
897 804 98 62 res
953 804 155 62 fuerint
1051 804 141 62 frustra.

693 860 112 54 v.g.
763 860 167 54 quoniam,
888 860 153 54 silapis
1000 860 195 54 ceciderit,
1153 860 70 54 &

682 900 271 62 interfecerit,
905 900 127 62 tunc
985 900 143 62 ipsum
1065 900 127 62 cadere

686 949 106 52 non
746 949 121 52 fuit
822 949 91 52 ad
867 949 287 52 interficiendum.
1109 949 91 52 ex
1140 949 60 52 se

682 996 159 62 ligitur
797 996 159 62 cecidit
912 996 130 62 adeo,
999 996 115 62 quod
1057 996 144 62 interfe-

687 1054 111 53 cit,
756 1054 152 53 quoniam
867 1054 180 53 possibile
1005 1054 125 53 esset
1088 1054 83 53 vt
1116 1054 83 53 ali-

680 1092 117 56 quis
754 1092 190 56 pronceret
900 1092 146 56 ipsum,
1003 1092 88 56 et
1032 1092 161 56 intendif-

685 1140 104 58 set
744 1140 163 58 propter
863 1140 133 58 ipsum
937 1140 207 58 interficere.

713 1189 93 45 D.Et
771 1189 151 45 similiter
888 1189 81 45 est
934 1189 70 45 de
969 1189 151 45 automato,
1085 1189 70 45 i.
1120 1189 70 45 ex
1143 1189 58 45 se.

691 1228 53 38 &
713 1228 128 38 intendit
809 1228 118 38 quoniam
895 1228 75 38 est
937 1228 128 38 frustra,
1034 1228 75 38 hoc
1076 1228 86 38 enim
1119 1228 75 38 nomen

683 1267 190 39 deriuatur
830 1267 117 39 apud
903 1267 102 39 eos
961 1267 88 39 ab
1005 1267 102 39 hoc
1049 1267 146 39 aduerbio

688 1303 131 43 frustra,
787 1303 55 43 &
809 1303 121 43 dicunt:
896 1303 121 43 quoniam
984 1303 66 43 ex
1017 1303 66 43 se
1050 1303 77 43 est
1082 1303 110 43 frustra:

697 1342 52 49 &
717 1342 104 49 illud,
790 1342 83 49 quid
842 1342 73 49 est
884 1342 125 49 frustra,
977 1342 73 49 est
1018 1342 104 49 illud,
1091 1342 93 49 cuius
1143 1342 52 49 fi-

686 1381 81 45 nis
733 1381 81 45 non
779 1381 81 45 est
825 1381 69 45 ab
859 1381 81 45 eo:
905 1381 92 45 ergo
963 1381 69 45 ex
997 1381 69 45 se
1032 1381 81 45 fit
1078 1381 69 45 ex
1101 1381 92 45 rebus,

691 1421 81 48 ex,
738 1421 115 48 quibus
818 1421 81 48 non
864 1421 138 48 iuenitur
968 1421 104 48 earum
1037 1421 115 48 finis.
1106 1421 81 48 D.in-

688 1459 114 51 duxit
764 1459 164 51 exemplum,
890 1459 88 51 quo
941 1459 177 51 declarauit
1079 1459 101 51 quod
1130 1459 63 51 il-

690 1493 83 52 lud,
741 1493 93 52 quoid
803 1493 72 52 fit
844 1493 62 52 ex
875 1493 72 52 se,
917 1493 113 52 innatum
999 1493 72 52 est
1040 1493 113 52 iueniri
1123 1493 72 52 per
1154 1493 41 52 se

690 1537 64 49 ab
722 1537 106 49 aliis,
797 1537 53 49 &
818 1537 106 49 dixit.
892 1537 64 49 v.
924 1537 64 49 g,
956 1537 128 49 quoniam,
1052 1537 64 49 si
1084 1537 96 49 lapis
1137 1537 64 49 ceci

691 1572 133 39 derit,
784 1572 66 39 &
810 1572 213 39 interfecerit
983 1572 133 39 hoiem,
1076 1572 93 39 hoc
1116 1572 80 39 erit

687 1613 68 45 ex
721 1613 79 45 se,
766 1613 79 45 cum
811 1613 101 45 lapis
878 1613 79 45 per
923 1613 90 45 suum
980 1613 147 45 descensum
1093 1613 68 45 ad
1115 1613 79 45 infe-

682 1660 90 43 rius
738 1660 78 43 non
783 1660 78 43 est
827 1660 112 43 inatum
906 1660 168 43 interficere
1040 1660 134 43 homines:
1130 1660 67 43 ergo

681 1691 90 40 hoc
732 1691 103 40 fuit
797 1691 77 40 ab
835 1691 115 40 alio,
912 1691 64 40 a
938 1691 90 40 quo
989 1691 90 40 non
1040 1691 90 40 est
1079 1691 115 40 innatum

689 1726 105 54 fieri:
763 1726 74 54 est
805 1726 84 54 enim
858 1726 116 54 innatum
942 1726 95 54 fieri
1005 1726 53 54 a
1026 1726 116 54 lapide,
1111 1726 63 54 si
1132 1726 63 54 ali-

694 1765 81 53 uis
741 1765 92 53 homo
798 1765 138 53 piecerit
902 1765 127 53 lapidem
994 1765 69 53 ad
1017 1765 185 53 interficiendum

691 1805 104 45 alium
761 1805 127 45 homnem.
853 1805 69 45 Et
888 1805 104 45 debes
957 1805 104 45 scire
1026 1805 92 45 quod
1084 1805 81 45 res
1118 1805 81 45 fiunt

689 1845 150 45 frustra,
801 1845 125 45 quando
888 1845 75 45 ex
925 1845 87 45 eis
975 1845 87 45 non
1025 1845 162 45 inuenitur
1137 1845 75 45 ali
