1416 2066
156 181 250 53 tinuationem
357 181 100 53 vt
407 181 117 53 sit
457 181 200 53 magnitudo,

171 220 123 55 quae
247 220 230 55 congregatur
432 220 92 55 ex
462 220 215 55 magnitudini-

169 259 119 50 bus
237 259 254 50 ABCp,quorum
440 259 153 50 motus
542 259 119 50 est
593 259 85 50 ria

178 308 109 36 4.r.
247 308 109 36 D.d.
315 308 68 36 &
342 308 96 36 non
397 308 96 36 est
452 308 219 36 differentia,
616 308 68 36 &c.

174 340 80 46 i.
214 340 80 46 &,
253 340 93 46 cum
307 340 186 46 posuerimus
453 340 106 46 quod
519 340 120 46 istae
586 340 93 46 magni

169 374 162 37 tudines
287 374 118 37 sunt
361 374 147 37 tales,
464 374 74 37 &
493 374 162 37 mouetur
597 374 88 37 vnum

173 413 152 47 eorum,
279 413 137 47 verbi
370 413 152 47 gratia
477 413 197 47 postremum
613 413 61 47 in

176 452 158 38 tempore
290 452 86 38 o,
334 452 158 38 necesse
448 452 100 38 est
506 452 86 38 vt
549 452 129 38 omnia
621 452 57 38 mo

176 485 162 50 ueantur
294 485 177 50 insimul,
427 485 133 50 quasi
515 485 103 50 vna
559 485 118 50 magni-

171 523 118 49 tudo
245 523 89 49 in
289 523 103 49 hoc
348 523 148 49 posito
452 523 162 49 tempore
555 523 118 49 finito

175 564 91 47 Et,
227 564 104 47 siue
292 564 181 47 posuerimus
434 564 104 47 quod
499 564 117 47 istae
563 564 117 47 magnitu

178 596 108 38 dines
250 596 96 38 sint
310 596 144 38 finitae,
418 596 84 38 aut
465 596 168 38 infinitae,
585 596 84 38 conse

175 633 121 41 cutio
255 633 121 41 eadem
336 633 121 41 erit,
417 633 121 41 idest
498 633 108 41 sed,
565 633 94 41 cum
606 633 67 41 po-

169 670 160 36 fuerimus
289 670 120 36 ipsas
369 670 107 36 esse
436 670 187 36 infinitas,
569 670 107 36 contin

176 704 98 54 get
232 704 225 54 impossibile.
415 704 70 54 &
443 704 98 54 est
499 704 84 54 vt
541 704 112 54 vnus
598 704 70 54 mot

176 743 177 49 infinitus
313 743 95 49 sit
367 743 82 49 in
408 743 150 49 tempore
517 743 150 49 finito.
612 743 55 49 De

176 782 111 49 inde
245 782 139 49 dixit,
342 782 111 49 quod
412 782 97 49 est
467 782 208 49 impossibile
620 782 55 49 v.

173 820 130 39 troque
264 820 117 39 modo,
342 820 156 39 scilicet
460 820 104 39 siue
525 820 130 39 fuerit
603 820 78 39 vnum

174 857 183 41 secundum
311 857 289 41 continuationem,
554 857 107 41 aut
600 857 76 41 se-

171 893 166 53 cundum
271 893 282 53 contiguationem.

219 949 199 45 Manifestum
375 949 99 45 est
432 949 142 45 igitur
531 949 114 45 quod
588 949 85 45 sta,

170 989 110 46 bit
233 989 219 46 aliquando,
405 989 78 46 &
436 989 110 46 non
499 989 94 46 in
530 989 141 46 infini,

169 1029 119 46 tum
237 1029 170 46 abibit
356 1029 136 46 quod
441 1029 170 46 semper
560 1029 102 46 ab
594 1029 85 46 al-

175 1073 132 47 tero,
263 1073 102 47 sed
322 1073 117 47 erit
395 1073 176 47 aliquid,
527 1073 117 47 quod
585 1073 88 47 pri-

173 1111 130 43 mum
248 1111 260 43 mouebitur.
452 1111 167 43 Nihil
545 1111 130 43 autem

175 1156 196 46 referat,
322 1156 212 46 supposito
485 1156 180 46 quodam,
599 1156 82 46 hoc

172 1200 263 50 demonstrari.
386 1200 99 50 eo
435 1200 132 50 enim
517 1200 132 50 quod
583 1200 99 50 esse

178 1233 175 49 potest,
306 1233 175 49 posito,
433 1233 159 49 nullum
529 1233 143 49 inconue

156 1273 154 42 niens
259 1273 223 42 oportebat
430 1273 223 42 accidere.
584 1273 86 42 Pri

176 1317 122 45 mum
245 1317 156 45 autem
349 1317 191 45 mouens,
488 1317 122 45 non
558 1317 104 45 vt
592 1317 87 45 id.

178 1357 135 45 cuius
268 1357 150 45 causa,
373 1357 105 45 sed
433 1357 120 45 vnde
493 1357 180 45 principium

177 1397 132 45 motus
265 1397 117 45 est,
338 1397 132 45 simul
426 1397 102 45 cum
485 1397 88 45 eo
529 1397 117 45 est,
587 1397 88 45 quod

172 1437 190 50 mouetur.
314 1437 142 50 Simul
409 1437 142 50 autem
504 1437 142 50 dico,
583 1437 95 50 quia

183 1476 105 45 nihil
253 1476 105 45 inter
323 1476 93 45 ipsa
381 1476 93 45 est.
439 1476 81 45 hoc
485 1476 93 45 enim
544 1476 128 45 commune
625 1476 58 45 est

176 1517 97 53 in
224 1517 146 53 omni,
322 1517 130 53 quod
403 1517 195 53 mouetur,
549 1517 81 53 &
582 1517 130 53 quod

155 1565 148 37 mouet.

216 1597 217 63 nianifestum
389 1597 101 63 est
447 1597 159 63 igitur,
562 1597 116 63 quod
620 1597 58 63 ge

181 1641 157 61 neratio
295 1641 171 61 cessabit
423 1641 86 61 in
466 1641 128 61 auqua
552 1641 128 61 hora,
623 1641 57 61 et

174 1685 100 62 non
231 1685 157 62 durabit
345 1685 86 62 in
388 1685 200 62 infinitum,
545 1685 100 62 sed
588 1685 86 62 erit

171 1732 113 60 bie
236 1732 178 60 aliquod
365 1732 178 60 primum,
495 1732 130 60 quod
560 1732 113 60 moue-

174 1780 115 63 tur.
245 1780 86 63 Et
288 1780 100 63 non
346 1780 158 63 accidit
461 1780 115 63 huic
518 1780 158 63 demonstra

692 180 131 64 tioni
780 180 204 64 diminutio,
940 180 116 64 quia
1012 180 102 64 non
1056 180 160 64 sequitur,

694 229 110 61 nisi
763 229 69 61 a
791 229 179 61 positione
928 229 124 61 eius,
1011 229 110 61 quod
1066 229 138 61 ponitur.

699 273 147 63 positum
806 273 107 63 enim
873 273 80 63 si
913 273 94 63 sit
966 273 187 63 possibile,
1113 273 94 63 non
1153 273 54 63 de

695 315 106 64 bet
756 315 137 64 sequi
847 315 91 64 ex
892 315 91 64 eo
938 315 167 64 aliquod
1044 315 167 64 improbabi

697 365 107 61 te.
758 365 92 61 Et
804 365 153 61 primum
911 365 138 61 motum
1004 365 107 61 non
1065 365 107 61 est
1111 365 92 61 tale

704 412 106 64 quia
770 412 92 64 est
823 412 132 64 illud,
915 412 145 64 propter
1020 412 119 64 quod,
1099 412 92 64 sed
1139 412 66 64 il-

691 456 119 63 lud,
765 456 119 63 quod
840 456 104 63 est
899 456 149 63 primus
1003 456 149 63 motor,
1092 456 119 63 secun-

698 506 109 60 dum
761 506 124 60 quod
838 506 93 60 ex
885 506 93 60 eo
931 506 109 60 est
994 506 217 60 principium
1149 506 62 60 mo

701 549 108 61 tus,
768 549 94 61 est
822 549 81 61 ei
862 549 121 61 locus
943 549 81 61 ex
984 549 108 61 loco
1051 549 121 61 eius,
1132 549 108 61 quod

689 596 157 54 mouetur
803 596 85 54 ab
845 596 100 54 eo.
902 596 85 54 Et
945 596 114 54 dico
1016 596 85 54 ex
1059 596 128 54 loco,
1130 596 71 54 id-

696 645 99 53 est
752 645 113 53 quod
823 645 99 53 est
879 645 127 53 inter
964 645 85 53 ea
1006 645 99 53 non
1062 645 99 53 est
1104 645 99 53 medi-

694 700 105 46 um.
754 700 105 46 hoc
814 700 120 46 enim
889 700 165 46 commune
1010 700 105 46 est
1070 700 120 46 omni
1130 700 75 46 mo-

698 748 110 38 to,
761 748 78 38 &
777 748 141 38 motori.

740 780 87 44 Cum
789 780 185 44 declarauit,
937 780 99 44 quod
999 780 185 44 impossibile
1135 780 62 44 est

701 828 77 39 vt
740 828 115 39 mota,
816 828 64 39 &
842 828 153 39 mouentia
957 828 102 39 sint
1021 828 179 39 huiusmodi,
1162 828 64 39 &

697 860 101 46 quod
760 860 138 46 necesse
861 860 88 46 est
911 860 75 46 ea
949 860 163 46 peruenire
1074 860 75 46 ad
1099 860 101 46 primum

691 893 158 49 motum,
802 893 126 49 quod
881 893 111 49 non
944 893 174 49 mouetur
1071 893 95 49 ab
1102 893 95 49 ali-

694 933 94 37 quo
747 933 202 37 extrinseco,
909 933 94 37 sed
963 933 81 37 ex
1003 933 94 37 se,
1043 933 162 37 declarauit

697 968 111 43 hoc,
767 968 69 43 &
794 968 139 43 dixit:
892 968 194 43 Manifestum
1044 968 97 43 est
1086 968 111 43 igitur

699 997 107 54 quod
765 997 120 54 motus
846 997 80 54 ab
886 997 107 54 alio
952 997 160 54 quiescet
1072 997 80 54 in
1099 997 107 54 aliqua

695 1045 119 51 nora,
774 1045 92 51 &c.
827 1045 79 51 i.
866 1045 185 51 manifestum
1011 1045 92 51 est
1064 1045 132 51 igitur
1143 1045 53 51 ex

691 1080 84 43 hoc
739 1080 96 43 quod
799 1080 120 43 motus,
883 1080 84 43 qui
931 1080 144 43 sentitur
1040 1080 84 43 hic
1088 1080 72 43 in
1112 1080 84 43 istis

694 1118 220 52 corporibus,
870 1118 117 52 quae
943 1118 176 52 mouentur
1075 1118 73 52 a
1090 1118 117 52 seinui

693 1156 122 51 cem,
769 1156 76 51 &
800 1156 107 51 non
861 1156 183 51 sentitur
998 1156 153 51 primum
1090 1156 107 51 motum

692 1193 80 41 ex
732 1193 106 41 eis,
798 1193 186 41 necessario
944 1193 160 41 quiescet
1064 1193 106 41 apud
1117 1193 80 41 pri-

689 1237 111 37 mum
752 1237 142 37 motum
847 1237 95 37 ex
895 1237 111 37 se,
958 1237 126 37 quod
1037 1237 111 37 non
1084 1237 111 37 indi-

693 1269 90 50 get
744 1269 128 50 motore
834 1269 102 50 alio
898 1269 77 50 ex
936 1269 90 50 se.
987 1269 102 50 D.d.
1051 1269 77 50 Et
1090 1269 90 50 non
1128 1269 64 50 ac-

692 1305 132 42 cidit
780 1305 117 42 huic
854 1305 264 42 demonstrationi
1059 1305 132 42 diminu-

696 1343 104 37 tio,
761 1343 91 37 &c.
813 1343 78 37 i.
852 1343 65 37 &
878 1343 91 37 non
930 1343 143 37 accidit
1035 1343 104 37 isti
1087 1343 104 37 demon-

692 1380 200 46 strationi
845 1380 215 46 diminutio.
1015 1380 169 46 quoniam
1122 1380 77 46 im-

689 1415 174 52 possibile
822 1415 93 52 non
876 1415 160 52 sequitur
996 1415 80 52 in
1036 1415 93 52 ea,
1089 1415 107 52 nisi
1143 1415 53 52 ex

692 1454 150 50 opposito
805 1454 163 50 quaesiti:
930 1454 113 50 licet
1005 1454 175 50 positiones
1130 1454 63 50 ve-

696 1492 94 51 rae
749 1492 188 51 coniunctae
897 1492 161 51 opposito
1018 1492 161 51 quaesiti
1126 1492 67 51 non

693 1527 105 43 sint
759 1527 211 43 necessariae,
930 1527 92 43 sed
982 1527 184 43 possibiles
1114 1527 79 43 nam,

695 1565 77 50 si
734 1565 167 50 oppositum
862 1565 154 50 quaesiti
977 1565 115 50 esset
1041 1565 154 50 possibile,

691 1601 74 41 &
721 1601 251 41 propositiones
927 1601 207 41 coniunctae
1075 1601 118 41 essent

688 1639 204 46 possibiles,
852 1639 109 46 tunc
920 1639 136 46 nullum
1015 1639 177 46 accideret
1138 1639 54 46 im

699 1677 154 52 possibile.
820 1677 110 52 impose
897 1677 88 52 enim
952 1677 77 52 non
996 1677 121 52 accidit
1084 1677 66 52 ex
1106 1677 88 52 posbi-

693 1716 74 38 &
723 1716 178 38 intendit
856 1716 104 38 hic
915 1716 104 38 per
975 1716 222 38 improbabile
1138 1716 59 38 im

694 1751 170 51 possibile.
827 1751 97 51 D.d.
888 1751 73 51 Et
925 1751 97 51 quod
985 1751 121 51 primum
1070 1751 121 51 motum,
1143 1751 73 51 &c..

693 1789 65 53 &
719 1789 91 53 ita
771 1789 169 53 inuenitur
901 1789 78 53 in
940 1789 182 53 exemplari.
1083 1789 78 53 &,
1109 1789 91 53 inten
