1416 2066
174 173 88 43 quia
229 173 88 43 tunc
284 173 99 43 esset
350 173 121 43 fictum,
438 173 99 43 sicut
504 173 121 43 chimera
592 173 55 43 &
603 173 88 43 hirco-

172 209 116 37 ceruus:
257 209 74 37 sed
299 209 85 37 esse
352 209 85 37 eius
405 209 95 37 extra
469 209 106 37 mentem
543 209 74 37 est
585 209 63 37 in
606 209 74 37 poten

173 239 69 35 tia
213 239 89 35 prper
272 239 139 35 subiectum,
381 239 129 35 proprium,
480 239 50 35 &
500 239 79 35 esse
549 239 79 35 eius
599 239 59 35 in
619 239 69 35 anima

175 276 64 30 est
211 276 55 30 in
239 276 73 30 actu
284 276 109 30 scilicet
366 276 91 30 quando
430 276 82 30 anima
485 276 91 30 egerit
548 276 82 30 illam
594 276 91 30 actionem

169 299 70 44 in
204 299 140 44 subiecto
310 299 164 44 praeparato
438 299 70 44 ad
473 299 175 44 recipiendum
602 299 82 44 illam

177 333 133 37 actionem,
279 333 82 37 quae
330 333 112 37 dicitur
411 333 122 37 numerus.
503 333 71 37 vbi
544 333 71 37 per
575 333 112 37 subicctum

174 365 165 30 intelligatis
308 365 134 30 obiectum,
411 365 93 30 sicut
473 365 134 30 plerumque
576 365 93 30 sumit
627 365 62 30 Phi-

173 396 137 38 losophus,
279 396 63 38 vt
311 396 106 38 patet.
385 396 63 38 2.
416 396 63 38 de
448 396 95 38 gene.
511 396 53 38 &
533 396 85 38 cor.
585 396 85 38 tex.
628 396 63 38 com.

174 429 59 37 7.
204 429 78 37 tale
252 429 78 37 enim
301 429 68 37 est
340 429 88 37 aptum
399 429 117 37 recipere
487 429 117 37 actionem
575 429 98 37 animae
633 429 49 37 ter

172 457 145 33 minatiue
281 457 85 33 non
329 457 170 33 receptiue.
463 457 97 33 quia
523 457 158 33 numeratio
632 457 61 33 il-

178 490 66 31 la
211 490 132 31 actualis
310 490 77 31 est
354 490 99 31 actio
420 490 143 31 immanens,
529 490 55 31 &
551 490 77 31 est
595 490 66 31 in
617 490 77 31 anima

174 521 93 33 actu
232 521 162 33 numerante.
360 521 81 33 Et,
406 521 69 33 vt
441 521 116 33 possis
521 521 93 33 bene
568 521 127 33 intellige

176 556 79 31 re,
221 556 102 31 debes
289 556 102 31 scire
356 556 90 31 quod
413 556 113 31 duplex
492 556 79 31 est
537 556 147 31 nunuerus.
639 556 45 31 Ma

177 584 156 35 thematicus
299 584 156 35 videlicet,
422 584 56 35 &
444 584 145 35 formalis,
555 584 67 35 vt
578 584 111 35 elicitur

177 620 57 31 ex
206 620 124 31 sententia
301 620 76 31 Com.
349 620 57 31 i.
377 620 86 31 meta.
434 620 76 31 com.
482 620 67 31 36.
520 620 48 31 &
539 620 67 31 est
577 620 114 31 diituria
653 620 38 31 in

172 652 95 36 ter
227 652 95 36 hos
281 652 163 36 numeros.
404 652 109 36 Quia
471 652 150 36 numerus
567 652 122 36 mathema

173 684 100 31 ticus
239 684 77 31 est
284 684 100 31 forma
350 684 144 31 abstracta
461 684 55 31 a
483 684 210 31 rebusnumeratis,
660 684 55 31 &

170 711 75 35 est
213 711 64 35 in
245 711 96 35 anima
309 711 96 35 solum
373 711 64 35 in
405 711 85 35 esse
458 711 192 35 abstractionis,
618 711 53 35 &
640 711 75 35 non

172 740 200 38 multiplicatur
337 740 70 38 ad
372 740 235 38 multiplicationem
572 740 106 38 rerum
630 740 59 38 nu-

172 775 158 35 meratarum.
296 775 68 35 de
330 775 79 35 hoc
375 775 113 35 numero
454 775 135 35 loquitur
556 775 113 35 Arist.
635 775 79 35 in.

180 805 58 43 4.
209 805 77 43 phy.
258 805 58 43 in
287 805 68 43 te.
326 805 77 43 com.
374 805 77 43 132.
422 805 68 43 vbi
461 805 87 43 dicit
519 805 77 43 quod
568 805 107 43 numerus
636 805 48 43 se-

175 845 87 29 ptem
230 845 109 29 canum,
306 845 55 29 &
328 845 120 29 numerus
416 845 109 29 septem
492 845 120 29 equorum
580 845 77 29 est
612 845 77 29 vnus,

177 868 52 37 &
197 868 134 37 aequalis,
301 868 93 37 licet
363 868 72 37 res
404 868 83 37 sint
455 868 134 37 diuersae.
559 868 62 37 Et
590 868 93 37 etiam
641 868 52 37 hoc

171 900 90 38 idem
227 900 124 38 repetit
317 900 68 38 in
351 900 113 38 vltimo
430 900 101 38 textu
497 900 113 38 illius
565 900 124 38 tractatus

178 940 72 29 tex.
223 940 72 29 com.
268 940 72 29 134.
313 940 63 29 vbi
349 940 90 29 dicit,
412 940 72 29 quod
457 940 72 29 bene
502 940 99 29 dicitur
574 940 72 29 quod
610 940 81 29 numerus

176 964 113 34 hoium
251 964 63 34 &
276 964 138 34 numerus
376 964 113 34 canum
451 964 88 34 est
501 964 113 34 idem,
576 964 88 34 cum
613 964 75 34 fue-

176 995 81 39 rit
223 995 151 39 aequalis.
339 995 128 39 Numerus
432 995 139 39 formalis
536 995 81 39 est
571 995 116 39 nunterus

174 1029 186 35 determinatae
325 1029 93 35 rei,
383 1029 70 35 vt
418 1029 128 35 numerus
511 1029 116 35 dectur
592 1029 128 35 homnum:

174 1061 74 36 vt
211 1061 87 36 est
260 1061 112 36 hoium
335 1061 124 36 decem,
422 1061 62 36 &
447 1061 137 36 numerus
546 1061 149 36 linearum
645 1061 50 36 vt

166 1091 87 33 est
215 1091 161 33 linearum.
339 1091 62 33 &
364 1091 99 33 isti
426 1091 124 33 numeri
513 1091 149 33 formales
613 1091 74 33 sunt

170 1124 171 31 multiplicati
310 1124 64 31 et
342 1124 193 31 diuersificati,
502 1124 96 31 sicut
567 1124 107 31 formae
631 1124 64 31 sunt

174 1153 146 33 diuersae.
286 1153 90 33 quia
342 1153 101 33 tales
409 1153 90 33 sunt
466 1153 157 33 subiectiue
589 1153 67 33 in
611 1153 79 33 ipsis

168 1189 96 30 rebus,
236 1189 67 30 vel
274 1189 77 30 sunt
322 1189 86 30 illae
379 1189 67 30 res
418 1189 115 30 secundum
504 1189 115 30 diuersas
590 1189 86 30 vias.
638 1189 48 30 Hoc

171 1217 113 41 stante,
253 1217 61 41 si
283 1217 113 41 sumatur
365 1217 113 41 numerus
447 1217 61 41 in
478 1217 92 41 actu,
539 1217 72 41 quo
580 1217 92 41 anima
632 1217 61 41 actu

174 1249 124 33 numerat
264 1249 79 33 res
309 1249 181 33 numerabiles,
456 1249 102 33 talis
524 1249 68 33 vt
558 1249 79 33 sic
603 1249 79 33 est
648 1249 68 33 in

178 1281 75 34 actu
225 1281 56 34 in
253 1281 94 34 anima:
319 1281 85 34 extra
375 1281 94 34 animam
441 1281 85 34 autem
497 1281 66 34 non
535 1281 85 34 habet
591 1281 75 34 esse
629 1281 56 34 nisi

169 1316 62 37 in
200 1316 135 37 potentia,
303 1316 135 37 videlicet
407 1316 62 37 vt
438 1316 176 37 consyderantur
583 1316 83 37 res,
625 1316 62 37 quae

170 1345 93 33 sunt
228 1345 104 33 aptae
298 1345 104 33 natae
367 1345 150 33 numerari.
483 1345 104 33 sicut
552 1345 104 33 decem
610 1345 81 33 homi-

168 1380 82 38 num
215 1380 129 38 numerus
309 1380 140 38 formalis
414 1380 82 38 est
461 1380 105 38 extra
531 1380 129 38 animam,
613 1380 70 38 quia

164 1412 104 30 talis
234 1412 139 30 numerus,
338 1412 104 30 licet
408 1412 104 30 anima
477 1412 81 30 non
524 1412 128 30 numeret
605 1412 81 30 illum

174 1443 62 31 in
205 1443 92 31 actu,
266 1443 92 31 tamen
328 1443 82 31 ille
379 1443 72 31 est
420 1443 154 31 numerabilis
543 1443 62 31 ex
574 1443 103 31 natura
636 1443 51 31 rei

169 1472 58 33 ab
198 1472 96 33 anima.
265 1472 48 33 &
284 1472 77 33 ideo
332 1472 77 33 dato
380 1472 77 33 quod
428 1472 86 33 anima
486 1472 67 33 non
524 1472 86 33 esset
582 1472 58 33 in
601 1472 86 33 ratione

166 1509 93 29 actu
225 1509 163 29 numeratis,
353 1509 93 29 dico
411 1509 93 29 quod
469 1509 93 29 ille
528 1509 128 29 numerus
609 1509 70 29 for-

174 1537 101 38 malis,
245 1537 71 38 qui
285 1537 71 38 est
325 1537 141 38 subiectiue
437 1537 61 38 in
467 1537 91 38 ipsis
527 1537 101 38 rebus,
598 1537 71 38 vel
628 1537 51 38 qui

169 1573 133 29 numerus
266 1573 85 29 est
314 1573 157 29 subiectum
435 1573 109 29 aptum
508 1573 109 29 natum
568 1573 121 29 numerari

169 1605 78 37 per
213 1605 123 37 animam,
303 1605 123 37 remanet
392 1605 56 37 &
414 1605 100 37 habet
481 1605 89 37 esse
537 1605 67 37 in
570 1605 89 37 esse
615 1605 67 37 nume

172 1636 118 41 rabili.
258 1636 54 41 &
280 1636 75 41 hoc
323 1636 86 41 est,
377 1636 86 41 quod
431 1636 97 41 dicit
495 1636 86 41 Com.
549 1636 86 41 quod
592 1636 97 41 numerus

170 1664 84 34 hbet
223 1664 84 34 esse
276 1664 95 34 extra
339 1664 105 34 mentem
413 1664 63 34 in
445 1664 127 34 potentia
539 1664 105 34 perper
603 1664 84 34 subie-

173 1693 88 37 ctum,
232 1693 78 37 quid
281 1693 69 37 est
320 1693 88 37 aptum
379 1693 118 37 recipere
467 1693 88 37 illam
526 1693 118 37 actionem
615 1693 59 37 ab
634 1693 59 37 ani-

165 1730 76 41 ma,
209 1730 55 41 i
231 1730 87 41 quod
285 1730 76 41 est
329 1730 98 41 aptum
394 1730 98 41 natum
460 1730 131 41 numerari
558 1730 76 41 per
591 1730 98 41 animam.

163 1760 79 34 Sed
208 1760 124 34 nunquid
298 1760 67 34 si
331 1760 101 34 anima
399 1760 146 34 desineret
511 1760 101 34 esse,
579 1760 79 34 non
612 1760 79 34 solum

164 1792 73 34 in
200 1792 98 34 actu
262 1792 159 34 numerans,
384 1792 171 34 verunetiam
518 1792 61 34 &
542 1792 73 34 in
567 1792 122 34 potentia

170 1823 82 35 seu
217 1823 70 35 in
252 1823 175 35 aptitudine,
392 1823 128 35 numerus
486 1823 128 35 haberet
579 1823 93 35 esse
626 1823 58 35 ex-

168 1855 75 35 tra
211 1855 107 35 animam
286 1855 64 35 in
318 1855 139 35 potentia:
425 1855 107 35 Rfideo
499 1855 85 35 quod
553 1855 85 35 bene
596 1855 85 35 posset

163 1887 144 35 remanere
271 1887 180 35 fundamentum
415 1887 168 35 absolutum,
548 1887 84 35 sed
596 1887 84 35 non
632 1887 48 35 re

167 1923 117 39 maneret
252 1923 64 39 in
284 1923 117 39 ratione
369 1923 170 39 numerabilis.
507 1923 106 39 sicut,
581 1923 64 39 si
602 1923 85 39 gustus

702 173 152 37 desineret
819 173 70 37 in
854 173 105 37 actu,
924 173 117 37 posset
1005 173 140 37 remanere
1099 173 128 37 gustabile

707 205 67 36 in
740 205 146 36 potentia:
852 205 78 36 sed
897 205 67 36 si
931 205 146 36 desineret
1043 205 112 36 gustus
1121 205 67 36 in
1144 205 78 36 actu,

706 238 61 37 &
730 238 183 37 aptitudius,
876 238 158 37 desineret
998 238 158 37 gustabile
1107 238 110 37 omnibus

709 277 117 29 modis,
791 277 105 29 licet
862 277 94 29 pene
920 277 117 29 posset
1002 277 70 29 in
1037 277 94 29 illo
1096 277 94 29 casu
1143 277 82 29 perma

708 301 93 40 nare
766 301 93 40 mel,
824 301 81 40 sed
871 301 81 40 non
917 301 151 40 remaneret
1033 301 81 40 sub
1080 301 128 40 ratione
1161 301 58 40 gu-

714 332 141 42 stabilis.
822 332 76 42 sic
866 332 65 42 de
898 332 97 42 visu,
963 332 141 42 destructo
1071 332 87 42 actu
1126 332 54 42 &
1136 332 87 42 aptitu

707 365 101 33 dine,
774 365 157 33 destruetur
898 365 135 33 visibile
999 365 101 33 actu,
1066 365 56 33 &
1077 365 146 33 aptitudine,

713 394 78 32 sed
757 394 89 32 bene
813 394 89 32 illo
869 394 89 32 calu
925 394 112 32 posset
1003 394 123 32 remanet
1092 394 112 32 color.
1159 394 56 32 ita

705 429 140 29 destructa
813 429 97 29 anima
877 429 64 29 ad
909 429 183 29 imaginationem
1060 429 64 29 in
1092 429 118 29 ratione
1167 429 54 29 nu-

704 461 130 37 merantis,
804 461 70 37 non
844 461 90 37 solum
904 461 60 37 in
934 461 90 37 actu,
994 461 120 37 verunme.
1084 461 70 37 iam
1124 461 60 37 in
1144 461 80 37 aptitu

707 489 98 39 dine,
772 489 76 39 non
816 489 130 39 remanere
913 489 119 39 posset,
1000 489 76 39 nec
1043 489 108 39 posset
1109 489 108 39 itelligi

705 520 139 34 remanere
809 520 127 34 aliquid
902 520 69 34 in
936 520 127 34 ratione
1029 520 185 34 numerabilis.
1167 520 58 34 qua

710 552 98 34 sicut
776 552 120 34 numerus
863 552 142 34 numeratus
972 552 120 34 dicitur
1059 552 131 34 relatiue
1158 552 65 34 ad
1179 552 44 34 nu

707 583 132 35 merantem,
808 583 71 35 sic
849 583 112 35 numerus
930 583 152 35 numerabilis
1052 583 112 35 dicitur
1123 583 102 35 relati

710 615 69 33 ue
744 615 69 33 ad
778 615 183 33 numeratiuum,
927 615 69 33 vt
962 615 115 33 dicunt
1042 615 183 33 expositores.
1191 615 57 33 &

716 647 76 44 lic
759 647 130 44 soluitur
857 647 152 44 argumentum
976 647 108 44 Boethi
1052 647 108 44 contra
1128 647 87 44 Ari.
1171 647 54 44 qui

715 679 98 36 dixit,
784 679 78 36 dato
833 679 78 36 quod
882 679 88 36 anima
941 679 118 36 dematur,
1029 679 98 36 posset
1098 679 127 36 remanetur
1186 679 39 36 nu

704 716 121 33 merab.
789 716 85 33 le,
837 716 109 33 sicut
910 716 121 33 dempto
994 716 109 33 sensu
1067 716 85 33 pot
1103 716 121 33 remanere

714 743 138 47 sensibile:
822 743 88 47 verum
881 743 79 47 est,
930 743 79 47 quod
979 743 128 47 destructo
1078 743 88 47 sensu
1137 743 59 47 in
1156 743 69 47 actu,

707 774 88 38 pont
762 774 132 38 remanere
861 774 143 38 sensinile
971 774 66 38 in
1003 774 143 38 potentia,
1113 774 88 38 quod
1168 774 77 38 non

711 807 112 34 dicitur
793 807 123 34 relatiue
885 807 61 34 ad
915 807 102 34 sensum
987 807 61 34 in
1018 807 92 34 actu,
1079 807 82 34 quia
1120 807 102 34 sensatum

708 837 65 39 in
741 837 86 39 actu
794 837 129 39 refertur
891 837 65 39 ad
924 837 108 39 sensum
999 837 65 39 in
1031 837 97 39 actu,
1096 837 75 39 sed
1128 837 97 39 sensibi

709 868 62 38 le
740 868 62 38 in
770 868 123 38 potentia
863 868 123 38 rerfetur
956 868 62 38 ad
986 868 103 38 sensum
1058 868 62 38 in
1089 868 134 38 potentia:
1192 868 51 38 &

711 899 153 38 destructo
829 899 106 38 sensu
899 899 71 38 in
935 899 141 38 potentia
1041 899 82 38 non
1088 899 118 38 posset
1158 899 59 38 re-

707 932 110 38 manere
784 932 143 38 sensibile
894 932 66 38 in
927 932 132 38 potentia
1025 932 77 38 sub
1069 932 88 38 illa
1113 932 110 38 ratione.

709 966 78 36 qua
753 966 155 36 sensibile,
875 966 89 36 quia
931 966 133 36 implicat
1019 966 200 36 contradictionem,

708 996 89 42 licet
768 996 99 42 bamdnr
837 996 99 42 posset
906 996 119 42 remanere
995 996 99 42 illud,
1065 996 79 42 quid
1114 996 69 42 est
1144 996 79 42 sensi-

707 1028 97 38 bile,
772 1028 86 38 puta
825 1028 107 38 color,
900 1028 75 38 aut
943 1028 107 38 sapor:
1018 1028 75 38 sed
1061 1028 97 38 illud
1125 1028 75 38 non
1158 1028 64 38 rema

708 1058 99 32 neret
774 1058 66 32 vt
807 1058 142 32 visibile,
916 1058 142 32 destructo
1026 1058 88 32 visu
1081 1058 66 32 in
1102 1058 121 32 aptitudi-

709 1091 75 34 ne,
752 1091 75 34 nec
795 1091 96 34 illud
859 1091 64 34 vt
891 1091 150 34 gustabile,
1008 1091 139 34 destructo
1115 1091 96 34 gustu
1179 1091 64 34 in

708 1124 122 39 potentia
799 1124 71 39 seu
840 1124 152 39 aptitudine.
961 1124 61 39 Ex
992 1124 71 39 hoc
1032 1124 122 39 sequitur
1124 1124 91 39 quod,
1174 1124 51 39 li-

709 1156 80 39 cet
754 1156 126 39 numerus
846 1156 80 39 sit
892 1156 149 39 quantitas
1007 1156 149 39 discreta,
1122 1156 57 39 &
1145 1156 80 39 quo
1179 1156 46 39 ad

712 1185 82 36 suum
763 1185 133 36 materiale
865 1185 71 36 sit
906 1185 71 36 ens
946 1185 143 36 absolutum,
1059 1185 92 36 tamen
1120 1185 82 36 illa
1161 1185 61 36 quan

709 1217 100 33 titas,
779 1217 60 33 vt
809 1217 130 33 numerata,
909 1217 70 33 aut
949 1217 160 33 numerabilis,
1079 1217 110 33 dicitur
1149 1217 70 33 rela-

709 1250 79 33 tiue
759 1250 59 33 ad
788 1250 109 33 animam.
868 1250 99 33 alitem
937 1250 109 33 decisio
1016 1250 89 33 Pnsai
1075 1250 59 33 in
1105 1250 89 33 texru
1155 1250 69 33 nulla

704 1285 98 30 esset.
773 1285 69 30 non
812 1285 78 30 enim
861 1285 147 30 inconuenit,
978 1285 78 30 quod
1027 1285 108 30 aliquid
1106 1285 98 30 possit
1164 1285 59 30 nume

710 1312 72 34 rari
755 1312 45 34 i
773 1312 108 34 diuersis
854 1312 108 34 gneribus
935 1312 108 34 secundum
1016 1312 108 34 diuersas
1097 1312 108 34 rationes
1169 1312 54 34 for-

704 1344 104 34 males,
776 1344 62 34 vt
807 1344 93 34 dicit
870 1344 114 34 Arsils.
952 1344 62 34 in
984 1344 83 34 fine
1035 1344 145 34 pdicamenti
1139 1344 83 34 quali-

704 1377 98 40 tatis.
773 1377 49 40 &
792 1377 69 40 est
832 1377 78 40 fnia
881 1377 78 40 eius
930 1377 78 40 Com.
979 1377 69 40 in.
1018 1377 59 40 3.
1047 1377 78 40 met.
1097 1377 69 40 ca.
1136 1377 59 40 de
1155 1377 69 40 quam-

712 1407 66 36 o,
745 1407 66 36 de
778 1407 100 36 magno
845 1407 55 36 &
867 1407 111 36 paruo,
944 1407 89 36 quod
1000 1407 77 36 vno
1044 1407 89 36 modo
1099 1407 89 36 sunt
1144 1407 77 36 acci-

708 1440 108 34 dentia
784 1440 119 34 quanti,
871 1440 54 34 &
893 1440 87 34 alio
947 1440 87 34 modo
1001 1440 87 34 sunt
1055 1440 65 34 in
1088 1440 76 34 ca.
1120 1440 98 34 relatio

705 1476 78 38 nis.
754 1476 59 38 vt
783 1476 78 38 vnum
832 1476 107 38 dicitur
910 1476 59 38 in
939 1476 117 38 respectu
1027 1476 127 38 alterius.
1125 1476 49 38 &
1144 1476 59 38 in
1164 1476 59 38 hoc,

702 1503 112 36 multi
776 1503 100 36 sunt
839 1503 137 36 decepti
938 1503 162 36 credentes
1063 1503 137 36 numerum
1150 1503 75 36 sim-

713 1538 109 32 isiliter
795 1538 73 32 esse
840 1538 64 32 rem
877 1538 128 32 absolutam.
977 1538 64 32 sed
1013 1538 82 32 illud
1068 1538 64 32 non
1105 1538 64 32 est
1141 1538 82 32 verum
1187 1538 36 32 ex

712 1568 77 34 mni
756 1568 111 34 parte,
834 1568 100 34 sicut
900 1568 133 34 diximus.
1000 1568 77 34 His
1044 1568 166 34 praenotatis
1166 1568 55 34 de-

706 1604 106 30 uenio
777 1604 71 30 ad
812 1604 153 30 quaesitum
930 1604 165 30 propositae
1048 1604 165 30 contradictio

707 1635 79 31 nis,
757 1635 69 31 qua
796 1635 148 31 quaerehatur
915 1635 59 31 an
944 1635 79 31 tpes
994 1635 69 31 sit
1033 1635 59 31 in
1063 1635 89 31 anima
1122 1635 69 31 vel
1152 1635 69 31 extra

703 1667 126 31 animam,
794 1667 80 31 cum
840 1667 91 31 hinc
897 1667 91 31 inde
954 1667 149 31 videantur
1057 1667 160 31 authoritates

708 1697 52 33 &
728 1697 125 33 rationes
822 1697 63 33 ad
853 1697 125 33 vtranque
947 1697 115 33 partem.
1031 1697 83 33 dico
1083 1697 83 33 quod
1135 1697 73 33 cum
1166 1697 52 33 tem

703 1725 84 41 pus
751 1725 84 41 sit
799 1725 132 41 numerus
895 1725 120 41 motus,
980 1725 144 41 dicendum
1088 1725 84 41 ita
1136 1725 84 41 est
1172 1725 48 41 de

711 1760 148 35 cempore,
822 1760 111 35 sicut
896 1760 74 35 de
933 1760 136 35 numero.
1032 1760 86 35 Pro
1081 1760 86 35 quo
1118 1760 111 35 animad-

707 1796 97 30 uerte
772 1796 97 30 quod,
836 1796 65 30 vt
869 1796 97 30 patet
933 1796 65 30 ex
966 1796 172 30 determinatis
1106 1796 65 30 in
1138 1796 75 30 hoc
1170 1796 54 30 tra

706 1823 96 34 ctatu
771 1823 64 34 de
803 1823 129 34 tempore,
899 1823 107 34 tempus
974 1823 96 34 dicit
1038 1823 86 34 duo,
1092 1823 139 34 videlicet
1188 1823 43 34 ne

701 1856 130 34 meratum
796 1856 95 34 esse
855 1856 130 34 prioris
949 1856 59 34 &
973 1856 177 34 posterioris
1115 1856 106 34 primi
1174 1856 47 34 mo

704 1887 65 35 tus
741 1887 111 35 passiue:
824 1887 65 35 vel
862 1887 111 35 secundum
945 1887 93 35 actum,
1010 1887 46 35 &
1029 1887 74 35 tunc
1075 1887 102 35 dicitur
1140 1887 84 35 numerus

703 1924 166 33 numeratus:
833 1924 83 33 vel
881 1924 142 33 secundum
987 1924 189 33 aptitudinem,
1141 1924 59 33 &
1153 1924 71 33 tunc
