1416 2066
170 180 86 53 quia
224 180 171 53 intellectus,
363 180 160 53 profertres,
491 180 128 53 secundum
587 180 86 53 quod
630 180 75 53 sunt,

179 224 81 38 in
220 224 95 38 se.
274 224 95 38 sed
328 224 122 38 forte
409 224 162 38 diminuit
531 224 162 38 inaliquo
639 224 54 38 mo

182 261 122 38 dico,
264 261 68 38 &
291 261 204 38 existimatur
454 261 109 38 quod
522 261 95 38 non
562 261 136 38 diminuit

177 300 77 49 in
216 300 141 49 aliquo,
318 300 115 49 sicut
395 300 141 49 accidit
498 300 77 49 in
536 300 115 49 istis
600 300 90 49 rebus

177 341 113 51 quae
247 341 113 51 sunt
318 341 198 51 propinquae
473 341 85 51 ad
516 341 127 51 esse,
586 341 113 51 deinde

173 380 215 39 impediuntur
345 380 72 39 a
373 380 129 39 casu.
459 380 215 39 intellectus
617 380 86 39 enim

179 416 127 50 ponit
263 416 98 50 eas
320 416 127 50 quasi
404 416 211 50 existentes.
573 416 84 50 Et
601 416 98 50 indu-

174 461 115 37 xit
239 461 165 37 totum:
355 461 115 37 hoc
421 461 99 37 ad
454 461 247 37 demonstrandum

189 493 113 49 quod
260 493 99 49 non
316 493 142 49 dicunt
416 493 184 49 malitiam,
557 493 71 49 &
571 493 128 49 bonita-

182 532 93 38 tem
235 532 133 38 casus,
328 532 107 38 nisi
395 532 80 38 de
435 532 147 38 finibus
528 532 160 38 existentib

183 573 70 46 in
218 573 105 46 actu,
288 573 81 46 aut
335 573 70 46 de
369 573 116 46 illis,
451 573 93 46 quae
509 573 93 46 sunt
567 573 105 46 quasi
625 573 70 46 exi-

182 612 142 38 stentes
285 612 78 38 in
324 612 116 38 actu.
402 612 103 38 D.d.
466 612 90 38 Sed
518 612 181 38 fortunitas
647 612 52 38 ca

181 646 94 44 sus
234 646 94 44 est
288 646 94 44 non
341 646 120 44 certa
421 646 107 44 res.
488 646 67 44 &
515 646 120 44 dixit
595 646 107 44 hoc,
649 646 53 44 ne

184 686 107 48 homo
251 686 188 48 decipiatur
398 686 81 48 in
439 686 94 48 sua
493 686 107 48 vita
560 686 134 48 humana
640 686 54 48 ex

179 724 104 55 hoc,
244 724 104 55 quid
309 724 143 55 accidit
413 724 78 55 ei
451 724 78 55 de
490 724 156 55 bonitate
594 724 104 55 casus.

223 772 122 46 Sunt
299 772 168 46 igitur:
422 772 122 46 ambo
498 772 168 46 causae,
605 772 92 46 quem

182 812 163 46 admodum
301 812 148 46 dictum
405 812 119 46 est,
479 812 178 46 secundum
597 812 104 46 acci-

177 858 137 48 dens,
268 858 76 48 &
299 858 183 48 fortuna,
436 858 76 48 &
467 858 153 48 casus,
574 858 92 48 in
604 858 92 48 ijs,

184 901 114 54 quae
255 901 157 54 possunt
369 901 128 54 fieri
455 901 100 54 non
497 901 200 54 simpercitler

186 941 120 51 neque
266 941 200 51 frequenter.
426 941 67 51 &
453 941 134 51 horum,
533 941 160 51 quaecumque

194 980 118 47 vtique
277 980 106 47 fient
347 980 71 47 in
383 980 106 47 ijns,
453 980 94 47 quae
512 980 118 47 perper
583 980 118 47 aliquid,

200 1021 187 45 Differunt
343 1021 144 45 autem,
444 1021 158 45 quoniam
559 1021 129 45 casus
645 1021 86 45 in

176 1063 126 51 plus
255 1063 126 51 est.
334 1063 126 51 quod
413 1063 126 51 enim
492 1063 110 51 est
555 1063 79 51 a
571 1063 126 51 fortu-

183 1108 93 46 na,
236 1108 93 46 est
289 1108 66 46 &
316 1108 66 46 a
342 1108 120 46 casu:
422 1108 93 46 hoc
475 1108 120 46 autem
555 1108 93 46 non
608 1108 106 46 omne
661 1108 40 46 a

184 1148 167 45 fortuna
305 1148 122 45 est.
382 1148 167 45 Eortuna
503 1148 122 45 enim
579 1148 76 45 &
610 1148 122 45 quod

183 1191 66 42 a
209 1191 145 42 fortuna
315 1191 106 42 est,
381 1191 92 42 iis
434 1191 132 42 inest,
526 1191 132 42 quibus
619 1191 66 42 &
632 1191 66 42 for

176 1234 156 49 tunatos
289 1234 113 49 esse
360 1234 156 49 inerit,
473 1234 71 49 &
501 1234 141 49 omnino
586 1234 113 49 actio.

224 1285 155 50 Casus
327 1285 189 50 igitur,
464 1285 86 50 &
499 1285 103 50 ex
550 1285 155 50 anima
636 1285 69 50 am

180 1322 85 60 bo
222 1322 113 60 sunt
293 1322 141 60 causae
392 1322 99 60 per
448 1322 169 60 accidens
575 1322 85 60 in
603 1322 99 60 rebus

182 1371 244 64 contingentibus,
387 1371 90 64 non
439 1371 205 64 simpliciter,
592 1371 103 64 neque,

185 1418 80 61 vt
225 1418 80 61 in
264 1418 173 61 pluribus,
397 1418 66 61 &
424 1418 133 61 istoru
517 1418 80 61 in
557 1418 106 61 eis,
623 1418 106 61 quae

183 1464 116 58 sunt
255 1464 159 58 propter
370 1464 173 58 aliquid.
501 1464 101 58 Sed
544 1464 159 58 differut,

187 1516 169 58 quoniam
310 1516 92 58 ex
356 1516 139 58 anima
449 1516 169 58 dicitur
572 1516 92 58 de
603 1516 92 58 plu-

175 1561 131 61 ribus
263 1561 117 61 eis,
336 1561 88 61 de
380 1561 146 61 quibus
482 1561 161 61 dicitur
584 1561 117 61 casus.

181 1611 83 56 ce
223 1611 111 56 enim
292 1611 111 56 quod
362 1611 97 56 est
417 1611 125 56 casu,
500 1611 83 56 ex
542 1611 83 56 se
584 1611 111 56 est,
639 1611 42 56 &

185 1658 89 57 non
236 1658 89 57 oe,
287 1658 102 57 quod
351 1658 89 57 est
402 1658 77 57 ex
441 1658 89 57 se,
492 1658 89 57 est
543 1658 115 57 casu,
607 1658 89 57 casus

183 1706 128 56 enim,
268 1706 71 56 &
297 1706 142 56 illud,
396 1706 114 56 quod
467 1706 100 56 est
524 1706 128 56 casu,
595 1706 100 56 inue-

187 1749 156 61 niuntur
300 1749 85 61 in
343 1749 142 61 rebus,
442 1749 85 61 in
484 1749 142 61 quibus
584 1749 99 61 pot
626 1749 71 61 con

177 1796 167 63 tingere
298 1796 167 63 bonitas
420 1796 152 63 casus,
527 1796 76 63 &
542 1796 152 63 vniuersa

180 1845 125 61 liter
264 1845 84 61 in
305 1845 139 61 rebus,
403 1845 111 61 quae
472 1845 153 61 possunt
570 1845 139 61 operari.

752 181 96 48 Cum
807 181 193 48 declarauit
959 181 151 48 naturam
1069 181 165 48 communem
1179 181 69 48 ea-

712 221 89 45 sus
763 221 64 45 &
789 221 115 45 eius,
865 221 102 45 quod
929 221 89 45 est
980 221 77 45 ex
1018 221 89 45 se,
1069 221 153 45 incoepit
1184 221 77 45 da
1210 221 38 45 I

718 262 75 41 re
755 262 162 41 dicituram
879 262 112 41 inter
954 262 112 41 illa,
1029 262 62 41 &
1053 262 112 41 primo
1128 262 112 41 dedit
1190 262 50 41 de

711 300 193 39 finitionem
863 300 206 39 continentem
1028 300 124 39 illa,
1110 300 69 39 &
1124 300 110 39 dixit:

719 340 111 51 Casus
792 340 135 51 igitur:
891 340 61 51 &
915 340 74 51 ex
952 340 123 51 anima,
1038 340 86 51 &c.
1087 340 74 51 i.
1124 340 61 51 &
1137 340 98 51 inten-

722 378 102 44 dlit
786 378 89 44 per
837 378 203 44 contingentia
1002 378 127 44 entia,
1091 378 64 44 &
1117 378 89 44 per
1155 378 76 44 hoc,

719 415 90 59 quod
775 415 101 59 dixit
842 415 79 59 non
887 415 202 59 simpericituri.
1056 415 79 59 non
1101 415 101 59 illa,
1169 415 90 59 quae

720 453 107 45 iunt
786 453 201 45 necessaria,
947 453 120 45 neque
1027 453 120 45 illa,
1107 453 107 45 quae
1161 453 80 45 sunt

718 493 81 45 in
758 493 134 45 maiori
852 493 134 45 parte,
946 493 94 45 sed
999 493 81 45 in
1040 493 107 45 eis,
1107 493 107 45 quae
1160 493 81 45 sunt

715 540 115 44 neque
792 540 192 44 necessaria,
946 540 115 44 neque
1022 540 77 44 vt
1061 540 77 44 in
1086 540 141 44 pluribus,

718 571 51 39 &
738 571 61 39 ex
769 571 91 39 istis
830 571 91 39 etiam
891 571 61 39 in
921 571 81 39 eis,
972 571 81 39 quae
1023 571 81 39 sunt
1073 571 102 39 perper
1134 571 102 39 aliquid.

730 608 95 42 D.d.
789 608 83 42 Sed
837 608 166 42 differunt,
967 608 83 42 &c.
1015 608 71 42 i.
1050 608 59 42 &
1074 608 71 42 ex
1109 608 71 42 se
1133 608 95 42 dicitu

712 647 126 43 magis
796 647 168 43 generale
922 647 112 43 quae
993 647 140 43 casus.
1091 647 112 43 omne
1147 647 84 43 enim

716 686 95 47 quod
775 686 83 47 est
823 686 107 47 casu,
894 686 130 47 dicitur
989 686 95 47 esse
1048 686 71 47 ex
1084 686 83 47 se,
1131 686 59 47 &
1143 686 83 47 omne,

718 730 88 36 quod
773 730 77 36 est
817 730 66 36 ex
850 730 77 36 se,
893 730 77 36 non
937 730 121 36 dicitur
1025 730 88 36 esse
1080 730 99 36 casu,
1145 730 77 36 sed
1178 730 55 36 non

715 765 126 50 secundum
810 765 84 50 quod
863 765 105 50 illud,
936 765 84 50 quod
989 765 147 50 significat
1105 765 105 50 illud,
1168 765 63 50 quid

710 805 86 50 est
759 805 74 50 ex
796 805 86 50 se,
845 805 86 50 est
895 805 111 50 quasi
969 805 111 50 genus
1043 805 111 50 eius,
1117 805 99 50 quod
1166 805 62 50 est

717 839 115 43 casu,
794 839 89 43 sed
845 839 76 43 ex
883 839 89 43 se.
934 839 64 43 &
959 839 115 43 casus
1035 839 76 43 in
1074 839 89 43 rei
1112 839 127 43 veritate

711 878 109 44 sunt
779 878 109 44 duae
847 878 122 44 spes,
929 878 136 44 quarum
1023 878 136 44 altera
1118 878 95 44 est
1173 878 81 44 in

718 918 119 44 rebus
797 918 212 44 voluntarijs,
970 918 66 44 &
996 918 146 44 secunda
1103 918 80 44 in
1129 918 93 44 rebus

719 961 226 41 naturalibus.
903 961 99 41 sed
959 961 141 41 vtitur
1058 961 99 41 vno
1101 961 127 41 nominum

716 997 152 43 istarum
827 997 138 43 duarum
923 997 179 43 specierum
1048 997 179 43 communiter,

715 1033 57 53 &
737 1033 137 53 proprie,
840 1033 57 53 &
863 1033 80 53 est
909 1033 68 53 ex
943 1033 80 53 se.
988 1033 148 53 quandoque
1103 1033 114 53 igitur
1171 1033 57 53 si-

716 1073 172 50 gnificat
845 1073 129 50 casum
930 1073 86 50 in
973 1073 129 50 rebus
1045 1073 186 50 naturalibus

715 1116 141 38 tantum,
818 1116 64 38 &
843 1116 166 38 quandoque
971 1116 179 38 significat
1112 1116 115 38 casum
1176 1116 51 38 in

712 1149 126 41 rebus
796 1149 224 41 naturalibus,
978 1149 70 41 &
1006 1149 224 41 voluntarijs:
1174 1149 56 41 ca

715 1188 98 46 sus
771 1188 126 46 autem
855 1188 98 46 non
911 1188 196 46 significat
1065 1188 112 46 nisi
1121 1188 112 46 illud,

719 1233 107 40 quod
785 1233 93 40 sit
839 1233 80 40 in
879 1233 120 40 rebus
959 1233 200 40 voluntarijs
1106 1233 120 40 tantum.

722 1269 107 51 D.d.
789 1269 121 51 casus
869 1269 121 51 enim,
949 1269 94 51 &c.
1003 1269 121 51 casus
1084 1269 94 51 eni
1124 1269 107 51 signi-

710 1305 115 41 ficat
787 1305 115 41 illa,
863 1305 77 41 in
902 1305 128 41 quibus
991 1305 115 41 casus
1067 1305 128 41 potest
1144 1305 89 41 dici-

722 1344 109 43 bonus,
798 1344 55 43 &
820 1344 87 43 sunt
875 1344 207 43 vniversaliteres
1038 1344 142 43 operatiuae.

754 1405 193 45 Quocirca
899 1405 81 45 &
931 1405 177 45 necesse
1060 1405 113 45 est
1108 1405 113 45 circa

719 1449 145 54 agenda
820 1449 116 54 esse
892 1449 188 54 fortunam.
1037 1449 145 54 Signum
1124 1449 101 54 autem

720 1490 83 48 est,
771 1490 114 48 quoniam
854 1490 124 48 videtulr
947 1490 72 48 vel
989 1490 83 48 idem
1041 1490 83 48 esse
1092 1490 72 48 cum
1123 1490 104 48 foelici-

711 1535 118 42 tate
785 1535 176 42 Prospera
917 1535 176 42 fortuna,
1050 1535 118 42 aut,
1108 1535 118 42 prope.

714 1574 182 44 foelicitas
857 1574 117 44 autem
935 1574 117 44 actio
1012 1574 143 44 quaedam
1116 1574 104 44 est.
1168 1574 65 44 est

704 1617 142 49 enim
793 1617 142 49 bona
882 1617 178 49 actio.
1006 1617 160 49 Quare
1095 1617 142 49 quibus

721 1668 124 35 unque
804 1668 96 35 non
859 1668 179 35 contingit
997 1668 138 35 agere,
1093 1668 96 35 ijs
1135 1668 96 35 neque

713 1698 71 48 a
741 1698 157 48 fortuna
855 1698 157 48 aliquid
969 1698 142 48 facere
1054 1698 171 48 continget.

761 1749 76 63 Et
799 1749 101 63 ideo
862 1749 138 63 necesse
963 1749 101 63 est,
1026 1749 76 63 vt
1063 1749 113 63 casus
1139 1749 88 63 sit
1177 1749 50 63 ex

714 1797 135 65 rebus,
808 1797 108 65 quae
875 1797 135 65 siunt.
969 1797 81 65 Et
1010 1797 121 65 signu
1090 1797 108 65 eius
1144 1797 81 65 est,

704 1845 164 62 quonia
818 1845 246 62 existimatur
1015 1845 131 62 quod
1081 1845 147 62 Bonitas
