1416 2066
189 188 129 39 clarare,
286 188 129 39 scilicet
383 188 86 39 quod
437 188 129 39 potentia
534 188 97 39 motus
599 188 76 39 est
631 188 76 39 prior

192 220 168 47 tempore
314 220 137 47 motu,
405 220 107 47 est
466 220 213 47 manifestum
619 220 91 47 sine

203 257 206 37 definitione
368 257 137 37 motus.
464 257 82 37 Et
505 257 137 37 dixit:
601 257 82 37 Et
629 257 82 37 sine

200 293 92 37 hac
252 293 210 37 definitione,
423 293 92 37 &c.
476 293 79 37 i.
515 293 66 37 &
541 293 105 37 siue
594 293 118 37 defini-

193 340 136 30 tione
284 340 136 30 motus
374 340 166 30 apparet
495 340 136 30 etiam
586 340 91 30 ex
616 340 91 30 indu

195 368 127 51 ctione
284 368 101 51 quod
347 368 89 51 non
398 368 139 51 mouetur
499 368 101 51 nisi
562 368 127 51 illud,
638 368 76 51 quid

197 405 142 53 anteque
300 405 181 53 moueretur,
443 405 103 53 erat
507 405 168 53 possibile
623 405 78 53 moue

205 445 73 45 ri,
246 445 126 45 quoniam,
341 445 63 45 si
372 445 73 45 non
414 445 94 45 esset
477 445 136 45 possibile
581 445 115 45 moueri,
655 445 52 45 non

199 481 173 41 moueretur.
335 481 74 41 v.
372 481 74 41 g.
409 481 99 41 quod
470 481 86 41 non
520 481 173 41 alteratur,
643 481 62 41 ni-

199 516 68 46 si
233 516 114 46 illud,
313 516 91 46 quod
370 516 148 46 possibile
484 516 91 46 erat
541 516 148 46 alterari,
655 516 57 46 &
666 516 46 46 si

202 555 148 48 militer
309 555 94 48 non
363 555 162 48 mouetur,
484 555 108 48 nisi
551 555 135 48 illud,
632 555 81 48 quid

198 597 97 46 ante
258 597 97 46 erat
319 597 157 46 possibile
439 597 133 46 moueri.
536 597 72 46 Et
560 597 145 46 intelligen

197 630 106 38 dum
257 630 106 38 est
318 630 91 38 de
364 630 106 38 hac
424 630 212 38 intentione
591 630 121 38 duos
651 630 61 38 mo

204 669 81 51 dos
251 669 150 51 potentiae
366 669 138 51 scilicet
470 669 92 51 quae
527 669 150 51 inuenitur
643 669 69 51 in
666 669 46 51 ip

196 709 88 36 so
240 709 132 36 moto,
329 709 74 36 &
358 709 118 36 quae
432 709 191 36 inuenitur
579 709 88 36 in
608 709 103 36 mate-

207 749 91 44 ria
259 749 117 44 moti.
337 749 104 44 D.d.
402 749 143 44 Necesse
506 749 91 44 est
558 749 143 44 igitur,
649 749 65 44 &c.

204 780 73 51 i.
240 780 134 51 necesse
338 780 85 51 est
386 780 134 51 igitur,
484 780 73 51 vt
520 780 146 51 potentia
630 780 73 51 ad
654 780 61 51 il-

201 821 108 48 lud,
268 821 108 48 quod
335 821 188 48 generatur,
483 821 148 48 existat
591 821 81 48 in
631 821 81 48 eo
658 821 54 48 an

202 857 77 46 te
241 857 116 46 ipsum
318 857 142 46 gnatum.
421 857 77 46 v.
460 857 77 46 g.
498 857 103 46 quod
563 857 129 46 illud,
640 857 77 46 quod

200 897 210 46 comburitur,
368 897 70 46 &
396 897 98 46 fit
452 897 126 46 ignis
535 897 154 46 innatum
633 897 84 46 erat

204 937 174 34 comburi,
335 937 174 34 antequae
466 937 247 34 combureretur.
655 937 58 34 Et

202 966 95 44 ista
262 966 143 44 potentia
368 966 83 44 non
416 966 131 44 tamedun
511 966 154 44 praecedit
618 966 95 44 passio

203 1005 92 48 nem
255 1005 183 48 existentem
399 1005 78 48 in
438 1005 144 48 passiuo
543 1005 157 48 secundum
648 1005 65 48 tem

195 1043 100 50 pus,
258 1043 88 50 sed
308 1043 113 50 etiam
383 1043 163 50 praecedit
509 1043 150 50 secundum
609 1043 100 50 tempus

200 1077 183 53 virtutem
337 1077 167 53 acentem
458 1077 91 53 in
504 1077 167 53 agente.
626 1077 122 53 quod

201 1108 127 46 enim
280 1108 190 46 comburit
423 1108 175 46 innatum
550 1108 127 46 erit
614 1108 95 46 ante

198 1156 205 47 comburere.
359 1156 73 47 &
389 1156 117 47 ideo
462 1156 117 47 omne
535 1156 146 47 agens,
623 1156 88 47 quod

207 1192 111 48 potest
285 1192 100 48 agere
352 1192 156 48 quandoque,
474 1192 56 48 &
496 1192 145 48 quandoque
608 1192 89 48 non,
652 1192 56 48 ne-

204 1231 143 43 cessario
311 1231 155 43 inuenitur
431 1231 167 43 quandoque:
562 1231 155 43 potentia,
681 1231 60 43 &

204 1268 166 41 quandoque
332 1268 102 41 non,
396 1268 64 41 &
422 1268 115 41 omnia
498 1268 102 41 ista
562 1268 102 41 sunt
614 1268 102 41 neces-

187 1308 148 38 Isaria,
294 1308 67 38 &
321 1308 121 38 vera.
402 1308 81 38 Et
442 1308 108 38 hoc,
509 1308 108 38 quod
577 1308 134 38 dicunt
657 1308 54 38 Lo

209 1342 160 50 quentes
326 1342 160 50 nostrae
442 1342 145 50 legis,
544 1342 116 50 immo
602 1342 102 50 inuol

212 1380 115 54 uentes,
295 1380 84 54 quod
348 1380 136 54 possibile
452 1380 84 54 est,
505 1380 136 54 prouenire
599 1380 115 54 actionem,

210 1420 98 46 nouam
276 1420 131 46 scilicet
374 1420 120 46 postque
462 1420 77 46 non
505 1420 109 46 suerit
582 1420 98 46 tpere
636 1420 66 46 infi

211 1461 101 46 nito
275 1461 76 46 ab
312 1461 126 46 agente
401 1461 152 46 antiquo,
515 1461 126 46 absque
603 1461 88 46 eo,
641 1461 63 46 qui

202 1492 114 53 illic
278 1492 89 53 sit
329 1492 127 53 causa,
418 1492 101 53 quae
481 1492 114 53 fecit
557 1492 114 53 illud
620 1492 89 53 agens

205 1533 121 50 agere
285 1533 81 50 in
326 1533 135 50 aliqua
420 1533 108 50 hora
488 1533 121 50 magis
569 1533 121 50 quain
636 1533 81 50 alia

206 1572 99 46 est
262 1572 127 46 sermo
347 1572 225 46 sophisticus,
530 1572 70 46 &
544 1572 141 46 deceptiu

202 1604 105 51 Dico
267 1604 157 51 secundum
385 1604 105 51 hanc
451 1604 210 51 expositionem
608 1604 105 51 intel-

204 1645 127 49 lexit
288 1645 169 49 Alphara.
415 1645 70 49 &
443 1645 113 49 alii
514 1645 99 49 hoc
556 1645 155 49 capitulum

203 1680 140 42 scilicet
308 1680 93 42 quod
366 1680 128 42 induxit
459 1680 186 42 definitionem
610 1680 105 42 motus
668 1680 47 42 ad

200 1719 239 49 declarandam
391 1719 207 49 potentiam
551 1719 127 49 esse
614 1719 96 49 ante

198 1758 150 48 actum.
303 1758 75 48 &
333 1758 105 48 hoc
393 1758 105 48 non
453 1758 105 48 est
512 1758 180 48 proprium
632 1758 75 48 mo-

199 1796 88 54 tui,
254 1796 132 54 secundum
353 1796 88 54 quod
408 1796 77 54 est
452 1796 110 54 motus,
528 1796 77 54 sed
572 1796 77 54 est
605 1796 110 54 proprium

731 181 92 45 nouo
789 181 115 45 facto,
870 181 138 45 secundum
973 181 92 45 quod
1031 181 81 45 est
1077 181 104 45 nouum
1146 181 127 45 factum,
1226 181 35 45 T

726 219 140 47 scilicet
832 219 70 47 vt
867 219 152 47 potentia,
984 219 58 47 &
1007 219 105 47 posse
1077 219 94 47 noui
1124 219 105 47 praece-

727 256 86 43 dat
776 256 110 43 ipsum
849 256 147 43 secundum
960 256 123 43 tpeos.
1045 256 147 43 Secundum
1143 256 86 43 autem

730 302 166 41 nostram
851 302 242 41 expositionem
1048 302 166 41 induxit
1153 302 76 41 de-

728 333 217 37 finitionem
898 333 155 37 motus,
1007 333 93 37 ad
1038 333 202 37 declarandum

733 370 90 52 quod
789 370 102 52 motus
857 370 79 52 est
902 370 68 52 in
936 370 102 52 moto.
1004 370 136 52 quoniam,
1106 370 79 52 cum
1140 370 90 52 dictum

729 405 85 45 sit
778 405 73 45 in
814 405 183 45 definitione
961 405 98 45 eius
1022 405 98 45 quod
1083 405 85 45 est
1119 405 110 45 entele-

731 444 110 37 chia
800 444 124 37 moti,
883 444 152 37 necesse
993 444 96 37 est
1048 444 83 37 vt
1089 444 96 37 sit
1145 444 83 37 in
1172 444 69 37 mo-

730 485 88 37 to.
781 485 113 37 omnis
856 485 101 37 enim
919 485 164 37 perfectio
1045 485 138 37 necesse
1146 485 88 37 est
1184 485 50 37 vt

731 517 74 45 sit
774 517 64 45 in
806 517 74 45 re,
848 517 85 45 quae
901 517 159 45 perficitur.
1029 517 64 45 Et
1061 517 117 45 scundum
1146 517 74 45 hoc
1178 517 53 45 in-

735 557 154 47 uenimus
847 557 126 47 Alex.
931 557 84 47 in
973 557 154 47 suolib.
1085 557 84 47 de
1113 557 126 47 princi-

726 597 111 46 piis
795 597 166 46 inducere
920 597 222 46 definitionem
1100 597 139 46 motus,
1184 597 55 46 ad

731 630 228 44 declarandum
913 630 137 44 motum
1004 630 122 44 esse
1065 630 167 44 aeternum.

725 668 81 49 Et
766 668 108 49 hoc,
834 668 108 49 quod
901 668 135 49 dixit:
996 668 81 49 Et
1036 668 108 49 sine
1104 668 95 49 hac
1144 668 95 49 defi-

728 709 167 36 nitione,
854 709 98 36 &c.
909 709 98 36 hoc
965 709 153 36 decepit
1077 709 153 36 homines
1174 709 56 36 in

728 744 118 42 hoc:
802 744 74 42 &
832 744 266 42 existimauerunt
1053 744 133 42 ipsum
1127 744 103 42 decla

727 784 117 36 rare
801 784 191 36 potentiam
947 784 117 36 esse
1021 784 117 36 ante
1094 784 132 36 actum
1182 784 88 36 in

734 817 113 50 tpre.
810 817 63 50 &
835 817 101 50 ipse
898 817 176 50 intendebat
1036 817 126 50 dicere
1124 817 101 50 quod
1174 817 63 50 non

730 860 130 38 dicitur
825 860 130 38 moueri,
919 860 94 38 nisi
978 860 118 38 illud,
1060 860 71 38 in
1096 860 106 38 cuius
1155 860 83 38 natu-

733 893 68 54 ra
767 893 79 54 est
812 893 102 54 motus
880 893 136 54 scilicet
981 893 113 54 corpus
1060 893 124 54 mobile:
1151 893 56 54 &
1173 893 90 54 quod

724 933 110 38 non
787 933 205 38 inuenitur
945 933 94 38 in
976 933 173 38 immobili.

767 989 136 45 Ergo
852 989 85 45 &
886 989 136 45 haec
971 989 255 45 necessarium
1158 989 85 45 est

723 1031 102 43 aut
782 1031 131 43 facta
869 1031 190 43 aliquando
1015 1031 131 43 esse,
1103 1031 102 43 cum
1161 1031 102 43 non

725 1071 175 52 essent,
852 1071 111 52 aut
916 1071 191 52 perpetua
1043 1071 111 52 esse.

779 1113 120 58 ista
854 1113 135 58 etiam
944 1113 165 58 necesse
1063 1113 120 58 est,
1138 1113 105 58 aut
1183 1113 60 58 ut

727 1156 100 62 non
784 1156 115 62 sint
856 1156 143 62 talia,
956 1156 115 62 nisi
1028 1156 86 62 in
1071 1156 143 62 aliqua
1157 1156 86 62 hora

724 1205 157 62 absque
834 1205 110 62 eo,
897 1205 126 62 quod
976 1205 141 62 talia
1070 1205 157 62 erant,
1164 1205 79 62 aut

729 1252 80 54 ut
769 1252 107 54 sint
836 1252 120 54 talia
902 1252 134 54 aeterne.

746 1308 133 47 Dicit:
839 1308 107 47 Ista
905 1308 133 47 igitur
999 1308 186 47 sensibilia
1132 1308 93 47 neces

733 1343 53 47 se
760 1343 70 47 est,
803 1343 61 47 aut
839 1343 53 47 vt
865 1343 61 47 non
900 1343 79 47 sint,
953 1343 79 47 sicut
1005 1343 79 47 vider
1058 1343 105 47 scilicet
1137 1343 70 47 quod
1172 1343 53 47 quae

733 1383 113 48 dam
798 1383 162 48 semper
911 1383 210 48 mouentur,
1072 1383 81 48 &
1089 1383 146 48 quaedam

734 1421 143 45 semper
834 1421 200 45 quiescunt,
991 1421 100 45 aut
1048 1421 143 45 semper
1134 1421 100 45 succe

731 1456 93 42 dunt
789 1456 93 42 sibi
847 1456 93 42 haec
905 1456 81 42 duo
952 1456 70 42 in
987 1456 116 42 aliqua
1068 1456 104 42 hora,
1126 1456 116 42 scilicet

735 1494 116 52 motus,
817 1494 58 52 &
840 1494 116 52 quies,
921 1494 116 52 absque
1003 1494 81 52 eo,
1049 1494 93 52 quod
1107 1494 93 52 ante
1154 1494 81 52 illam

732 1533 134 37 essent
825 1533 121 37 huius
906 1533 241 37 dispositionis,
1107 1533 94 37 sed
1147 1533 94 37 omnia

730 1574 121 43 erant
810 1574 214 43 quiescentia,
984 1574 134 43 deinde
1065 1574 174 43 incoeperunt

728 1607 76 42 ab
766 1607 126 42 aliquo
854 1607 139 42 moueri,
955 1607 151 42 secundum
1069 1607 101 42 quod
1132 1607 101 42 modo
1182 1607 63 42 sen

733 1645 140 46 tiuntur,
838 1645 82 46 aut
885 1645 117 46 semper
967 1645 140 46 fuerunt,
1072 1645 140 46 secundum
1165 1645 70 46 quod

724 1681 110 53 modo
793 1681 206 53 sentiuntur.
957 1681 69 53 &
985 1681 96 53 cum
1039 1681 123 53 dixit
1122 1681 110 53 quod
1176 1681 69 53 hoc

724 1719 103 43 est
783 1719 205 43 quaerendum
944 1719 146 43 primo,
1047 1719 176 43 incoepit
1164 1719 73 43 de-

732 1756 144 52 clarare
837 1756 131 52 ipsum.
928 1756 105 52 Dico
994 1756 105 52 quod
1060 1756 105 52 haec
1125 1756 92 52 est
1164 1756 79 52 expo

732 1797 129 54 vera,
817 1797 129 54 dixit
903 1797 71 54 &
932 1797 114 54 quia
1003 1797 171 54 apparuit
1132 1797 100 54 iam
1175 1797 71 54 pri
