1416 2066
194 173 114 54 primum
273 173 114 54 tpens,
353 173 68 54 in
388 173 80 54 quo
433 173 126 54 cessat.
524 173 57 54 &
547 173 137 54 videtual
639 173 68 54 quod

208 215 165 43 cessans
328 215 105 43 sit
388 215 120 43 idem
463 215 105 43 cum
523 215 120 43 moto
583 215 120 43 omnimo

213 253 95 37 do:
267 253 95 37 sed
321 253 95 37 non
375 253 95 37 est
429 253 135 37 verum:
523 253 95 37 sed
577 253 135 37 motum,
672 253 68 37 &

215 288 123 42 cessans
304 288 89 42 sunt
360 288 89 42 idem
415 288 134 42 secundum
516 288 156 42 subiectum,
638 288 56 42 &
649 288 56 42 duo

212 327 140 50 secundum
317 327 116 50 modum.
399 327 116 50 corpus
480 327 93 50 enim
538 327 82 50 cum
573 327 140 50 accipiatur

213 364 129 51 secundum
310 364 150 51 qualitatem
428 364 172 51 quiescentem,
567 364 118 51 dicitur
643 364 64 51 quie

213 401 98 41 scens,
282 401 59 41 &,
312 401 69 41 cum
351 401 138 41 accipiatur
459 401 118 41 secundum
548 401 79 41 quod
597 401 89 41 habet
646 401 59 41 qua-

217 442 131 39 litatem
312 442 202 39 transmutatam,
479 442 131 39 dicitur
574 442 119 39 motum.
657 442 71 39 &,

207 485 116 41 quia
280 485 233 41 transmutatum
469 485 87 41 in
513 485 189 41 qualitate
644 485 58 41 va

213 520 88 44 dit
264 520 75 44 ad
301 520 176 44 qualitatem
440 520 151 44 mobilem,
553 520 151 44 secundum
653 520 63 44 hoc

211 556 141 38 dicitur
314 556 128 38 motum.
403 556 115 38 Motum
480 556 128 38 igitur
569 556 90 38 est
608 556 102 38 motum,

214 588 139 49 secundum
319 588 93 49 quod
377 588 186 49 transmutatur
527 588 70 49 in
562 588 93 49 alia
609 588 104 49 qualita

219 629 71 38 te,
259 629 51 38 &
280 629 152 38 transfertur
401 629 61 38 in
432 629 61 38 ea
462 629 61 38 ad
492 629 101 38 finem,
563 629 122 38 secundum
654 629 81 38 quod

216 666 107 41 finis
287 666 83 41 est
335 666 190 41 complementum
489 666 130 41 tamedum
584 666 119 41 illius
655 666 47 41 mo

217 701 86 52 tus.
271 701 76 52 vg.
314 701 130 52 secundum
412 701 86 52 quod
466 701 173 52 transmutatur
606 701 65 52 de
628 701 86 52 albedi

214 740 80 50 ne
254 740 187 50 imperfecta
400 740 80 50 in
440 740 200 50 nigredinem.
600 740 93 50 est
640 740 67 50 au-

221 775 67 49 tem
259 775 114 49 cessans,
344 775 114 49 secundum
430 775 76 49 quod
477 775 143 49 transfertur
591 775 57 49 ad
610 775 95 49 quietem,

212 813 79 52 &,
251 813 105 52 quia
317 813 118 52 quies
395 813 144 52 accidit
500 813 210 52 complemento,
658 813 52 52 ad

209 852 106 42 quod
275 852 92 42 est
328 852 132 42 motus,
420 852 106 42 ideo
486 852 158 42 cessatio
591 852 119 42 accidit

216 891 102 40 moto.
284 891 57 40 &
307 891 91 40 ideo
364 891 91 40 sunt
420 891 91 40 vnum
477 891 137 40 secundum
568 891 137 40 subiectum,

207 925 64 54 &
233 925 89 54 duo
284 925 153 54 secundum
398 925 127 54 modum.
487 925 89 54 Aut
538 925 140 54 dicamus
628 925 76 54 quod

210 964 80 38 est
255 964 126 38 cessans
347 964 138 38 secundum
451 964 115 38 partem
531 964 138 38 habitam,
634 964 57 38 &
646 964 57 38 mo-

218 1006 85 37 tum
267 1006 146 37 secundum
376 1006 122 37 partem
461 1006 158 37 habendam.
583 1006 122 37 Dicit:
656 1006 49 37 Et

210 1038 115 48 primum
291 1038 115 48 ipeos.
372 1038 81 48 &c.
418 1038 69 48 i.
452 1038 58 48 &
476 1038 127 48 necesse
568 1038 81 48 est
614 1038 69 48 vt
637 1038 69 48 ces-

207 1074 103 49 sans
271 1074 141 49 dicatur
374 1074 141 49 cessare
476 1074 77 49 in
515 1074 154 49 qualibet
617 1074 90 49 parte

214 1116 153 50 temporis,
332 1116 94 50 quid
391 1116 82 50 est
438 1116 130 50 aequale
532 1116 153 50 cessanti.
638 1116 71 50 omne

207 1151 104 43 enim
272 1151 129 43 tempus
362 1151 91 43 est
414 1151 194 43 diuisibile.
570 1151 129 43 Deinde
647 1151 52 43 in

209 1192 130 42 coepit
300 1192 169 42 declarare
430 1192 104 42 hoc,
495 1192 65 42 &
521 1192 78 42 d.
560 1192 104 42 nam,
625 1192 78 42 si
651 1192 52 42 il

209 1226 89 51 lud
260 1226 128 51 tempus
350 1226 166 51 diuidatur
477 1226 77 51 in
516 1226 102 51 duo,
579 1226 89 51 &c.
630 1226 77 51 i.
669 1226 64 51 &

214 1266 136 46 necesse
313 1266 87 46 est
362 1266 74 46 vt
399 1266 136 46 cessans
498 1266 124 46 cesset
585 1266 74 46 in
610 1266 99 46 quali-

193 1300 81 52 bet
240 1300 104 52 parte
309 1300 104 52 primi
379 1300 151 52 temporis.
495 1300 70 52 si
530 1300 93 52 enim
588 1300 104 52 illud
646 1300 58 52 tem

210 1341 98 45 pus
266 1341 183 45 diuidatur
407 1341 84 45 in
449 1341 98 45 duo
505 1341 183 45 aequalia,
632 1341 70 45 cum

209 1376 97 42 omne
270 1376 121 42 tempus
354 1376 85 42 sit
403 1376 182 42 diuisibile,
548 1376 97 42 tunc
597 1376 109 42 cessans

206 1420 96 45 aut
261 1420 96 45 non
316 1420 165 45 cessabit
440 1420 83 45 in
481 1420 138 45 aliqua
578 1420 138 45 parte:
674 1420 69 45 &

210 1453 86 50 sic
259 1453 86 50 non
308 1453 148 50 cessabit
419 1453 74 50 in
456 1453 99 50 toto
518 1453 99 50 illo
579 1453 111 50 tpre,
641 1453 74 50 quid

202 1489 89 41 est
253 1489 127 41 contra
342 1489 153 41 positum,
457 1489 89 41 aut
508 1489 153 41 cessabit
622 1489 76 41 in
647 1489 64 41 al-

204 1533 97 38 tera
265 1533 146 38 tanteum:
374 1533 61 38 &
399 1533 85 38 sic
447 1533 110 38 illud
520 1533 122 38 tempus
605 1533 85 38 non
642 1533 73 38 erit

207 1564 127 46 primum:
300 1564 81 46 cum
346 1564 81 46 non
392 1564 127 46 dicitur
484 1564 127 46 cessare
576 1564 69 46 in
611 1564 81 46 eo,
645 1564 58 46 ni-

200 1605 76 39 si
238 1605 102 39 quia
302 1605 127 39 cessat
391 1605 76 39 in
429 1605 127 39 aliqua
518 1605 114 39 parte
595 1605 114 39 eius.
671 1605 64 39 &

202 1640 96 42 hoc
257 1640 206 42 intendebat,
422 1640 96 42 cum
477 1640 82 42 d.
518 1640 96 42 non
573 1640 96 42 est
614 1640 96 42 totum

208 1677 130 51 primum,
303 1677 71 51 in
338 1677 83 51 quo
385 1677 130 51 cessat,
480 1677 71 51 i.
515 1677 59 51 &
539 1677 142 51 sequitur
633 1677 71 51 hanc

200 1716 179 46 positionem,
343 1716 72 46 vt
379 1716 84 46 non
427 1716 84 46 sit
475 1716 108 46 illud
547 1716 108 46 tpens
606 1716 84 46 totum

200 1758 108 46 quod
268 1758 95 46 est
322 1758 190 46 compositum
472 1758 81 46 ex
512 1758 136 46 duabus
594 1758 108 46 parti-

206 1789 93 54 bus
259 1789 147 54 primum,
366 1789 80 54 in
406 1789 93 54 quo
459 1789 147 54 cessans
565 1789 147 54 cessat.
659 1789 53 54 D.

727 173 66 45 d.
760 173 131 45 cessauit
858 173 87 45 enim
913 173 66 45 in
946 173 98 45 alio:
1011 173 55 45 &
1033 173 77 45 est
1077 173 87 45 illa
1132 173 98 45 pars.
1186 173 44 45 i.

733 211 129 54 quoniam,
830 211 64 54 si
862 211 118 54 positum
948 211 107 54 fuerit
1023 211 86 54 quod
1076 211 118 54 cessans
1151 211 86 54 cesset

731 251 74 39 in
768 251 123 39 aliqua
853 251 110 39 parte
927 251 110 39 primi
1000 251 159 39 temporis,
1123 251 98 39 tunc
1172 251 61 39 il-

727 287 84 43 lud
775 287 120 43 tempus
859 287 84 43 non
906 287 96 43 erit
966 287 131 43 primum:
1062 287 131 43 quoniam
1145 287 84 43 cessa

732 325 90 50 uit
784 325 77 50 in
822 325 116 50 alio,
899 325 154 50 antequam
1015 325 154 50 cessaret
1130 325 77 50 in
1156 325 77 50 illo

731 365 165 51 tempore:
855 365 69 51 &
883 365 124 51 illud
965 365 124 51 aliud
1048 365 96 51 est
1103 365 124 51 aliud
1172 365 55 51 ab

729 405 106 48 alia
795 405 120 48 parte
875 405 146 48 posita:
981 405 66 48 &
1008 405 93 48 sic
1061 405 120 48 illud
1128 405 106 48 tempus

734 439 94 42 non
787 439 107 42 erit
854 439 147 42 primum.
961 439 67 42 &
988 439 161 42 intendit
1109 439 94 42 per
1149 439 80 42 hoc,

729 476 105 51 quod
795 476 79 51 d.
834 476 66 51 &
860 476 105 51 illa
926 476 118 51 pars,
1005 476 132 51 partem
1097 476 118 51 primi
1163 476 66 51 tem

735 515 129 49 poris,
825 515 77 49 in
864 515 90 49 quo
915 515 142 49 positum
1018 515 129 49 fuerit
1095 515 129 49 cessans.

735 552 94 48 D.d.
794 552 70 48 vt
829 552 117 48 dictum
911 552 82 48 est
958 552 70 48 de
993 552 105 48 moto,
1063 552 70 48 i.
1098 552 129 48 quoniam
1180 552 59 48 de-

729 592 168 34 claratio
855 592 126 34 eadem
939 592 98 34 est
996 592 84 34 in
1038 592 112 34 eis.
1108 592 112 34 nam,
1164 592 70 34 cum

731 629 212 43 posuerimus
898 629 152 43 primum
1004 629 167 43 tempus,
1125 629 91 43 in
1155 629 76 43 quo

726 666 129 41 motum
812 666 172 41 mouetur,
941 666 72 41 &
970 666 215 41 diuiserimus
1128 666 100 41 illud

729 701 146 51 tempus
832 701 73 51 i
861 701 117 51 duo,
934 701 73 51 &
963 701 248 51 processerimus
1153 701 73 51 hac

733 747 93 31 via
786 747 227 31 demtrationis,
973 747 160 31 sequitur
1093 747 80 31 vt
1133 747 80 31 in
1159 747 67 31 hoc

724 780 104 38 non
784 780 208 38 inueniatur
947 780 149 38 primum
1051 780 179 38 aequale.
1185 780 74 38 &

723 813 135 51 ideo
807 813 101 51 d.
858 813 253 51 Quemadmodum
1060 813 169 51 igitur
1162 813 67 51 in

727 860 140 42 moto,
820 860 109 42 &c.
882 860 93 42 i.
928 860 233 42 quemadmodum
1099 860 140 42 igitur,

723 893 96 45 in
771 893 128 45 moto
851 893 112 45 non
915 893 208 45 inuenitur
1076 893 96 45 ex
1108 893 128 45 tempo-

730 926 90 52 re
775 926 164 52 aliquod
894 926 164 52 primum,
1014 926 90 52 in
1059 926 105 52 quo
1104 926 120 52 incoe-

733 965 97 47 pit
789 965 153 47 moueri,
900 965 181 47 similiter
1039 965 125 47 neque
1122 965 83 47 in
1150 965 83 47 ces-

726 998 142 49 sante
821 998 205 49 inuenitur
979 998 174 49 aliquod
1089 998 142 49 primum,

726 1040 82 50 in
767 1040 95 50 quo
822 1040 163 50 incoepit
930 1040 136 50 cessare.

770 1084 119 54 Neque
849 1084 106 54 enim
915 1084 132 54 ipsius
1008 1084 145 54 moueri,
1113 1084 119 54 neque
1179 1084 53 54 ip

720 1125 118 45 sius
794 1125 132 45 stare
882 1125 162 45 aliquid
1000 1125 103 45 est
1059 1125 162 45 primum.
1161 1125 74 45 Sit

728 1168 115 51 enim
799 1168 86 51 in
842 1168 100 51 quo
900 1168 129 51 primo
986 1168 129 51 stat,
1071 1168 86 51 in
1114 1168 100 51 quo
1157 1168 72 51 AB.

730 1207 90 44 hoc
781 1207 128 44 igitur
871 1207 192 44 impartibile
1024 1207 128 44 quidem
1114 1207 90 44 non
1152 1207 77 44 com-

728 1246 128 44 tingit
818 1246 115 44 esse.
895 1246 115 44 motus
972 1246 103 44 enim
1036 1246 90 44 non
1087 1246 90 44 est
1138 1246 77 44 in
1164 1246 64 44 im-

726 1292 187 46 partibili,
872 1292 133 46 perpea
966 1292 107 46 quod
1032 1292 120 46 motum
1112 1292 93 46 est
1152 1292 80 46 ali-

723 1332 109 43 quid
791 1332 150 43 ipsius:
900 1332 123 43 quoid
982 1332 123 43 autem
1064 1332 109 43 stat
1118 1332 109 43 demon-

727 1369 154 41 stratum
839 1369 98 41 est
895 1369 154 41 moueri.
1007 1369 84 41 At
1049 1369 126 41 vero,
1133 1369 84 41 si
1161 1369 70 41 di-

728 1413 167 48 uisibile
854 1413 112 48 est,
923 1413 84 48 in
965 1413 139 48 quauis
1063 1413 153 48 partium
1160 1413 70 48 ip-

721 1453 101 46 sius
785 1453 114 46 stat.
861 1453 89 46 hoc
912 1453 101 46 enim
975 1453 152 46 ostensum
1089 1453 89 46 est
1127 1453 89 46 prius

723 1492 121 46 quod
798 1492 91 46 in
844 1492 106 46 quo
904 1492 121 46 stat
979 1492 151 46 primo,
1085 1492 91 46 in
1115 1492 121 46 quauis

726 1541 129 38 parte
812 1541 144 38 illius
912 1541 129 38 stat.
998 1541 129 38 Qunam
1084 1541 115 38 ergo
1142 1541 86 38 tem-

720 1573 110 53 pus
783 1573 126 53 est,
862 1573 94 53 in
909 1573 110 53 quo
971 1573 204 53 priostat,
1128 1573 78 53 &
1160 1573 110 53 non

717 1621 283 37 impartibile:
948 1621 142 37 omne
1036 1621 159 37 autem
1125 1621 106 37 tem-

728 1655 99 45 pus
785 1655 85 45 in
827 1655 170 45 infinita
955 1655 213 45 diuisibile:
1125 1655 99 45 non
1168 1655 71 45 est

724 1694 103 52 in
775 1694 120 52 quo
844 1694 155 52 primo
930 1694 155 52 statur.

765 1749 153 45 Quoniam
877 1749 139 45 neque,
974 1749 84 45 ex
1016 1749 125 45 moto,
1100 1749 139 45 neque,
1183 1749 56 45 ex

719 1780 175 63 cessante
851 1780 102 63 est
909 1780 161 63 aliquod
1026 1780 146 63 primu.
1129 1780 88 63 Et
1158 1780 73 63 de
