1416 2066
181 181 130 45 Dicit:
272 181 65 45 &
298 181 117 45 etiam
376 181 104 45 omne
441 181 130 45 corpus
533 181 182 45 sensibile,
663 181 39 45 i

181 227 66 39 t
207 227 172 39 tangibile
340 227 93 39 est
392 227 79 39 in
432 227 119 39 loeo,
512 227 93 39 &c.
564 227 66 39 &
578 227 132 39 intendit

208 261 132 47 icituras
307 261 99 47 loci,
373 261 77 47 non
417 261 143 47 dicturias
527 261 143 47 corporis.
637 261 88 47 Sed,

201 301 68 38 si
235 301 203 38 intellexerimus
404 301 124 38 dicitur
495 301 68 38 as
528 301 158 38 specificas
641 301 57 38 lo-

193 338 91 41 ci,
245 338 104 41 tunc
310 338 104 41 loca
375 338 169 41 naturalia
504 338 117 41 erunt
582 338 104 41 ista
634 338 65 41 sex

192 381 114 38 sed,
263 381 85 38 vt
306 381 142 38 dictum
405 381 100 38 est
462 381 85 38 in
505 381 142 38 Coelo,
604 381 71 38 &
619 381 85 38 Mun-

200 416 74 42 do,
243 416 84 42 loca
295 416 137 42 naturalia
401 416 84 42 sunt
454 416 74 42 duo
496 416 105 42 tamens
569 416 127 42 scilicet
654 416 42 42 su

201 457 130 51 perius
292 457 65 51 &
318 457 156 51 iferius:
435 457 65 51 &
461 457 104 51 ipse
525 457 169 51 expressit
642 457 65 51 hic

199 500 84 45 quod
252 500 95 45 istae
315 500 137 45 diciturae
421 500 84 45 sunt
473 500 137 45 namliter,
579 500 74 45 non
610 500 95 45 positio

199 538 84 48 ne,
247 538 96 48 haec
307 538 120 48 igitur
391 538 96 48 quod
451 538 168 48 contingit,
583 538 72 48 si
607 538 96 48 intel-

201 569 169 54 lexerimus
331 569 91 54 per
383 569 156 54 superius
499 569 117 54 locum
577 569 130 54 ignis,
668 569 65 54 &

199 603 117 55 aeris,
281 603 59 55 &
305 603 82 55 per
352 603 141 55 inferius
457 603 105 55 locum
527 603 117 55 terrae
609 603 59 55 &
621 603 82 55 aque,

200 649 81 41 vt
241 649 122 41 dicit
322 649 203 41 Themistius,
485 649 68 41 &
512 649 108 41 alii
566 649 135 41 exposito

194 690 84 40 res,
246 690 63 40 vt
277 690 84 40 mihi
330 690 73 40 vie
371 690 126 40 scilicet
466 690 84 40 quod
518 690 126 40 dextrum,
612 690 52 40 &
623 690 73 40 sini-

196 726 123 43 strum
278 726 109 43 sunt
346 726 109 43 loca
415 726 177 43 naturalia
551 726 82 43 in
578 726 123 43 inundo,

198 770 55 40 &
220 770 143 40 similiter
330 770 99 40 ante,
396 770 55 40 &
418 770 110 40 retro.
494 770 66 40 &,
527 770 66 40 si
549 770 154 40 intellexeri-

197 805 91 49 mus
249 805 91 49 per
301 805 169 49 superius,
431 805 65 49 &
457 805 156 49 inferius
573 805 130 49 partes
651 805 52 49 lo

190 845 79 45 ci
229 845 170 45 sequentes
360 845 118 45 istas
439 845 92 45 sex
491 845 131 45 partes
570 845 131 45 corporum

196 886 199 37 naturalium,
355 886 106 37 tunc
421 886 119 37 istud
500 886 93 37 non
553 886 106 37 erit
606 886 93 37 verum

198 920 70 42 de
233 920 175 42 corporibus,
373 920 93 42 nisi
431 920 70 42 in
466 920 151 42 animatis,
583 920 70 42 vt
606 920 93 42 dictum

200 960 98 42 est
256 960 84 42 in
298 960 139 42 Coelo,
395 960 70 42 &
423 960 139 42 Mundo.
521 960 84 42 Ad
563 960 98 42 hoc
604 960 98 42 autem

197 1003 133 39 dicamus,
297 1003 122 39 quoniam
386 1003 89 39 quod
441 1003 100 39 istae
508 1003 111 39 partes
575 1003 122 39 inuenium,

192 1037 99 45 tur
249 1037 99 45 per
305 1037 85 45 se
348 1037 85 45 in
391 1037 114 45 omni
462 1037 170 45 corpore,
589 1037 99 45 non
646 1037 85 45 in

197 1077 163 49 respectu
320 1077 163 49 istorum,
442 1077 190 49 manifestum
591 1077 95 49 est
632 1077 68 49 per

194 1116 98 53 se.
250 1116 112 53 quod
320 1116 125 53 autem
403 1116 167 53 superius
529 1116 70 53 &
543 1116 153 53 inferius,

197 1153 69 42 &
225 1153 152 42 dextrum
335 1153 69 42 &
363 1153 193 42 sinistrum,
515 1153 69 42 &
542 1153 110 42 ante
611 1153 69 42 &
625 1153 69 42 re-

194 1196 90 38 tro
246 1196 103 38 sunt
310 1196 154 38 disticta
426 1196 206 38 naturaliter,
593 1196 90 38 hoc
632 1196 64 38 non

196 1230 146 44 inuenitur,
310 1230 84 44 nisi
363 1230 63 44 in
394 1230 136 44 animatis.
499 1230 52 44 &
519 1230 125 44 secundum
613 1230 73 44 hoc
645 1230 52 44 om-

196 1270 80 61 ne
236 1270 133 61 corpus
329 1270 120 61 habet
408 1270 93 61 sex
462 1270 146 61 partes,
568 1270 66 61 &
595 1270 93 61 sex
635 1270 66 61 lo-

196 1310 85 44 ca,
245 1310 61 44 &
269 1310 97 44 sunt
330 1310 85 44 sex
378 1310 122 44 partes
464 1310 97 44 oci,
525 1310 97 44 quae
573 1310 122 44 superpo-

195 1348 141 53 nuntur
293 1348 169 53 partibus
420 1348 183 53 corporis,
560 1348 70 53 &
589 1348 84 53 si
617 1348 84 53 oppo

198 1388 96 49 sitae
262 1388 64 49 ex
294 1388 96 49 istis
358 1388 128 49 partibus
454 1388 128 49 secundum
549 1388 85 49 loca
602 1388 74 49 non
634 1388 64 49 sunt

187 1425 178 50 distinctae
327 1425 203 50 naturaliter.
492 1425 76 50 &,
530 1425 89 50 cum
581 1425 89 50 ita
619 1425 76 50 sit,

190 1465 59 52 &
214 1465 154 52 infinitum
332 1465 83 52 non
380 1465 107 52 habet
451 1465 107 52 istas
522 1465 166 52 diciturias
641 1465 59 52 par

192 1505 120 53 tium,
272 1505 120 53 neque
352 1505 160 53 locorum.
471 1505 107 53 ergo
538 1505 133 53 nullum
631 1505 93 53 in

191 1544 155 52 finitum
303 1544 98 52 est
360 1544 155 52 corpus.
472 1544 70 52 &
500 1544 169 52 secundum
613 1544 84 52 hanc

190 1580 232 55 expositionem,
382 1580 96 55 cum
436 1580 123 55 dixit
518 1580 68 55 &
546 1580 123 55 istae
614 1580 82 55 dif-

194 1620 171 45 ferentiae,
328 1620 85 45 &c.
377 1620 146 45 intendit
487 1620 98 45 quod
548 1620 85 45 sex
584 1620 110 45 partes,

192 1661 70 51 &
220 1661 98 51 sex
276 1661 98 51 vbi
331 1661 209 51 superposita
499 1661 167 51 partibus
610 1661 84 51 cor-

191 1701 138 45 poris
283 1701 230 45 inueniuntur
466 1701 92 45 in
512 1701 123 45 toto
574 1701 123 45 mundo,

186 1737 134 53 secundum
286 1737 89 53 quod
342 1737 78 53 est
387 1737 112 53 corpus
465 1737 78 53 per
510 1737 78 53 se,
555 1737 78 53 non
599 1737 67 53 in
622 1737 78 53 respe

186 1778 97 40 ctu
241 1778 83 40 ad
283 1778 138 40 aliud,
379 1778 97 40 sed
435 1778 97 40 non
490 1778 110 40 ita,
559 1778 110 40 quod
614 1778 83 40 oppo

186 1817 106 42 sita
252 1817 119 42 earum
332 1817 106 42 sint
398 1817 172 42 distincta
517 1817 186 42 naturaliter,

191 1859 99 39 cum
247 1859 99 39 hoc
304 1859 99 39 non
360 1859 198 39 inueniatur
516 1859 113 39 nisi
586 1859 85 39 in
614 1859 85 39 ani

723 180 140 47 matis.
821 180 98 47 Sed
877 180 154 47 quaeret
989 180 168 47 aliquis,
1115 180 98 47 si,
1157 180 70 47 cum

720 220 120 51 dixit
800 220 174 51 distincta
933 220 80 51 in
973 220 107 51 ipso
1040 220 120 51 toto,
1107 220 120 51 intende

718 260 116 38 bat
785 260 99 38 in
834 260 132 38 toto
917 260 165 38 mundo,
1033 260 132 38 tunc
1099 260 132 38 mundus

714 300 116 46 apud
786 300 131 46 ipsum
873 300 116 46 erit
946 300 87 46 in
989 300 131 46 loco,
1076 300 102 46 sed
1134 300 102 46 in.
1178 300 44 46 4

720 341 141 37 istius
819 341 127 37 libri
903 341 198 37 declarabit
1059 341 141 37 mundum
1157 341 99 37 non

719 377 101 41 esse
782 377 76 41 in
820 377 113 41 loco,
896 377 101 41 nisi
959 377 88 41 per
1009 377 164 41 accidens.
1135 377 76 41 Ad
1160 377 63 41 hoc

717 417 122 41 autem
799 417 149 41 dicamus
908 417 122 41 quod,
989 417 95 41 cum
1043 417 122 41 dixit
1111 417 109 41 distin

727 455 98 43 cta
783 455 84 43 in
825 455 125 43 toto,
908 455 195 43 intendebat
1062 455 84 43 in
1090 455 139 43 partibus

719 498 161 45 totius:
836 498 73 45 &
866 498 102 45 est
924 498 146 45 modus,
1026 498 175 45 secundum
1143 498 88 45 quem

714 534 109 36 est
777 534 140 36 verum
870 534 156 36 dicere
980 534 156 36 mundum
1089 534 125 36 esse
1167 534 94 36 in

721 572 133 49 loco,
810 572 177 49 scilicet
943 572 177 49 secundum
1076 572 118 49 hoc,
1135 572 89 49 quod

721 610 135 49 partes
815 610 108 49 eius
882 610 108 49 sunt
950 610 81 49 in
990 610 121 49 loco.
1071 610 81 49 &,
1111 610 94 49 cum
1152 610 67 49 ita

715 650 117 41 sit,
788 650 205 41 manifestum
949 650 102 41 est
1008 650 117 41 quod
1066 650 161 41 infinitum

728 694 87 45 non
777 694 87 45 est
827 694 75 45 in
865 694 112 45 loco,
940 694 112 45 neque
1014 694 150 45 secundum
1114 694 100 45 partem

718 726 128 44 neque
803 726 171 44 secundum
932 726 143 44 totum,
1032 726 114 44 ergo
1103 726 100 44 non
1146 726 71 44 est

765 795 165 47 Simpisicitur
899 795 103 47 autem,
971 795 62 47 si
1002 795 154 47 impossibile
1125 795 72 47 est
1156 795 72 47 locum

719 837 103 46 esse
784 837 181 46 infinitum,
925 837 77 46 in
964 837 103 46 loco
1029 837 116 46 autem
1106 837 90 46 est
1145 837 77 46 omne

724 879 142 52 corpus,
827 879 193 52 impossibile
982 879 90 52 est
1033 879 167 52 infinitum
1149 879 77 52 esse

719 928 148 47 corpus
823 928 177 47 aliquod,
956 928 89 47 at
1000 928 118 47 vero
1074 928 118 47 quod
1133 928 89 47 ali-

726 965 108 46 cubi
793 965 108 46 est,
860 965 81 46 in
900 965 108 46 loco
968 965 108 46 est,
1035 965 67 46 &
1062 965 108 46 quod
1129 965 81 46 in
1156 965 67 46 lo-

719 1008 96 42 co,
774 1008 165 42 alicubi.
898 1008 83 42 Si
940 1008 138 42 igitur
1036 1008 124 42 neque
1105 1008 124 42 quantum

719 1048 166 53 possibile
847 1048 89 53 est
898 1048 115 53 ipsum
974 1048 166 53 infinitum
1102 1048 102 53 esse
1153 1048 76 53 quan

719 1093 95 52 tum
774 1093 109 52 enim
842 1093 150 52 aliquod
951 1093 123 52 erit,
1032 1093 82 52 vt
1060 1093 163 52 bicubitum,

721 1134 96 59 aut
776 1134 206 59 tricubitum:
941 1134 110 59 haec
1009 1134 110 59 enim
1064 1134 165 59 significat

713 1175 154 51 ipsum
815 1175 205 51 quantum,
969 1175 119 51 sic
1037 1175 85 51 &
1071 1175 102 51 in
1106 1175 119 51 loco,

723 1228 127 40 quod
803 1228 191 40 alicubi.
946 1228 111 40 hoc
1009 1228 143 40 autem
1105 1228 111 40 est
1152 1228 80 40 aut

718 1262 169 45 sursum,
841 1262 108 45 aut
902 1262 185 45 deorsum,
1041 1262 108 45 aut
1102 1262 92 45 in
1133 1262 92 45 alia

717 1307 131 47 aliqua
809 1307 170 47 distantia
940 1307 131 47 earum,
1031 1307 105 47 quae
1097 1307 92 47 sex
1136 1307 92 47 sunt.

708 1349 200 53 horum
841 1349 200 53 autem
952 1349 289 53 vnumquodque

718 1389 190 54 terminus
860 1389 174 54 aliquis
971 1389 95 54 est.

763 1452 178 64 Dicamus
893 1452 243 64 simpliciter
1087 1452 130 64 quod
1152 1452 81 64 im-

716 1505 164 65 possibile
842 1505 88 65 est
893 1505 76 65 ut
931 1505 113 65 locus
1006 1505 88 65 sit
1057 1505 176 65 infinitus,
1183 1505 50 65 et

718 1556 79 60 oc
757 1556 132 60 corpus
849 1556 92 60 est
902 1556 79 60 in
942 1556 118 60 loco.
1020 1556 66 60 &
1047 1556 105 60 etam
1113 1556 92 60 oe,
1152 1556 79 60 quod

715 1604 99 63 est
771 1604 113 63 vbi,
842 1604 99 63 est
898 1604 85 63 in
941 1604 127 63 loco,
1025 1604 71 63 &
1054 1604 99 63 oe,
1110 1604 113 63 quod
1166 1604 71 63 est

715 1652 83 62 in
757 1652 125 62 loco.
840 1652 97 62 est
895 1652 111 62 vbi.
964 1652 83 62 Si
1006 1652 138 62 igitur
1089 1652 152 62 impossibi

710 1700 93 62 le
756 1700 108 62 est
818 1700 93 62 vt
864 1700 201 62 infinitum
1018 1700 108 62 sit
1065 1700 154 62 quantum,

716 1749 114 62 quio
787 1749 100 62 non
844 1749 114 62 erit
915 1749 171 62 quantum,
1044 1749 114 62 nisi
1101 1749 128 62 fuerit,

724 1797 138 62 verbi
816 1797 154 62 gratia
924 1797 215 62 bicubitum,
1093 1797 108 62 aut
1139 1797 92 62 iri-

718 1844 186 54 cubitum,
857 1844 170 54 quoniam
981 1844 139 54 haec,
1073 1844 77 54 &
1089 1844 139 54 similia
