1416 2066
165 180 119 46 Cum
233 180 237 46 declarauit
419 180 271 46 differentiam
622 180 68 46 in

184 229 104 49 ter
244 229 163 49 numerum
362 229 178 49 temporis
496 229 89 49 ab
526 229 163 49 instanti,

187 271 70 45 &
215 271 154 45 numerum
327 271 140 45 lineae
425 271 70 45 a
453 271 154 45 puncto,
551 271 140 45 incoepit

189 304 137 53 declarare
295 304 105 53 etiam,
369 304 84 53 quod
421 304 116 53 instans
506 304 74 53 non
548 304 74 53 est
590 304 84 53 pars
632 304 53 53 tem

179 349 129 43 poris,
269 349 64 43 &
295 349 129 43 dixit:
385 349 77 43 Et
424 349 103 43 quia
489 349 181 43 manifestum
618 349 77 43 est,

186 390 82 46 &c.
233 390 70 46 i.
268 390 70 46 &,
304 390 94 46 quia
362 390 164 46 manifestum
491 390 82 46 est
538 390 94 46 quod
585 390 106 46 instans

188 422 93 55 homo
246 422 81 55 est
293 422 93 55 pars
351 422 139 55 teperis,
455 422 93 55 quia
513 422 81 55 est
547 422 151 55 differentia

178 461 126 52 inter
262 461 126 52 motum
346 461 154 52 priore,
457 461 70 52 &
485 461 224 52 posteriorem:
653 461 42 52 &

181 508 204 37 differentia,
347 508 102 37 quae
411 508 89 37 est
462 508 115 37 inter
539 508 102 37 duos
590 508 102 37 motus,

188 539 101 52 icet
251 539 138 52 pnorem,
352 539 63 52 &
377 539 188 52 posteriorem
528 539 88 52 non
578 539 88 52 est
616 539 75 52 pars

188 582 132 49 motus:
280 582 106 49 eroo
347 582 146 49 instans
453 582 93 49 non
506 582 93 49 est
559 582 106 49 pars
612 582 79 49 temn

190 617 119 51 boris.
273 617 95 51 D.d.
333 617 107 51 sicut
404 617 143 51 punctus,
511 617 83 51 &c.
559 617 71 51 i.
595 617 83 51 cum
630 617 60 51 sit

186 655 189 43 differentia
338 655 114 43 inter
413 655 101 43 duas
477 655 139 43 lineas.
577 655 101 43 D.d.
628 655 63 43 sed

187 696 95 42 duae
246 696 130 42 lineae,
341 696 83 42 &c.
389 696 71 42 i.
424 696 83 42 sed
472 696 95 42 duae
531 696 119 42 partes
602 696 95 42 lineg,

190 735 97 49 quas
250 735 133 49 punctus
347 735 145 49 diuidit,
456 735 97 49 sunt
516 735 109 49 illae
588 735 97 49 duae
637 735 60 49 li-

188 772 119 52 neae,
267 772 93 52 non
320 772 159 52 punctus,
439 772 79 52 vt
479 772 212 52 declarabitur
638 772 53 52 in

181 812 122 47 Sexto
263 812 176 47 perfecte,
399 812 95 47 vbi
453 812 217 47 declarabitur
616 812 81 47 quod

188 853 89 37 omne
243 853 111 37 tamens
321 853 78 37 est
366 853 111 37 semper
443 853 167 37 diuisibile,
577 853 56 37 &
599 853 89 37 quod
655 853 67 37 in

181 891 126 39 stans
265 891 98 39 est
321 891 237 39 indiuisibile.
516 891 112 39 D.d.
572 891 126 39 instans

190 928 110 45 igitur,
270 928 120 45 secundum
359 928 80 45 quod
409 928 70 45 est
449 928 100 45 finis,
519 928 70 45 &c.
559 928 60 45 i.
588 928 80 45 vult
628 928 70 45 decla

187 966 113 44 rare,
263 966 100 44 quod
325 966 88 44 cum
375 966 100 44 hoc,
438 966 100 44 quod
501 966 138 44 instans
601 966 88 44 non
638 966 63 44 est

193 1006 80 53 pars
243 1006 109 53 tperis,
322 1006 70 53 est
362 1006 119 53 accidens
451 1006 70 53 ei,
491 1006 60 53 i.
521 1006 119 53 instans,
601 1006 89 53 secundu

188 1045 94 54 quod
247 1045 82 54 est
294 1045 106 54 finis
365 1045 71 54 in
400 1045 106 54 motu,
471 1045 82 54 non
518 1045 82 54 est
565 1045 118 54 tpers,
635 1045 59 54 sed

194 1084 116 52 ipsum
271 1084 103 52 esse
336 1084 116 52 finem
413 1084 90 52 est
464 1084 154 52 accidens
580 1084 90 52 ei.
619 1084 77 52 D.d.

193 1125 106 47 secundum
273 1125 80 47 autem
326 1125 71 47 quod
371 1125 106 47 numerat,
450 1125 62 47 &c.
486 1125 53 47 i.
513 1125 106 47 secundum
592 1125 80 47 autem
637 1125 53 47 quod

187 1161 148 54 diuidit
294 1161 121 54 tpers
375 1161 94 54 est
429 1161 162 54 numerus.
550 1161 108 54 D.d.
604 1161 94 54 fines

188 1202 83 40 en
230 1202 97 40 im,
285 1202 97 40 &c.
340 1202 97 40 hic
395 1202 166 40 declarat
519 1202 152 40 causam,
616 1202 69 40 pro

199 1246 90 41 pter
255 1246 90 41 quam
311 1246 124 41 instans
401 1246 79 41 non
446 1246 79 41 est
491 1246 135 41 instans,
581 1246 113 41 secundum

200 1278 82 53 per
247 1278 82 53 est
294 1278 106 53 finis
365 1278 141 53 alicuius
470 1278 188 53 demonstrati:
623 1278 59 53 &
634 1278 59 53 est

199 1325 72 46 m
227 1325 115 46 quod
299 1325 100 46 est
357 1325 172 46 numerus:
486 1325 72 46 &
514 1325 115 46 est:
572 1325 129 46 quoniam

195 1357 117 46 fines
273 1357 104 46 sunt
338 1357 78 46 in
377 1357 91 46 eo,
429 1357 117 46 cuius
508 1357 104 46 sunt
573 1357 130 46 fines,
664 1357 65 46 &

191 1402 155 48 instans
304 1402 99 48 non
360 1402 183 48 inuenitur
501 1402 85 48 in
544 1402 141 48 aliquo
628 1402 71 48 pro

200 1444 107 42 prio,
271 1444 59 42 &
295 1444 83 42 non
343 1444 71 42 in
378 1444 107 42 alio,
450 1444 107 42 sicut
521 1444 83 42 est
556 1444 143 42 dispositio

193 1475 82 40 in
234 1475 151 40 numero.
344 1475 110 40 vnde
412 1475 137 40 dictum
508 1475 96 40 est
563 1475 82 40 in
590 1475 110 40 defini

194 1513 113 42 tione
270 1513 113 42 eius,
345 1513 101 42 quod
408 1513 88 42 est
458 1513 138 42 numerus
546 1513 151 42 translati.

199 1573 94 50 Quis
258 1573 129 50 Numerus
352 1573 94 50 sit,
411 1573 82 50 qui
458 1573 71 50 in
493 1573 176 50 definitione
622 1573 71 50 tem-

190 1613 109 45 poris
262 1613 169 45 accipitur:
395 1613 72 45 ex
431 1613 85 45 quo
480 1613 181 45 nounullorum
625 1613 72 45 in
649 1613 48 45 ip

226 1652 75 46 so
264 1652 138 46 tempore
365 1652 151 46 redditur
478 1652 126 46 causa.
566 1652 100 46 Cap.
616 1652 50 46 3.

323 1694 119 52 Vod
391 1694 170 52 igitur
510 1694 170 52 tempus
611 1694 85 52 nu-

318 1733 133 53 merus
407 1733 133 53 motus
495 1733 118 53 est,
554 1733 148 53 secundum

380 1776 157 48 prius,
490 1776 78 48 &
506 1776 188 48 posterius,

185 1821 99 42 et
235 1821 281 42 continuumunam
467 1821 198 42 continui
599 1821 99 42 est,

185 1864 240 42 manifestum
374 1864 137 42 est.
460 1864 189 42 Minimus
580 1864 120 42 autem

706 180 194 54 numerus,
851 180 161 54 quidam
964 180 242 54 simpliciter
1141 180 81 54 qui

712 229 109 52 dem
775 229 125 52 est,
853 229 93 52 vt
899 229 202 52 dualitas,
1055 229 156 52 quidam
1148 229 78 52 au-

706 265 116 58 tem
773 265 183 58 numerus
906 265 116 58 est
972 265 166 58 quidem
1088 265 100 58 vt
1121 265 100 58 est,

708 314 108 49 est
769 314 139 49 autem
862 314 93 49 vt
908 314 108 49 non
970 314 124 49 est.
1048 314 93 49 vt
1078 314 155 49 linegemi

700 350 166 52 nimus
810 350 276 52 multitudine
1031 350 184 52 quidem
1141 350 92 52 est

712 395 141 51 duae,
807 395 110 51 aut
869 395 126 51 vna,
948 395 236 51 magnitudine
1121 395 110 51 autem

709 437 106 46 non
769 437 106 46 est
830 437 181 46 minimus.
966 437 151 46 semper
1072 437 121 46 enim
1132 437 91 46 diui

713 477 122 45 ditur
795 477 122 45 omnis
876 477 135 45 linea.
970 477 122 45 Quare
1051 477 176 45 similiter
1186 477 68 45 &

709 524 159 39 tempus.
824 524 159 39 minimum
940 524 116 39 enim
1012 524 173 39 secundum
1127 524 87 39 nume

703 563 113 55 rum
768 563 113 55 est
832 563 146 55 vnum,
930 563 113 55 aut
994 563 130 55 duo,
1059 563 162 55 secundum

707 606 166 45 autem
817 606 295 45 magnitudinem
1056 606 129 45 non
1112 606 110 45 est.

762 649 223 62 Manifestum
937 649 111 62 est
1001 649 175 62 igitur,
1128 649 127 62 quod

703 700 164 63 tempus
817 700 115 63 est
883 700 180 63 numerus
1014 700 147 63 motus
1096 700 131 63 secun-

713 745 111 61 dum
777 745 159 61 prius,
888 745 80 61 &
920 745 223 61 posterius,
1095 745 80 61 &
1127 745 127 61 quod

712 797 106 56 est
772 797 212 56 continuum,
939 797 106 56 cum
1000 797 106 56 sit
1060 797 167 56 numerus
1166 797 61 56 co

708 842 167 64 tinui,
825 842 84 64 &
859 842 184 64 habemus
992 842 200 64 accipere
1126 842 100 64 nume

709 892 120 63 rum
778 892 189 63 minimum
915 892 103 63 de
966 892 172 63 numero
1069 892 155 63 simpli-

708 940 152 64 citer.
814 940 122 64 Quod
890 940 137 64 autem
982 940 106 64 est
1042 940 167 64 aliquis
1149 940 76 64 nu-

707 988 161 62 merus,
819 988 209 62 possibile
980 988 112 62 est
1028 988 193 62 quodammodo

711 1037 200 46 inueniri
861 1037 200 46 numerum,
1011 1037 83 46 &
1045 1037 133 46 alio
1128 1037 133 46 modo

710 1085 244 66 impossibile.
908 1085 92 66 v.
954 1085 92 66 g.
1000 1085 168 66 quoniam
1107 1085 122 66 minimu

710 1133 141 62 lineae
809 1133 99 62 est
865 1133 184 62 vnalinea,
1007 1133 99 62 aut
1063 1133 127 62 duae,
1134 1133 99 62 inmen

715 1189 122 53 sura
791 1189 122 53 vero
868 1189 107 53 non
929 1189 138 53 habet
1020 1189 183 53 minimum:
1143 1189 76 53 quo

716 1234 104 65 nia
776 1234 134 65 omnis
865 1234 134 65 linea
954 1234 193 65 diuiditur
1087 1234 134 65 semper.

712 1282 88 48 Et
756 1282 190 48 similiter
903 1282 103 48 est
961 1282 88 48 de
1005 1282 161 48 tempore
1108 1282 117 48 etiam.

706 1341 201 50 quoniam
852 1341 201 50 minimum
998 1341 183 50 tempus
1108 1341 110 50 nume

714 1380 97 63 rus
770 1380 111 63 est,
839 1380 97 63 vg.
894 1380 97 63 aut
950 1380 97 63 vnu
1005 1380 152 63 tempus,
1116 1380 97 63 aut
1158 1380 69 63 duo

707 1428 181 57 tempora,
843 1428 91 57 in
888 1428 166 57 mensura
1009 1428 121 57 vero
1084 1428 106 57 non
1129 1428 91 57 est.

754 1476 97 38 Cum
809 1476 124 38 dedit
892 1476 221 38 differentiam
1072 1476 124 38 inter
1141 1476 83 38 nume

715 1524 86 45 rum
764 1524 148 45 acceptum
875 1524 74 45 in
912 1524 185 45 definitione
1060 1524 111 45 tpis,
1135 1524 62 45 &
1147 1524 74 45 nune

715 1557 73 46 rum
756 1557 167 46 simperiutur,
892 1557 52 46 &
913 1557 126 46 nunerum,
1007 1557 73 46 qui
1049 1557 73 46 est
1091 1557 126 46 instans,
1175 1557 52 46 qui

713 1592 91 42 est
765 1592 117 42 causa
843 1592 78 42 in
883 1592 196 42 nuneratione
1039 1592 157 42 prioris,
1157 1592 65 42 &
1170 1592 52 42 po

718 1632 182 51 sterioris,
861 1632 195 51 quemadmodum
1016 1632 156 51 numerus,
1120 1632 104 51 quiest

720 1671 136 50 puncta,
819 1671 87 50 est
868 1671 111 50 causa
942 1671 74 50 in
979 1671 185 50 nuneratione
1115 1671 99 50 lineag

716 1710 85 46 per
764 1710 133 46 lineas,
861 1710 97 46 vult
922 1710 145 46 inducere
1031 1710 182 46 accidentia,
1164 1710 61 46 qui

717 1749 85 54 bus
766 1749 134 54 numerus
863 1749 146 54 acceptus
973 1749 73 54 in
1010 1749 183 54 defiuitione
1144 1749 73 54 ten-

721 1789 104 52 poris
791 1789 127 52 differt
883 1789 58 52 a
907 1789 116 52 numero
988 1789 197 52 simperirsale,
1150 1789 58 52 &
1161 1789 58 52 di-

718 1829 83 54 xit:
770 1829 146 54 Manifestum
884 1829 73 54 est
926 1829 104 54 igitur
999 1829 62 54 i.
1030 1829 114 54 quoniam
1113 1829 73 54 est
1144 1829 73 54 nune-

719 1869 73 50 rus
760 1869 104 50 motus,
833 1869 73 50 non
875 1869 125 50 secundum
969 1869 83 50 quod
1021 1869 83 50 mens
1073 1869 115 50 accipit
1146 1869 73 50 illud
