1416 2066
174 172 178 58 existente
311 172 82 58 in
352 172 206 58 magnitudine
517 172 151 58 aequali
613 172 82 58 ali-

172 216 103 42 cui
231 216 221 42 magnitudini
408 216 177 42 alterius
527 216 162 42 elementi,

178 257 129 50 fuerit
268 257 116 50 minor
345 257 154 50 potentia
461 257 167 50 existente
590 257 77 50 in
616 257 64 50 ma-

175 293 170 54 gnitudine
306 293 144 54 aequali
411 293 157 54 alterius
529 293 170 54 elementi,
647 293 39 54 &

176 333 156 45 debilior
293 333 104 45 illa
358 333 78 45 in
397 333 182 45 quantitate
526 333 156 45 terminata.

180 380 68 46 v.
214 380 68 46 g.
248 380 91 46 quod
305 380 137 46 potentia
408 380 68 46 in
442 380 80 46 vna
487 380 103 46 palma
556 380 103 46 ignis
613 380 68 46 fue-

174 413 83 45 rit
222 413 107 45 dupla
293 413 166 45 potentiae,
423 413 95 45 quae
482 413 83 45 est
530 413 71 45 in
565 413 83 45 vna
601 413 83 45 palma

173 454 109 50 aeris,
249 454 120 50 quoniam
337 454 98 50 tunc,
402 454 65 50 si
435 454 98 50 totus
500 454 98 50 ignis
566 454 109 50 fuerit
631 454 55 50 fi-

176 494 124 44 nitus,
262 494 62 44 &
287 494 111 44 totus
361 494 86 44 aer
410 494 124 44 fuerit
497 494 173 44 infinitus,
620 494 62 44 com

171 529 148 54 tinget
275 529 208 54 necessario
438 529 89 54 vt
482 529 104 54 aer
527 529 163 54 corrumpat

186 566 115 52 gnem:
263 566 64 52 &
288 566 89 52 sic
339 566 166 52 elementum
466 566 140 52 finitum
568 566 89 52 non
607 566 76 52 ser-

177 607 151 43 uabitur
287 607 96 43 cum
342 607 165 43 elemento
465 607 178 43 infinito:
589 607 96 43 quare

175 646 135 44 mundus
269 646 202 44 corrumpetu.
431 646 81 44 Et
471 646 148 44 posuit,
579 646 108 44 quod
633 646 54 44 po

186 692 113 42 entia
262 692 126 42 partis
350 692 176 42 terminatae
489 692 151 42 elementi
589 692 101 42 finiti

181 725 87 48 est
230 725 111 48 maior
304 725 149 48 potentia
416 725 124 48 partis
502 725 149 48 aequalis
601 725 87 48 illi-

179 764 65 49 ex
212 764 140 49 infinito.
319 764 86 49 quid
373 764 54 49 a
395 764 86 49 pont
449 764 119 49 aliquis
535 764 119 49 dicere,
621 764 86 49 quod

175 813 116 37 torum
252 813 167 37 elementum
381 813 167 37 infinitum
510 813 90 37 non
548 813 142 37 corrumpet

178 845 140 45 finitum,
283 845 93 45 nisi
342 845 163 45 posuerimus
470 845 93 45 quod
529 845 152 45 potentiae
634 845 58 45 dua

178 880 88 42 rum
229 880 138 42 partium
329 880 163 42 aequalium
455 880 75 42 in
492 880 176 42 quantitate
618 880 75 42 sint

175 919 145 51 aequales
284 919 73 51 in
320 919 169 51 qualitate.
453 919 60 51 &
477 919 97 51 ideo
538 919 121 51 dixit,
610 919 73 51 quod

172 958 94 54 idem
231 958 140 54 sequitur
336 958 58 54 &
359 958 70 54 si
395 958 152 54 potentiae
512 958 129 54 partium
593 958 94 54 aequa-

173 997 105 54 lium
239 997 79 54 in
278 997 184 54 quantitate
422 997 144 54 fuerint
527 997 158 54 diuersae
632 997 53 54 in

175 1037 215 45 contrarietate.
354 1037 84 45 non
402 1037 96 45 enim
462 1037 131 45 accidit
558 1037 72 45 vt
581 1037 108 45 quaedam

178 1077 144 49 excedat
282 1077 157 49 quandam,
400 1077 104 49 nisi
465 1077 183 49 quantitate
596 1077 91 49 fini-

182 1125 85 38 ta,
230 1125 85 38 cum
279 1125 85 38 sit
327 1125 170 38 manifestum
461 1125 85 38 per
509 1125 73 38 se
546 1125 97 38 quod
594 1125 97 38 quanto

182 1156 129 51 magis
268 1156 215 51 augmentatur
440 1156 187 51 quantitas
569 1156 115 51 corpo-

183 1195 115 55 ris,
254 1195 129 55 tanto
341 1195 129 55 magis
427 1195 244 55 augmentabitur
613 1195 72 55 po-

179 1243 138 43 tentia
276 1243 125 43 eius:
359 1243 69 43 &
387 1243 97 43 cum
442 1243 138 43 corpus
525 1243 166 43 diuisibile

180 1276 174 42 habuerit
311 1276 218 42 quantitatem
486 1276 203 42 infinitam,
631 1276 58 42 ne

186 1311 171 44 cessario
314 1311 157 44 habebit
428 1311 185 44 potentiam
556 1311 128 44 maiorem

184 1349 165 48 potentia
308 1349 165 48 corporis
432 1349 138 48 finiti
528 1349 165 48 maioris.
638 1349 55 48 Et

180 1397 109 45 omnes
252 1397 121 45 istae,
337 1397 145 45 propones
446 1397 97 45 sunt
507 1397 169 45 manifestae
628 1397 60 45 per

177 1428 99 51 se,
233 1428 113 51 nisi
304 1428 198 51 propositio
460 1428 141 51 dicens
545 1428 141 51 elementa

185 1469 109 49 esse
254 1469 191 49 contraria:
404 1469 68 49 &
431 1469 150 49 accepit
541 1469 137 49 illam,
623 1469 68 49 aut

184 1507 144 51 secundum
292 1507 192 51 famositatem,
447 1507 84 51 aut
495 1507 168 51 concessam,
615 1507 72 51 quia

183 1549 202 37 declarabitur
348 1549 76 37 in
386 1549 88 37 hac
436 1549 164 37 scientia.
563 1549 63 37 &
588 1549 88 37 hoc
626 1549 63 37 est

184 1584 144 43 rectius
289 1584 105 43 quia
354 1584 92 43 sic
407 1584 210 43 contradictio
577 1584 105 43 erit
630 1584 52 43 de

174 1629 223 46 monstratiua,
355 1629 97 46 non
411 1629 223 46 disputatiua.
592 1629 84 46 &,
619 1629 70 46 cum

181 1662 182 53 destruxit
321 1662 140 53 partem
419 1662 182 53 dicentem,
545 1662 140 53 composi-

177 1704 101 43 tum
234 1704 116 43 esse
307 1704 202 43 infinitum,
465 1704 116 43 quia
538 1704 116 43 vnum
595 1704 87 43 ele-

174 1751 185 43 mentorum,
316 1751 86 43 ex
359 1751 143 43 quibus
459 1751 214 43 componitur,
616 1751 71 43 aut

175 1788 124 43 plura
258 1788 110 43 vno,
326 1788 110 43 sunt
395 1788 165 43 infinita
518 1788 82 43 in
546 1788 137 43 quantita

174 1823 79 51 te,
219 1823 135 51 reuersus
320 1823 79 51 est
365 1823 68 51 ad
399 1823 135 51 secundam
501 1823 113 51 partem
568 1823 113 51 scilicet

179 1863 92 43 vt
225 1863 122 43 vnum
301 1863 137 43 eorum
392 1863 107 43 sit
438 1863 183 43 infinitum.

751 172 249 46 Vnumquodque
951 172 149 46 autem
1033 172 183 46 infinitum

698 221 123 46 esse
775 221 108 46 est
836 221 246 46 impossibile.
1036 221 154 46 Corpus
1129 221 92 46 enim

704 260 134 46 est,
788 260 134 46 quod
872 260 235 46 omniquaque
1040 260 185 46 dimensio-

704 300 111 54 nem
767 300 158 54 habet.
878 300 206 54 Infinitum
1036 300 158 54 autem,
1131 300 95 54 quod

706 348 183 56 infinite
843 348 183 56 extensum
980 348 122 56 est.
1056 348 137 56 Quare
1147 348 106 56 in

701 388 178 47 finitum
830 388 162 47 corpus
944 388 227 47 vndequaque
1106 388 113 47 exten

696 431 110 43 sum
759 431 126 43 erit
838 431 95 43 in
870 431 189 43 infinitum.

749 476 87 64 Et
792 476 217 64 impossibile
965 476 101 64 est
1023 476 130 64 etiam
1110 476 87 64 vt
1138 476 87 64 vnu-

707 533 167 49 quodque,
833 533 126 49 eorum
916 533 98 49 sit
972 533 195 49 infinitum.
1111 533 112 49 Corpus

708 572 120 62 enim
783 572 105 62 est
843 572 150 62 illud,
948 572 120 62 quod
1024 572 135 62 habet
1099 572 120 62 dimen-

702 621 146 53 sionem
804 621 87 53 ad
848 621 131 53 omnes
936 621 160 53 partes.
1052 621 73 53 &
1067 621 160 53 infinitum

704 669 107 61 est
765 669 153 61 illud,
872 669 122 61 quod
948 669 137 61 habet
1024 669 199 61 dimensionem

698 716 189 63 infinita.
844 716 87 63 Ex
888 716 102 63 quo
946 716 175 63 sequitur
1077 716 87 63 vt
1106 716 117 63 corpus

700 764 176 62 infinitu
833 764 147 62 habeat
936 764 206 62 dimensione
1083 764 132 62 infini-

708 812 106 63 tam
768 812 91 63 ad
814 812 106 63 oes
874 812 166 63 partes,
995 812 75 63 &
1025 812 106 63 sic
1070 812 151 63 elemento

700 861 100 61 rum
757 861 115 61 vnum
829 861 215 61 infinitorum
1000 861 172 61 implebit
1115 861 100 61 totu.

709 908 101 64 vbi
766 908 145 64 igitur
868 908 130 64 erunt
940 908 145 64 reliquos

743 949 113 61 Dicit:
822 949 68 61 Et
855 949 169 61 impossibile
991 949 79 61 est
1036 949 101 61 etiam
1103 949 68 61 vt
1126 949 90 61 compo-

707 997 122 44 situm
789 997 95 44 sit
843 997 190 44 infinitum,
992 997 109 44 quia
1047 997 176 44 vnunquodque

705 1039 237 43 elementorum,
898 1039 89 43 ex
942 1039 148 43 quibus
1031 1039 192 43 componitur,

713 1077 85 44 est
762 1077 171 44 infinitum.
896 1077 134 44 quoniam
993 1077 122 44 corpus
1079 1077 85 44 est
1115 1077 98 44 illud,

703 1115 120 43 quod
778 1115 134 43 habet
867 1115 224 43 dimensionem
1047 1115 105 43 lin
1092 1115 134 43 omnibus

709 1157 174 49 partibus:
842 1157 67 49 &
869 1157 174 49 infinitum
1003 1157 94 49 est
1056 1157 134 49 illud,
1137 1157 80 49 quod

704 1198 129 46 habet
789 1198 214 46 dimensiones
961 1198 200 46 infinitas:
1118 1198 86 46 ex
1147 1198 71 46 quo

700 1230 165 45 sequitur
824 1230 83 45 vt
866 1230 138 45 corpus
962 1230 179 45 infinitum
1100 1230 96 45 sit
1141 1230 83 45 infi

709 1270 134 52 nitum
798 1270 89 52 in
843 1270 163 52 omnibus
962 1270 193 52 partibus.
1110 1270 89 52 Et
1140 1270 74 52 hoc

711 1308 88 46 est
762 1308 151 46 necesse.
875 1308 151 46 quoniam,
988 1308 88 46 cum
1038 1308 138 46 aliquid
1126 1308 100 46 fuerit

706 1348 192 47 compositum
857 1348 82 47 ex
898 1348 151 47 duobus,
1008 1348 151 47 necesse
1118 1348 96 47 est
1159 1348 55 47 vt

704 1389 178 51 definitio
841 1389 137 51 illius
937 1389 178 51 compositi
1073 1389 96 51 sit
1114 1389 96 51 compo

707 1428 105 39 sita
773 1428 79 39 ex
812 1428 236 39 definitionibus
1009 1428 144 39 illorum
1101 1428 118 39 duorum.

713 1468 73 52 v.
749 1468 73 52 g.
786 1468 97 52 quia
847 1468 158 52 definitio
968 1468 146 52 corporis
1077 1468 85 52 est
1114 1468 97 52 illud,

703 1516 107 44 quod
770 1516 187 44 expanditur
917 1516 80 44 ad
957 1516 120 44 omnes
1037 1516 147 44 partes:
1144 1516 67 44 &
1157 1516 54 44 de

707 1547 140 39 finitio
809 1547 153 39 infiniti
924 1547 89 39 est
975 1547 127 39 illud,
1064 1547 102 39 quod
1128 1547 89 39 non
1166 1547 51 39 ha

703 1588 93 46 bet
756 1588 132 46 finem:
848 1588 106 46 ideo
914 1588 172 46 definitio
1046 1588 159 46 corporis
1152 1588 53 46 it

700 1625 138 41 finiti
797 1625 97 41 est
852 1625 138 41 illud,
949 1625 110 41 quod
1018 1625 193 41 extenditur
1156 1625 55 41 ad

703 1664 115 42 omnes
780 1664 128 42 partes
870 1664 77 42 in
908 1664 179 42 infinitum.
1049 1664 64 42 &
1075 1664 103 42 iste
1126 1664 90 42 locus

702 1703 92 43 est
754 1703 132 43 verus.
847 1703 66 43 &
873 1703 118 43 quia,
952 1703 79 43 si
991 1703 105 43 vnum
1044 1703 171 43 elementorum

703 1742 119 44 fuerit
787 1742 167 44 infinitum,
918 1742 179 44 impossibile
1061 1742 95 44 erit
1121 1742 72 44 vt
1144 1742 60 44 cun

703 1782 120 47 ipso
778 1782 105 47 sit
838 1782 135 47 aliud
928 1782 195 47 elementum
1062 1782 150 47 finitum,

696 1822 136 45 nedum
787 1822 212 45 infinitum,
953 1822 151 45 dixit:
1059 1822 76 45 &
1089 1822 106 45 sic
1134 1822 91 45 vnum

700 1869 217 37 elementorum
873 1869 232 37 infinitorum,
1062 1869 72 37 &
1076 1869 145 37 caetera.
