1416 2066
191 180 203 59 logitudo
343 180 169 59 ipsius
462 180 152 59 B.cum
563 180 152 59 ipso.
647 180 68 59 D.

207 228 178 46 secundum
341 228 237 46 proportionem
518 228 193 46 impedientis

210 268 185 57 corporis.
352 268 100 57 Sit
409 268 114 57 enim
481 268 86 57 D.
524 268 143 57 quidem
609 268 100 57 aqua,

204 311 163 57 D.vero
318 311 130 57 aer.
399 311 163 57 quanto
513 311 130 57 ergo
578 311 130 57 subti-

203 354 126 47 lior
282 354 111 47 est
345 354 111 47 aer
409 354 142 47 aqua,
504 354 79 47 &
535 354 142 47 minus
614 354 95 47 cor-

210 397 175 49 poreus,
337 397 143 49 tanto
433 397 159 49 citius
544 397 95 49 A.
592 397 127 49 per.
655 397 64 49 D.

210 436 206 46 mouebitur,
372 436 118 46 quad
446 436 118 46 per.
520 436 177 46 D.habeat
637 436 74 46 er-

207 488 79 42 go
246 488 132 42 eandem
338 488 171 42 rationem,
470 488 158 42 secundum
589 488 105 42 quam
641 488 66 42 di-

208 525 119 41 stat
283 525 104 41 aer
342 525 89 41 ab
387 525 134 41 aqua,
476 525 193 41 velocitas
625 525 89 41 ad
654 525 60 41 ve

209 563 195 55 locitatem,
362 563 139 55 quare,
460 563 83 55 si
501 563 83 55 in
543 563 125 55 duplo
613 563 97 55 subti

203 606 120 48 lius
278 606 120 48 est,
352 606 90 48 in
397 606 239 48 duplotempore
577 606 134 48 lineam,

209 654 103 43 quae
274 654 90 43 est
325 654 129 43 ipsum.
416 654 207 43 D.transibit,
584 654 103 43 quae
635 654 78 43 quae

210 693 100 53 est
267 693 144 53 ipsum.
368 693 100 53 D.&
425 693 115 53 erit
497 693 158 53 tempus,
612 693 86 53 in
640 693 72 53 quo

207 732 118 55 est.
281 732 177 55 C.duplum
413 732 133 55 eius,
502 732 88 55 in
546 732 103 55 quo
605 732 103 55 est
649 732 59 55 E,

202 775 145 43 atque
298 775 161 43 semper
411 775 161 43 quanto
507 775 209 43 fueritminus

202 820 251 47 corporeum,
400 820 216 47 minusque
543 820 162 47 impedi-

207 861 140 49 tiuum,
305 861 84 49 ac
347 861 140 49 melius
445 861 196 49 diuisibile
599 861 98 49 id,
641 861 70 49 per

207 901 129 53 quod
288 901 178 53 fertur,
417 901 162 53 citius
514 901 194 53 mouebitur,

215 945 192 42 Vacuum
349 945 172 42 autem
464 945 192 42 nullam
579 945 134 42 habet

202 983 212 43 rationem,
365 983 114 43 qua
430 983 212 43 exceditur
593 983 82 43 a
609 983 98 43 cor-

206 1028 138 53 pore,
298 1028 138 53 sicut
390 1028 138 53 neque
482 1028 138 53 ipsum
575 1028 138 53 nihil
652 1028 62 53 ad

203 1070 200 44 numerum.
353 1070 100 44 Si
403 1070 133 44 enim
486 1070 183 44 quatuor
603 1070 100 44 exce

204 1115 135 45 dunt
289 1115 135 45 tria
373 1115 135 45 vno,
458 1115 203 45 pluribus
593 1115 119 45 autem

208 1157 125 53 duo,
287 1157 78 53 &
318 1157 141 53 adhuc
412 1157 125 53 vnum
490 1157 188 53 pluribus
615 1157 94 53 quai

213 1196 128 46 duo,
293 1196 144 46 ipsum
389 1196 144 46 sanem
486 1196 144 46 nihil
582 1196 112 46 non
630 1196 80 46 am-

213 1245 136 52 plius
303 1245 151 52 habent
409 1245 196 52 rationem,
560 1245 106 52 qua
605 1245 106 52 exce-

216 1281 115 51 dant.
293 1281 140 51 necesse
395 1281 102 51 enim
458 1281 89 51 est
509 1281 127 51 diuidi
598 1281 89 51 id,
637 1281 76 51 quid

213 1325 175 53 excedit,
345 1325 73 53 &
374 1325 87 53 in
417 1325 189 53 excessum,
563 1325 87 53 et
607 1325 87 53 in
636 1325 73 53 id,

215 1370 127 45 quod
294 1370 222 45 exceditur.
469 1370 143 45 quare
564 1370 143 45 erunt
644 1370 63 45 ip

219 1412 78 50 a
251 1412 188 50 quatuor,
391 1412 125 50 quot
470 1412 203 50 excedunt,
610 1412 94 50 erni

215 1453 119 51 hil.
290 1453 208 51 Quapropter
453 1453 134 51 neque
542 1453 134 51 Linea
617 1453 89 51 pum-

205 1492 134 46 ctum
289 1492 200 46 excedit,
439 1492 134 46 nisi
506 1492 200 46 componatur

205 1540 100 38 ex
255 1540 200 38 punctis.
406 1540 217 38 Similiter
572 1540 150 38 autem
656 1540 50 38 &

213 1579 116 54 Vac
280 1579 116 54 uum
346 1579 99 54 ad
396 1579 166 54 plenum
511 1579 166 54 nullam
611 1579 99 54 pos-

207 1621 152 54 sibile
313 1621 107 54 est
374 1621 152 54 habere
481 1621 198 54 rationem:
618 1621 91 54 qua-

202 1669 118 45 re
261 1669 177 45 neque
360 1669 157 45 motum.

258 1716 87 68 Et
302 1716 160 68 apparet
418 1716 131 68 etiam
506 1716 116 68 hoc,
578 1716 116 68 quod
636 1716 73 68 di-

209 1769 133 49 ximus
298 1769 103 49 hoc
357 1769 133 49 modo.
445 1769 162 49 videmus
563 1769 118 49 enim
622 1769 89 49 idem

207 1818 146 57 corpus
309 1818 204 57 velocitari
470 1818 87 57 in
513 1818 116 57 motu
571 1818 146 57 propter.

208 1865 168 58 alterum
330 1865 168 58 duorum,
452 1865 107 58 aut
513 1865 168 58 propter
620 1865 92 58 hoc,

733 181 122 61 quod
809 181 152 61 illud,
915 181 167 61 mediate
1037 181 107 61 quo
1083 181 137 61 mouetur

735 236 217 62 diuersatur,
908 236 116 62 v.g,
981 236 87 62 vt
1024 236 130 62 motus
1111 236 116 62 eius
1169 236 72 62 sit

732 297 83 50 in
774 297 125 50 aqua,
857 297 97 50 aut
912 297 83 50 in
954 297 139 50 terra,
1051 297 97 50 aut
1106 297 83 50 in
1134 297 97 50 aere,

731 333 108 61 aut
792 333 93 61 in
839 333 139 61 igne,
931 333 124 61 aut,
1008 333 124 61 quia
1086 333 139 61 motum
1163 333 77 61 di-

730 381 184 61 uersatur.
871 381 85 61 si
914 381 141 61 igitur
1013 381 113 61 alia
1083 381 141 61 fuerit
1168 381 71 61 ea-

729 429 106 63 dem
790 429 91 63 ex
835 429 228 63 differentia
1018 429 228 63 grauitatis,
1185 429 61 63 et

728 476 196 62 leuitatis,
882 476 140 62 illud,
980 476 168 62 mediante
1107 476 98 62 quo
1149 476 84 62 erit

727 525 134 61 motus,
820 525 107 61 erit
887 525 134 61 causa:
980 525 134 61 ipedit
1074 525 107 61 enim
1127 525 107 61 motus,

724 573 112 63 aut
788 573 176 63 multum,
916 573 160 63 quando
1027 573 144 63 motus
1107 573 128 63 illius

726 621 143 61 fuerit
826 621 200 61 contrarius
983 621 129 61 motui
1069 621 129 61 eius,
1154 621 114 61 quod

725 682 176 45 mouetur
853 682 96 45 in
901 682 112 45 eo:
965 682 112 45 aut
1029 682 160 45 minus,
1125 682 112 45 quan-

729 716 95 59 do
777 716 142 59 etiam
871 716 158 59 fuerit
982 716 221 59 quiescens:
1155 716 79 59 &
1171 716 63 59 ma

729 764 109 62 gis,
797 764 136 62 quando
893 764 95 62 non
947 764 136 62 fuerit
1042 764 150 62 facilis
1138 764 95 62 diui-

736 802 137 71 sionis:
835 802 62 71 &
860 802 99 71 quod
922 802 87 71 est
971 802 112 71 tale,
1046 802 87 71 est
1095 802 124 71 illud,
1182 802 74 71 in

725 861 99 64 quo
782 861 99 64 est
838 861 213 64 spissitudo.
1008 861 198 64 Expessatur
1150 861 85 64 igi-

722 909 113 61 tur
786 909 161 61 corpus
899 909 97 61 A,
947 909 193 61 mediante
1092 909 80 61 E
1124 909 97 61 in
1157 909 80 61 tem

726 957 123 61 pore
803 957 92 61 &:
849 957 169 61 mediate
972 957 123 61 vero
1049 957 92 61 D,
1095 957 123 61 quod
1156 957 77 61 est

725 1005 208 61 subtilius,
889 1005 89 61 in
933 1005 163 61 tempore
1052 1005 89 61 H,
1096 1005 89 61 in
1126 1005 119 61 longi-

731 1052 144 63 tudine
832 1052 87 63 ex
875 1052 87 63 B,
918 1052 159 63 aequali
1034 1052 202 63 logitudini
1178 1052 58 63 ex

722 1100 218 63 Dsecundum
890 1100 168 63 corpus
1008 1100 235 63 impediens.
1176 1100 67 63 Et

723 1148 178 62 intentio
857 1148 149 62 illius
961 1148 119 62 est,
1035 1148 163 62 quoniam
1154 1148 74 62 E
1169 1148 74 62 sit

727 1198 142 61 aqua,
822 1198 79 61 &
854 1198 126 61 Dsit
933 1198 126 61 aer.
1012 1198 79 61 &
1043 1198 158 61 quanto
1138 1198 95 61 aer-

725 1248 100 59 est
782 1248 186 59 subtilior
925 1248 129 59 aqua,
1012 1248 72 59 &
1040 1248 172 59 leuioris
1155 1248 86 59 cor-

727 1297 232 58 poreitatis,
912 1297 139 58 tanto
1004 1297 232 58 Aexpellitur
1174 1297 62 58 me

719 1341 165 61 diante
834 1341 231 61 Dvelocius,
1015 1341 132 61 quam
1081 1341 148 61 median-

725 1391 91 63 te
770 1391 91 63 B.
816 1391 76 63 &
846 1391 106 63 sit
907 1391 197 63 proportio
1044 1391 197 63 velocitatis

729 1442 87 57 ad
772 1442 217 57 velocitate,
946 1442 130 57 sicut
1032 1442 188 57 proportio
1163 1442 72 57 ex-

733 1483 129 71 essus
819 1483 129 71 aeris
905 1483 129 71 super
991 1483 129 71 aqua,
1077 1483 115 71 ita,
1135 1483 100 71 quod,

734 1539 81 55 si
775 1539 135 55 fuerit
870 1539 122 55 duplu
951 1539 81 55 in
991 1539 216 55 subtilitate,
1154 1539 81 55 per-

719 1588 202 63 transibit
875 1588 171 63 sparium
1000 1588 93 63 &,
1047 1588 93 63 in
1093 1588 140 63 duplo
1171 1588 78 63 tem

728 1644 144 48 poris,
828 1644 86 48 in
872 1644 101 48 quo
929 1644 202 48 pertransit
1073 1644 159 48 spatiump:

723 1685 85 61 &
757 1685 136 61 erit
842 1685 170 61 tempus
961 1685 102 61 C,
1013 1685 170 61 duplum
1115 1685 119 61 tempo

731 1733 110 61 ris
794 1733 110 61 H:&
857 1733 157 61 quanto
966 1733 141 61 magis
1061 1733 157 61 suerit
1155 1733 78 61 il-

724 1780 125 62 lud,
803 1780 188 62 mediante
944 1780 110 62 quo
1006 1780 125 62 erit
1084 1780 141 62 motus
1163 1780 78 62 le-

726 1844 146 46 uioris
829 1844 264 46 corporeitatis,
1049 1844 73 46 &
1078 1844 161 46 minoris
1180 1844 59 46 re

728 1876 191 63 sistentiae,
881 1876 89 63 sed
932 1876 178 63 facilioris
1059 1876 166 63 diuisionis,
