1416 2066
187 181 78 56 cum
232 181 101 56 illo,
299 181 112 56 perper
377 181 90 56 quod
433 181 90 56 fuit
489 181 134 56 materia.
590 181 90 56 D.d.
646 181 67 56 v.
668 181 45 56 g.

199 223 65 43 i.
232 223 65 43 v.
264 223 65 43 g.
297 223 120 43 quoniam
384 223 130 43 lateres,
482 223 54 43 &
504 223 120 43 lapides
591 223 120 43 necesse
667 223 54 43 est

202 259 77 40 vt
241 259 116 40 sint,
318 259 77 40 si
357 259 116 40 domus
434 259 142 40 fuerit:
537 259 90 40 sed
589 259 90 40 non
641 259 77 40 ex
666 259 52 40 la

199 300 157 52 teribus,
317 300 66 52 &
343 300 170 52 lapidibus
474 300 157 52 sequitur
579 300 131 52 necessa-

199 338 90 52 rio
251 338 78 52 vt
290 338 90 52 sit
341 338 116 52 finis
419 338 168 52 intentus.
548 338 78 52 v.
587 338 78 52 g.
613 338 103 52 domus.

200 377 100 49 neque
267 377 123 49 hiasunt
356 377 145 49 introitum
468 377 67 49 in
501 377 100 49 fine,
568 377 89 49 nisi
613 377 100 49 secundu

206 426 128 32 materiam
302 426 128 32 scilicet
399 426 128 32 secundum
495 426 85 32 quod
548 426 117 32 materia
634 426 75 32 est
666 426 53 32 vna

197 455 173 43 causarum
326 455 115 43 rei,
398 455 130 43 cuius
485 455 101 43 est
542 455 173 43 materia.
657 455 58 43 D.

203 493 72 41 d.
239 493 60 41 &
263 493 84 41 non
311 493 96 41 erit
371 493 120 41 perper
455 493 108 41 ista.
527 493 72 41 i.
563 493 60 41 &
587 493 108 41 forma
659 493 84 41 non

197 535 97 52 erit
258 535 85 52 per
306 535 158 52 materiam,
428 535 85 52 sed
476 535 85 52 per
525 535 121 52 agens.
610 535 97 52 D.d.
658 535 61 52 sed

200 572 109 45 illa.
273 572 73 45 i.
309 572 145 45 materia.
418 572 97 45 D.d.
479 572 73 45 si
515 572 97 45 ista
576 572 85 45 non
612 572 109 45 fuerint

206 613 66 40 i.
239 613 110 40 forma,
316 613 55 40 &
338 613 110 40 finis.
414 613 88 40 D.d.
469 613 99 40 illic
535 613 88 40 enim
590 613 77 40 &c.
633 613 55 40 &
655 613 88 40 quod

201 652 149 51 accidit
310 652 81 51 ex
350 652 95 51 hoc
404 652 81 51 in
445 652 203 51 generatione
607 652 95 51 est
647 652 68 51 si-

200 693 106 50 mile
266 693 93 50 ei,
319 693 106 50 quod
385 693 146 50 accidit
492 693 80 50 in
531 693 172 50 Doctrina.
651 693 66 50 1Do

201 733 132 45 ctrina
293 733 105 45 enim
359 733 118 45 etiam
438 733 92 45 non
490 733 118 45 erunt
569 733 171 45 propones,

208 768 69 53 si
242 768 149 53 conclusio
357 768 80 53 non
403 768 126 53 fuerit.
495 768 69 53 v.
529 768 69 53 g.
564 768 126 53 quoniam
644 768 69 53 pro-

203 806 180 53 positiones
345 806 77 53 ex
383 806 129 53 quibus
473 806 180 53 declaratur
615 806 103 53 quod
667 806 51 53 an

196 845 110 57 guli
265 845 178 57 trianguli
402 845 124 57 valet
485 845 110 57 duos
553 845 151 57 rectos,
649 845 69 57 non

203 886 134 45 erunt,
297 886 81 45 si
337 886 94 45 non
391 886 148 45 fuerint
498 886 161 45 aequales
606 886 107 45 duobus

203 925 145 45 rectis.
308 925 66 45 &
335 925 92 45 iam
387 925 132 45 pdixit
480 925 105 45 hoc,
546 925 92 45 sed
585 925 132 45 iterauit

203 965 137 37 illud
294 965 91 37 ad
340 965 290 37 rememorationem.
584 965 91 37 In
614 965 107 37 libro

207 1005 103 49 vero
271 1005 116 49 Alex.
348 1005 116 49 neque
426 1005 116 49 illic
503 1005 116 49 etiam
580 1005 116 49 erunt
644 1005 77 49 prin

204 1044 136 52 cipia,
300 1044 82 52 si
341 1044 191 52 triangulus
491 1044 164 52 habuerit
600 1044 123 52 angulos

199 1088 143 34 aequales
306 1088 119 34 duobus
390 1088 131 34 rectis.
485 1088 72 34 i.
521 1088 131 34 quoniam
617 1088 84 34 non
652 1088 60 34 se-

201 1125 108 45 quitur
277 1125 97 45 quod,
342 1125 65 45 si
374 1125 140 45 conclusio
482 1125 86 45 sit,
536 1125 86 45 quod
579 1125 130 45 propositio

204 1157 94 55 nes
257 1157 121 55 sint.
338 1157 108 55 D.d.
405 1157 188 55 Manifestum
553 1157 94 55 est
594 1157 121 55 igitur,

206 1197 83 55 &c.
254 1197 71 55 i.
289 1197 166 55 manifestum
420 1197 83 55 est
467 1197 119 55 igitur
550 1197 95 55 quod
597 1197 119 55 necessi-

198 1244 102 38 tas
257 1244 87 38 in
300 1244 131 38 rebus
387 1244 218 38 naturalibus
561 1244 131 38 notat
634 1244 87 38 mate

202 1276 134 53 riam,
292 1276 75 53 &
321 1276 149 53 illum,
426 1276 119 53 quod
500 1276 179 53 sequitur
620 1276 89 53 mate

201 1316 120 38 riam
276 1316 90 38 de
321 1316 180 38 motibus,
456 1316 75 38 &
486 1316 105 38 non
546 1316 135 38 notat
621 1316 90 38 for-

204 1364 73 45 mam
245 1364 125 45 scilicet
339 1364 115 45 quoniam
423 1364 115 45 materia
506 1364 146 45 inuenitur,
611 1364 104 45 propter.

195 1394 180 40 formam,
325 1394 114 40 non
391 1394 147 40 forma
488 1394 180 40 propter
603 1394 114 40 ipsam

202 1432 112 51 cum
266 1432 112 51 non
330 1432 192 51 sequitur
458 1432 176 51 materiam.

241 1484 86 47 Et
284 1484 173 47 vtraeque
413 1484 144 47 quidem
514 1484 158 47 Physico
614 1484 101 47 dicem

197 1533 98 50 dae
253 1533 112 50 sunt
323 1533 155 50 causae,
436 1533 127 50 magis
520 1533 127 50 autem
605 1533 98 50 ea,
647 1533 70 50 cu-

201 1573 108 46 ius
262 1573 124 46 gra.
340 1573 139 46 causa
432 1573 124 46 enim
509 1573 124 46 haec
571 1573 139 46 materie

196 1613 109 47 est,
264 1613 95 47 sed
319 1613 95 47 non
373 1613 109 47 haec
442 1613 136 47 ipsius
537 1613 136 47 finis.
632 1613 82 47 Et
660 1613 54 47 fi

199 1662 103 45 nis
258 1662 103 45 is,
317 1662 133 45 cuius
406 1662 118 45 gra.
479 1662 74 45 &
509 1662 103 45 qui
553 1662 162 45 pricipium

205 1698 107 56 est.
272 1698 67 56 a
299 1698 215 56 definitione,
473 1698 67 56 &
500 1698 148 56 ratione
594 1698 121 56 petiem,

196 1741 102 45 sicut
263 1741 68 45 in
297 1741 79 45 is,
342 1741 90 45 quae
399 1741 135 45 secundum
501 1741 113 45 artem.
580 1741 90 45 qum,
636 1741 68 45 si
659 1741 56 45 do-

199 1788 98 38 mus
255 1788 98 38 est
311 1788 126 38 tale,
395 1788 112 38 haec
465 1788 154 38 opertet
577 1788 140 38 fieri,
661 1788 56 38 et

195 1824 116 50 esse
268 1824 87 50 ex
312 1824 232 50 necessitate.
500 1824 73 50 &
529 1824 116 50 cunm
587 1824 131 50 sanitas

194 1867 103 48 hoc
253 1867 118 48 est,
327 1867 118 48 haec
400 1867 162 48 oportet
518 1867 132 48 fieri
606 1867 88 48 ex
635 1867 74 48 ne

735 181 190 45 cessitate,
885 181 68 45 &
912 181 122 45 esse.
993 181 95 45 sic
1048 181 68 45 &
1075 181 81 45 si
1116 181 109 45 homo
1184 181 95 45 est
1224 181 41 45 I

729 228 111 45 hoc,
799 228 125 45 haec.
882 228 83 45 si
924 228 111 45 vero
993 228 125 45 haec,
1063 228 97 45 haec.

775 276 97 54 Et
823 276 177 54 oportet
952 276 209 54 Naturalem
1097 276 145 54 intende

727 316 91 62 re
772 316 107 62 has
833 316 122 62 duas
910 316 168 62 causas,
1032 316 107 62 sed
1093 316 137 62 magis
1169 316 76 62 de-

730 365 103 61 bet
789 365 191 61 intendere
936 365 162 61 causam,
1054 365 118 61 quae
1127 365 103 61 est
1171 365 74 61 pro

731 413 117 65 pter
804 413 131 65 quid.
892 413 160 65 quontam
1009 413 117 65 ista
1082 413 102 65 est
1125 413 117 65 causa,

724 460 186 64 materiae.
867 460 115 64 ipsa
938 460 129 64 autem
1024 460 100 64 non
1082 460 100 64 est
1124 460 115 64 finis,

722 509 192 68 propter
861 509 139 68 quem
948 509 87 68 &
983 509 244 68 principium
1157 509 87 68 est

731 557 82 62 de
772 557 218 62 definitione,
949 557 68 62 &
977 557 123 62 rone,
1058 557 123 62 sicut
1140 557 95 62 est
1195 557 82 62 in

733 605 130 62 rebus,
824 605 104 62 quae
889 605 104 62 sunt
954 605 91 62 per
1006 605 117 62 arte.
1084 605 78 62 v.
1123 605 78 62 g.
1162 605 104 62 quo

723 653 135 62 niam,
813 653 120 62 quia
888 653 135 62 domus
978 653 105 62 est
1037 653 135 62 tale,
1112 653 135 62 necesse

734 700 102 62 est
793 700 88 62 vt
837 700 102 62 sit
895 700 117 62 hoc.
968 700 73 62 &
997 700 117 62 quia
1070 700 160 62 sanitas
1172 700 73 62 est

729 748 131 63 talis,
821 748 144 63 necesse
925 748 92 63 est
978 748 79 63 vt
1017 748 92 63 sit
1070 748 105 63 hoc.
1135 748 66 63 &
1148 748 92 63 simi-

732 796 143 64 liter,
832 796 114 64 quia
903 796 114 64 homo
975 796 100 64 est
1032 796 143 64 talis,
1117 796 129 64 necesse

733 844 93 58 est
786 844 80 58 vt
826 844 93 58 sit
865 844 80 58 hoc.

774 892 97 47 Et
822 892 178 47 oportet
951 892 210 47 Naturalem
1097 892 145 47 reddere

731 934 154 44 vtranque
847 934 142 44 causam,
950 934 103 44 quia
1014 934 193 44 constitutio
1156 934 90 44 rerum

737 981 168 37 naturalium
869 981 84 37 est
917 981 72 37 ex
953 981 132 37 ambabus
1049 981 144 37 scilicet
1157 981 72 37 ex
1181 981 72 37 mate

741 1013 92 45 ria,
799 1013 58 45 &
822 1013 69 45 ex
857 1013 104 45 illo,
926 1013 115 45 perper
1007 1013 92 45 quod
1064 1013 81 45 est
1111 1013 138 45 materia.
1203 1013 46 45 D.

732 1053 82 53 d.
773 1053 96 53 sed
828 1053 123 53 magis
910 1053 137 53 debet,
1006 1053 96 53 &c.
1061 1053 82 53 i.
1102 1053 151 53 oportet
1198 1053 55 53 Na

734 1092 150 51 turalem
843 1092 190 51 solicitari
993 1092 122 51 magis
1074 1092 122 51 circa
1142 1092 109 51 eausam

731 1133 141 37 finalem,
837 1133 82 37 cum
884 1133 117 37 perper
966 1133 117 37 causam
1048 1133 129 37 finalem
1142 1133 82 37 sit
1177 1133 70 37 cau-

734 1173 75 46 sa
772 1173 188 46 materialis,
923 1173 63 46 &
948 1173 88 46 non
998 1173 126 46 perper
1086 1173 126 46 causam
1161 1173 88 46 mate-

730 1210 124 49 rialem
816 1210 87 49 est
866 1210 87 49 cam
915 1210 148 49 finalis.
1026 1210 99 49 D.d.
1088 1210 62 49 &
1101 1210 148 49 principium

735 1249 86 50 est
784 1249 74 50 ex
821 1249 197 50 definitione,
981 1249 61 50 &
1005 1249 148 50 ratione.
1116 1249 74 50 i.
1140 1249 111 50 princi-

736 1287 112 50 pium,
810 1287 75 50 ex
848 1287 87 50 quo
897 1287 162 50 sequitur,
1022 1287 75 50 si
1059 1287 125 50 fuerit
1134 1287 112 50 necessi

738 1327 85 43 tas
786 1327 157 43 materiae,
907 1327 85 43 est
955 1327 121 43 illud,
1040 1327 97 43 quid
1100 1327 145 43 continet
1197 1327 48 43 de

730 1368 179 47 finitio,
865 1368 75 47 &
894 1368 134 47 forma
984 1368 90 47 in
1029 1368 134 47 rebus
1104 1368 149 47 composi-

737 1406 98 40 tis.
798 1406 73 40 Et
834 1406 171 40 intendebat
969 1406 85 40 per
1017 1406 85 40 hoc
1066 1406 98 40 quod
1127 1406 61 40 ,
1151 1406 85 40 cum
1188 1406 61 40 de-

732 1444 147 55 finitio
839 1444 94 55 rei
892 1444 134 55 fuerit
986 1444 147 55 posita,
1093 1444 160 55 sequitur
1200 1444 53 55 ma

732 1486 115 36 teria
809 1486 178 36 necessario
949 1486 76 36 in
987 1486 102 36 esse
1050 1486 115 36 eius.
1114 1486 140 36 definitio

729 1524 110 46 enim
798 1524 165 46 continet
921 1524 137 46 formam
1018 1524 178 46 communem,
1155 1524 69 46 &
1169 1524 82 46 pro-

737 1565 131 47 priam.
828 1565 105 47 D.d.
894 1565 118 47 sicut
972 1565 92 47 est
1025 1565 78 47 in
1064 1565 118 47 rebus
1129 1565 118 47 artifi-

737 1612 164 41 cialibus.
864 1612 76 41 i.
902 1612 76 41 v.
940 1612 76 41 g.
978 1612 101 41 quia
1041 1612 164 41 definitio
1155 1612 88 41 domus

735 1642 96 40 est
790 1642 192 40 continens,
941 1642 205 40 cooperiens,
1091 1642 151 40 defendens

732 1678 65 45 a
758 1678 143 45 calore,
862 1678 65 45 &
888 1678 156 45 frigore,
1006 1678 143 45 necesse
1110 1678 91 45 est
1162 1678 78 45 vt
1188 1678 65 45 sit

735 1719 170 55 composita
865 1719 78 55 ex
905 1719 131 55 tecto,
996 1719 65 55 &
1022 1719 157 55 pariete.
1140 1719 78 55 &,
1166 1719 78 55 quia

737 1757 183 45 definitio
878 1757 155 45 hominis
991 1757 99 45 est
1047 1757 141 45 animal
1132 1757 113 45 ratio-

734 1797 119 55 nale,
813 1797 146 55 necesse
919 1797 93 55 est
972 1797 79 55 vt
1012 1797 93 55 sit
1065 1797 185 55 compositum
1197 1797 53 55 ex

735 1842 136 40 carne,
831 1842 68 40 &
858 1842 123 40 osse:
940 1842 68 40 &
967 1842 109 40 quia
1035 1842 177 40 definitio
1158 1842 95 40 sani-

731 1876 131 54 tatis
819 1876 102 54 est
877 1876 204 54 dispositio
1038 1876 88 54 in
1082 1876 161 54 membro,
1184 1876 73 54 qua
