1416 2066
188 173 85 58 qua
237 173 122 58 vtitur
322 173 73 58 in
359 173 85 58 hac
407 173 207 58 declaratione,
578 173 85 58 est
615 173 85 58 diui-

202 221 92 38 sio
254 221 78 38 in
293 221 275 38 contradicentibus:
529 221 65 38 &
555 221 105 38 quod
607 221 92 38 demro

202 261 187 33 complebitur,
354 261 117 33 quando
436 261 128 33 quatuor
517 261 187 33 contradicentia

204 293 204 50 destruentur,
370 293 64 50 &
395 293 166 50 remanebit
523 293 153 50 quintum,
625 293 76 50 quid

201 339 96 32 est,
261 339 96 32 quod
321 339 108 32 motum
394 339 72 32 ex
430 339 72 32 se
466 339 169 32 componitur
599 339 72 32 ex
623 339 72 32 moto

203 365 75 46 re
240 365 87 46 non
290 365 112 46 moto,
364 365 99 46 quid
426 365 87 46 non
476 365 87 46 est
526 365 137 46 corpus,
625 365 62 46 &
638 365 62 46 ex-

205 413 109 42 moto,
277 413 97 42 quid
338 413 85 42 est
386 413 133 42 corpus.
483 413 73 42 Et
520 413 85 42 non
568 413 97 42 est,
616 413 85 42 sicut

198 446 233 37 existimauerunt.
394 446 147 37 quoniam,
505 446 86 37 cum
542 446 147 37 posuerimus

203 480 86 48 quod
257 480 160 48 impossibile
385 480 75 48 est
428 480 64 48 vt
460 480 96 48 motum
524 480 75 48 sit
567 480 86 48 ipse
609 480 86 48 motor,

196 519 103 39 tunc
261 519 142 39 necesse
364 519 103 39 erit
428 519 77 39 vt
467 519 116 39 motum
544 519 77 39 ex
583 519 77 39 se
609 519 90 39 diui-

202 557 98 45 datur
267 557 65 45 in
300 557 87 45 duas
355 557 109 45 partes
431 557 131 45 scilicet
529 557 65 45 in
561 557 131 45 motorem,
649 557 54 45 qui

201 598 75 48 non
244 598 129 48 mouetur,
341 598 54 48 &
362 598 86 48 rem,
416 598 86 48 quae
469 598 118 48 mouetur
555 598 118 48 tantdum
630 598 64 48 modo

199 629 85 44 sed
247 629 97 44 quia
308 629 121 44 Arist.
392 629 109 44 vidit
465 629 97 44 quod
525 629 97 44 sunt
585 629 85 44 hic
622 629 72 44 alii

200 676 108 44 modi
267 676 81 44 ab
307 676 94 44 his
361 676 135 44 duobus
455 676 135 44 modis,
550 676 67 44 &
577 676 94 44 fit
617 676 81 44 ali-

195 706 101 43 quis
259 706 190 43 existimare,
411 706 101 43 quod
474 706 114 43 motum
550 706 76 43 ex
588 706 76 43 se
613 706 89 43 forte

198 744 78 42 est
242 744 133 42 secundum
342 744 122 42 aliquem
431 744 111 42 eorum,
508 744 133 42 incoepit
597 744 100 42 destrue

191 788 79 31 re
230 788 92 31 eos
283 788 79 31 ad
322 788 211 31 confirmandum
494 788 105 31 suam
546 788 145 31 demronen,

202 821 62 48 &
226 821 100 48 ideo
289 821 137 48 induxit
389 821 75 48 in
426 821 162 48 vnoquoque
551 821 112 48 eorum
613 821 75 48 com-

194 856 150 48 csonem,
303 856 109 48 quam
371 856 150 48 induxit
480 856 82 48 in
521 856 123 48 prima
589 856 109 48 demro-

198 892 89 39 ne.
249 892 76 39 &,
287 892 76 39 si
326 892 127 39 demtro
415 892 102 39 eius
478 892 115 39 esset
555 892 140 39 fundata
644 892 51 39 su

200 932 86 49 per
249 932 110 49 modum
322 932 245 49 contradictionis,
531 932 86 49 non
567 932 135 49 induceret

189 966 178 50 concsonem,
329 966 102 50 nisi
393 966 127 50 semel.
482 966 89 50 Et,
533 966 102 50 quia
584 966 114 50 existi-

198 1009 115 49 matio
275 1009 115 49 magis
351 1009 153 49 apparens
466 1009 102 49 est,
529 1009 102 49 quod
580 1009 115 49 vtraque

192 1052 102 39 pars
256 1052 102 39 moti
319 1052 76 39 ex
357 1052 76 39 se
395 1052 114 39 mouet
472 1052 152 39 reliquam
573 1052 127 39 secundum

195 1082 268 51 reciprocationem,
423 1082 161 51 incoepit
530 1082 161 51 destruere,

194 1118 103 41 hoc,
258 1118 154 41 dicendo,
374 1118 90 41 hoc
425 1118 90 41 aut
477 1118 103 41 erit
528 1118 167 41 essentiali-

192 1160 94 43 ter,
251 1160 83 43 aut
298 1160 224 43 accidentaliter.
487 1160 83 43 Et,
535 1160 71 43 si
570 1160 118 43 fuerit
641 1160 47 43 es

199 1196 194 49 sentialiter,
357 1196 158 49 continget
478 1196 73 49 vt
514 1196 85 49 non
563 1196 85 49 sit
611 1196 73 49 in
635 1196 61 49 eis

195 1235 116 39 motum
272 1235 77 39 ex
311 1235 90 39 se,
362 1235 64 39 &
388 1235 116 39 etiam
465 1235 77 39 vt
503 1235 141 39 aliquid
593 1235 103 39 moueat

191 1276 79 43 se,
236 1276 136 43 secundum
338 1276 91 43 quod
394 1276 125 43 mouetur
485 1276 68 43 &,
519 1276 79 43 cum
553 1276 147 43 destruxerit

191 1308 100 46 duas
253 1308 175 46 diuisioes,
390 1308 175 46 destructum
528 1308 125 46 eritvt
603 1308 87 46 illd,

196 1344 94 52 quod
255 1344 130 52 mouetur
350 1344 71 52 ex
385 1344 83 52 se,
432 1344 83 52 sit
480 1344 106 52 tale.
539 1344 153 52 Expositores

190 1383 119 47 autem,
273 1383 83 47 cum
321 1383 190 47 destruxerunt
475 1383 178 47 diuisionem,
606 1383 95 47 quaest

195 1423 216 47 essentialiter,
375 1423 216 47 existimauerunt
554 1423 96 47 quod
602 1423 84 47 posi-

196 1458 77 40 tio
240 1458 99 40 esset
306 1458 154 40 destructa.
427 1458 55 40 &
449 1458 77 40 hoc
493 1458 77 40 est
537 1458 132 40 secundum
625 1458 66 40 pec-

200 1497 102 42 catum.
271 1497 61 42 Et
302 1497 72 42 hoc
343 1497 102 42 etiam,
415 1497 82 42 quid
466 1497 113 42 dicunt,
548 1497 92 42 quod,
609 1497 61 42 si
629 1497 72 42 totum

199 1540 135 46 mouetur
297 1540 61 46 a
321 1540 122 46 parte,
407 1540 159 46 continget
529 1540 73 46 vt
566 1540 110 46 pars,
627 1540 61 46 qui

188 1569 141 41 mouet,
286 1569 169 41 moueatur
413 1569 253 41 essentialiter,
610 1569 84 41 immo

199 1609 135 41 sequietur
302 1609 93 41 etiam
365 1609 62 41 vt
396 1609 83 41 illa
448 1609 83 41 pars
500 1609 125 41 moueatur
593 1609 62 41 ex
624 1609 73 41 se,
655 1609 42 41 ne

189 1646 157 39 cessarium
310 1646 85 39 est
358 1646 72 39 vt
394 1646 169 39 destruatur
527 1646 97 39 ista
575 1646 121 39 positio,

195 1686 135 44 dicendo,
296 1686 90 44 quod
353 1686 102 44 quodo
420 1686 158 44 reuertitur
544 1686 68 44 in
578 1686 90 44 hoc,
623 1686 68 44 quod

188 1720 126 50 mouetur
279 1720 69 50 ex
314 1720 80 50 se,
360 1720 126 50 quomodo
451 1720 138 50 mouetur,
554 1720 57 50 &
566 1720 126 50 contingit

190 1761 88 49 eta,
245 1761 88 49 quod
300 1761 110 49 illud,
377 1761 88 49 quid
432 1761 88 49 fuit
486 1761 121 49 positum
574 1761 99 49 motum
629 1761 66 49 pri-

191 1796 100 38 mum,
253 1796 87 38 non
303 1796 87 38 sit
352 1796 125 38 primum
440 1796 125 38 motum.
527 1796 62 38 &
552 1796 112 38 etiam
614 1796 87 38 totum

718 173 127 52 moueri
807 173 64 52 a
833 173 114 52 parte
909 173 89 52 est
960 173 89 52 per
1011 173 165 52 accidens.
1125 173 89 52 Rnsio

712 219 128 51 ligitur
806 219 152 51 remanebit
922 219 70 51 in
957 219 105 51 modo,
1027 219 82 51 qui
1074 219 82 51 est
1121 219 82 51 per
1156 219 58 51 ac-

719 257 105 41 cidens
793 257 95 41 ipsum
856 257 95 41 esse.
919 257 158 41 impossibile
1046 257 74 41 est
1088 257 84 41 enim
1140 257 63 41 in
1161 257 53 41 rei

720 299 139 39 veritate
824 299 69 39 de
859 299 104 39 modo,
928 299 139 39 secundum
1032 299 92 39 quem
1090 299 92 39 pars
1136 299 81 39 mouet

719 340 123 39 partem,
808 340 78 39 cum
853 340 101 39 nullo
921 340 90 39 modo
977 340 157 39 imaginatur
1100 340 90 39 quod
1145 340 67 39 pars

720 368 116 53 mouet
797 368 129 53 totum,
887 368 103 53 nisi
952 368 90 53 per
1003 368 167 53 accidens:
1132 368 64 53 &
1145 368 64 53 re-

720 413 141 45 motius
819 413 99 45 est
875 413 184 45 imaginari
1017 413 113 45 quod
1088 413 127 45 totum
1158 413 57 45 mo

718 452 82 42 uet
765 452 117 42 partem
847 452 211 42 essentialiter.
1023 452 94 42 Nomn
1082 452 82 42 est
1117 452 106 42 igitur,

717 479 163 41 vtendum
836 479 134 41 istis
925 479 148 41 duobus
1029 479 148 41 modis,
1118 479 104 41 doneo

722 517 151 37 diuidantur
841 517 130 37 secundum
938 517 86 37 esse
992 517 194 37 essentialiter,
1154 517 54 37 &
1165 517 54 37 ac-

722 557 207 37 cidentaliter,
892 557 110 37 sicut
965 557 110 37 fecit
1038 557 122 37 Arist.
1124 557 85 37 Sed
1160 557 61 37 hoc

720 597 94 45 non
773 597 121 45 fecit
853 597 80 45 in
894 597 94 45 his
947 597 134 45 duobus
1041 597 134 45 modis,
1121 597 94 45 neque

722 631 134 38 habuit
815 631 121 38 curam
896 631 80 38 de
936 631 107 38 eis,
1003 631 94 38 cum
1056 631 134 38 nullus
1137 631 80 38 exi-

713 668 139 50 stimet
810 668 83 50 in
852 668 125 50 primo
935 668 111 50 moto
1004 668 83 50 ex
1046 668 83 50 se
1087 668 111 50 quod
1143 668 83 50 pars

722 707 119 40 llius
801 707 119 40 mouet
881 707 133 40 totum,
974 707 93 40 aut
1027 707 106 40 quod
1093 707 119 40 totum
1159 707 53 40 mo

715 741 101 53 uet
772 741 158 53 partem:
887 741 101 53 cum
945 741 115 53 pars
1017 741 144 53 mouens
1118 741 130 53 debet
1190 741 43 53 l

716 780 157 50 distinoui
837 780 60 50 a
861 780 109 50 parte
933 780 97 50 mota
994 780 145 50 secundum
1102 780 109 50 esse,
1163 780 60 50 aut

714 811 139 51 secundum
819 811 197 51 definitionem.
981 811 81 51 Et,
1027 811 81 51 cum
1074 811 81 51 ita
1109 811 104 51 fuerit,

717 859 114 39 tunc
788 859 128 39 motum
873 859 85 39 ex
916 859 85 39 se
959 859 185 39 diuidetur
1101 859 85 39 in
1130 859 85 39 duas

721 893 127 45 ptes,
806 893 85 45 in
848 893 127 45 motum
933 893 85 45 ex
975 893 99 45 se,
1031 893 71 45 &
1060 893 127 45 motum
1144 893 71 45 a
1159 893 56 45 mo

716 939 75 39 to
754 939 75 39 ex
792 939 88 39 se:
842 939 63 39 &
867 939 101 39 tunc
930 939 88 39 non
980 939 201 39 imaginabitur
1144 939 101 39 quod

712 973 109 46 pers
781 973 123 46 mouet
863 973 137 46 totum,
958 973 96 46 aut
1013 973 109 46 quod
1081 973 123 46 totum
1150 973 68 46 mo-

716 1005 84 53 uet
764 1005 132 53 partem,
860 1005 96 53 nisi
920 1005 84 53 per
968 1005 120 53 accus.
1053 1005 84 53 Et,
1101 1005 96 53 quia
1149 1005 72 53 isti

713 1049 88 47 duo
764 1049 113 47 modi,
839 1049 88 47 qui
889 1049 100 47 sunt
952 1049 88 47 per
1002 1049 138 47 accuns,
1102 1049 100 47 sunt
1152 1049 63 47 ma-

713 1079 156 51 nifesti,
830 1079 91 51 non
882 1079 130 51 habuit
973 1079 117 51 curam
1050 1079 78 51 de
1089 1079 91 51 eis
1128 1079 91 51 Aris.

713 1117 87 46 sed
762 1117 125 46 habuit
850 1117 112 46 curam
924 1117 162 46 destruere
1049 1117 100 46 eos,
1111 1117 75 46 in
1136 1117 75 46 quid

717 1157 89 40 bus
768 1157 89 40 non
819 1157 102 40 bene
883 1157 140 40 apparet
985 1157 89 40 eos
1036 1157 102 40 esse
1099 1157 89 40 per
1138 1157 76 40 acci

722 1195 105 39 lens,
792 1195 105 39 sicut
862 1195 105 39 fecit
932 1195 70 39 in
966 1195 151 39 partibus,
1083 1195 93 39 quae
1129 1195 93 39 mouent

712 1232 72 46 se
748 1232 169 46 adinuicem,
881 1232 60 46 &
905 1232 72 46 in
941 1232 133 46 ponendo
1038 1232 97 46 quod
1086 1232 133 46 quaelibet

724 1270 99 51 pars
786 1270 112 51 mouet
860 1270 87 51 se,
910 1270 74 51 in
947 1270 87 51 quo
997 1270 112 51 dixit
1071 1270 112 51 quod,
1146 1270 74 51 si
1170 1270 50 51 mo

716 1317 83 37 tum
764 1317 71 37 ex
799 1317 71 37 se
835 1317 119 37 fuerit
918 1317 107 37 tale,
989 1317 154 37 continoet
1107 1317 71 37 vt
1131 1317 83 37 illae

711 1344 127 52 partes
800 1344 152 52 moueant,
914 1344 89 52 sed
965 1344 89 52 per
1016 1344 165 52 accidens.
1130 1344 89 52 Aril.

715 1388 106 38 igitur
790 1388 74 38 non
832 1388 106 38 vtitur
906 1388 64 38 de
938 1388 95 38 istis
1002 1388 106 38 modis,
1076 1388 85 38 nisi
1129 1388 85 38 eis,
1172 1388 42 38 in

715 1429 117 42 quibus
797 1429 105 42 latet
867 1429 82 42 eos
914 1429 93 42 esse
972 1429 82 42 per
1019 1429 152 42 accidens:
1135 1429 58 42 &
1147 1429 70 42 sunt

714 1462 103 45 isli
779 1462 116 45 modi,
856 1462 77 45 de
895 1462 129 45 quibus
985 1462 103 45 pont
1049 1462 142 45 aliquis
1140 1462 77 45 exi-

714 1496 134 50 stimare
812 1496 98 50 quod
873 1496 134 50 aliquis
971 1496 110 50 eorum
1044 1496 86 50 est
1093 1496 110 50 motum
1154 1496 61 50 per

713 1533 91 50 se.
765 1533 78 50 De
804 1533 91 50 eis
857 1533 131 50 autem,
948 1533 78 50 de
987 1533 131 50 quibus
1078 1533 144 50 apparet
1170 1533 52 50 ac

715 1569 128 41 cident
805 1569 141 41 alitas,
907 1569 90 41 non
959 1569 128 41 habuit
1048 1569 115 41 curam
1112 1569 103 41 Arist.

712 1610 71 47 &
740 1610 113 47 sunt
811 1610 113 47 quod
881 1610 127 47 totum
966 1610 127 47 mouet
1051 1610 155 47 partem,
1149 1610 71 47 aut

715 1645 100 46 quod
777 1645 100 46 pars
839 1645 112 46 mouet
914 1645 125 46 totum.
1001 1645 75 46 Si
1038 1645 125 46 igitur
1113 1645 112 46 aliquis

720 1682 134 53 dixerit
817 1682 97 53 quod
878 1682 110 53 Aris.
951 1682 110 53 debet
1024 1682 158 53 destruere
1134 1682 85 53 istos

712 1720 111 47 modos
786 1720 148 47 scilicet
897 1720 111 47 totum
971 1720 123 47 mouere
1057 1720 136 47 partem,
1155 1720 62 47 &
1168 1720 49 47 p-

710 1763 86 47 tem
759 1763 123 47 mouere
845 1763 123 47 totum,
931 1763 147 47 secundum
1041 1763 98 47 quod
1102 1763 98 47 sunt
1164 1763 86 47 per

709 1788 166 46 accidens,
837 1788 141 46 dicemus
939 1788 77 46 ad
978 1788 102 46 hoc,
1041 1788 102 46 quod
1105 1788 141 46 Aristo.
1195 1788 38 46 3
