1416 2066
193 180 105 46 Cum
253 180 210 46 declarauit
418 180 120 46 quod
494 180 150 46 easus,
599 180 75 46 &
629 180 90 46 ex
659 180 60 46 se

200 221 102 48 sunt
264 221 76 48 in
302 221 127 48 rebus,
391 221 102 48 quae
455 221 102 48 sunt
518 221 76 48 in
556 221 127 48 minori
633 221 76 48 par-

205 261 93 41 te,
258 261 66 41 &
284 261 119 41 illa,
364 261 106 41 quae
430 261 106 41 sunt
497 261 80 41 in
536 261 133 41 minori
616 261 106 41 parte,

208 296 157 54 quaedam
322 296 114 54 sunt
393 296 71 54 a
422 296 143 54 rebus,
522 296 114 54 quae
593 296 100 54 non
636 296 86 54 sunt

217 334 135 52 propter
315 334 148 52 aliquid,
426 334 74 52 vt
463 334 160 52 actiones,
586 334 98 52 quae
635 334 86 52 fiunt

208 376 112 50 sine
278 376 210 50 cognitione,
446 376 84 50 vt
488 376 126 50 casus
558 376 168 50 capillorum

211 413 64 43 a
237 413 216 43 confricatione
415 413 140 43 barbae,
517 413 89 43 hoc
567 413 102 43 enim
631 413 89 43 fit
669 413 51 43 in

205 456 141 49 minori
304 456 141 49 parte:
402 456 71 49 &
431 456 155 49 quaedam
544 456 127 49 fiunt
628 456 85 49 in
656 456 71 49 mi-

211 492 88 49 nori
266 492 110 49 parte,
343 492 77 49 sed
388 492 55 49 a
410 492 110 49 rebus,
487 492 88 49 quae
542 492 88 49 sunt
597 492 110 49 perper
664 492 66 49 ali-

208 529 109 46 quem
276 529 136 46 finem,
372 529 95 46 sed
426 529 163 46 sequitur
549 529 82 46 ex
590 529 95 46 eis
631 529 95 46 aliud

209 573 79 37 ab
248 573 105 37 illo
314 573 118 37 fine,
393 573 79 37 vt
433 573 158 37 inuentio
551 573 171 37 debitoris
669 573 53 37 in

213 609 113 41 foro,
288 609 88 41 hoc
338 609 100 41 enim
400 609 88 41 est
450 609 75 41 in
488 609 125 41 minori
575 609 125 41 parte,
663 609 88 41 sed

218 646 88 55 fit
269 646 75 55 ex
306 646 138 55 itinere
406 646 75 55 ad
444 646 125 55 forum,
531 646 100 55 quod
594 646 113 55 fuit,
656 646 63 55 pro

218 686 114 52 pter
289 686 157 52 aliquem
403 686 143 52 finem.
503 686 100 52 Et,
560 686 100 52 cum
617 686 100 52 hoc
660 686 57 52 fi

220 723 106 54 cit,
286 723 158 54 incoepit
404 723 79 54 in
444 723 92 54 hoc
497 723 145 54 sermone
589 723 132 54 declara-

208 764 81 50 re
249 764 108 50 quod
317 764 135 50 casus,
411 764 68 50 &
438 764 81 50 ex
479 764 81 50 se
519 764 108 50 sunt
587 764 81 50 in
614 764 108 50 rebus,

217 805 82 51 qua
264 805 94 51 sunt
323 805 70 51 in
358 805 117 51 minori
440 805 117 51 parte,
522 805 94 51 quae
580 805 105 51 fiunt
651 805 59 51 a
662 805 59 51 re-

218 841 95 55 bus,
278 841 95 55 quae
337 841 95 55 sunt
397 841 119 55 perper
480 841 131 55 aliquam
576 841 131 55 causam,
659 841 60 55 sed

213 886 184 36 errauerunt
357 886 79 36 iu
397 886 105 36 illa
462 886 131 36 causa,
554 886 66 36 &
581 886 105 36 fuit
633 886 92 36 inuen

213 923 77 47 ta
252 923 77 47 ab
290 923 90 47 eis
342 923 103 47 alia
406 923 129 47 causa,
496 923 64 47 &
522 923 129 47 dixit:
612 923 77 47 Et
638 923 77 47 post

220 958 81 44 ea,
267 958 81 44 &c.
313 958 70 44 i.
348 958 116 44 postea
429 958 104 44 illa,
499 958 70 44 ex
534 958 116 44 quibus
615 958 93 44 sunt
661 958 70 44 res,

222 997 81 54 ua
262 997 108 54 sunt
329 997 81 54 in
370 997 135 54 minori
464 997 135 54 parte,
558 997 148 54 quaedam
652 997 81 54 sunt

214 1045 149 45 propter
323 1045 136 45 aliud,
418 1045 68 45 &
445 1045 109 45 sunt
513 1045 176 45 actiones,
649 1045 109 45 quae

216 1076 117 54 sunt
290 1076 73 54 a
319 1076 220 54 cognitione,
495 1076 73 54 &
525 1076 205 54 voluntate,
686 1076 73 54 &

216 1112 118 49 quadam
299 1112 94 49 sunt
358 1112 83 49 non
405 1112 118 49 perper
488 1112 118 49 aliud,
570 1112 59 49 &
594 1112 94 49 sunt
641 1112 83 49 actio

213 1153 93 49 nes
266 1153 159 49 ociosae.
385 1153 106 49 D.d.
451 1153 93 49 sed
504 1153 106 49 haec
570 1153 106 49 duo,
636 1153 93 49 &c.
676 1153 53 49 i.

218 1194 89 52 sed
269 1194 115 52 casu,
346 1194 64 52 &
371 1194 77 52 ex
410 1194 77 52 se
448 1194 115 52 fiunt
525 1194 77 52 ex
563 1194 128 52 rebus,
652 1194 102 52 quae

213 1234 111 48 sunt
283 1234 153 48 propter
394 1234 167 48 aliquid,
519 1234 83 48 ex
560 1234 139 48 quibus
658 1234 97 48 in

212 1276 158 38 uenitur
327 1276 130 38 aliud
413 1276 86 38 in
456 1276 144 38 minori
557 1276 144 38 parte.
644 1276 86 38 D.d.

219 1310 174 52 Declaratum
355 1310 87 52 est
405 1310 136 52 igitur,
504 1310 87 52 &c.
553 1310 74 52 i.
591 1310 74 52 &,
628 1310 87 52 cum
665 1310 62 52 sit

214 1349 205 51 declaratum
375 1349 88 51 de
419 1349 146 51 rebus,
522 1349 117 51 quae
595 1349 132 51 fiunt
668 1349 59 51 in

218 1389 127 49 minori
307 1389 127 49 parte,
396 1389 102 49 quod
460 1389 140 49 quaedam
562 1389 114 49 fiunt
638 1389 76 49 ex
663 1389 64 49 re-

218 1428 104 49 bus,
283 1428 104 49 quae
348 1428 104 49 sunt
413 1428 130 49 perper
505 1428 130 49 aliud,
596 1428 65 49 &
609 1428 117 49 quaedam

219 1465 108 41 fiunt
291 1465 60 41 a
315 1465 120 41 rebus,
400 1465 96 41 quae
460 1465 84 41 non
508 1465 96 41 sunt
568 1465 133 41 propter
653 1465 72 41 ali-

215 1505 116 41 quem
288 1505 145 41 finem,
390 1505 203 41 manifestum
550 1505 102 41 est
608 1505 116 41 quod
666 1505 58 41 in

215 1544 132 52 illis,
307 1544 105 52 quae
373 1544 92 52 non
426 1544 105 52 sunt
492 1544 198 52 necessaria,
637 1544 92 52 neque

220 1581 226 53 contingentia
403 1581 85 53 in
446 1581 141 53 maiori
545 1581 141 53 parte,
629 1581 99 53 inuen

218 1621 155 50 uiuntur
330 1621 155 50 aliqua,
443 1621 112 50 quae
513 1621 112 50 sunt
583 1621 84 50 in
612 1621 112 50 minori

221 1668 128 43 parte,
311 1668 102 43 quae
374 1668 115 43 fiunt
451 1668 64 43 a
476 1668 128 43 rebus,
566 1668 102 43 quae
617 1668 77 43 sunt

225 1700 110 46 pter
294 1700 152 46 aliquam
404 1700 152 46 causam,
515 1700 83 46 i.
556 1700 152 46 propter
652 1700 83 46 ali-

217 1738 113 47 quem
288 1738 142 47 finem.
387 1738 99 47 Et,
444 1738 99 47 cum
500 1738 198 47 declarauit
642 1738 85 47 quod

221 1775 121 52 illa,
301 1775 108 52 quae
369 1775 108 52 sunt
436 1775 81 52 in
476 1775 135 52 minori
570 1775 135 52 parte,
651 1775 81 52 sunt

222 1815 117 43 duobus
304 1815 117 43 modis,
385 1815 93 43 modo
444 1815 140 43 scilicet
549 1815 82 43 qui
595 1815 82 43 fit
642 1815 70 43 ex
665 1815 70 43 ali-

217 1857 112 49 quo,
287 1857 112 49 quod
357 1857 98 49 est
413 1857 154 49 propter
525 1857 154 49 aliquem
623 1857 112 49 finem,

737 173 74 59 &
767 173 133 59 modo,
855 173 103 59 qui
915 173 103 59 fit
974 173 103 59 non
1033 173 103 59 per
1092 173 163 59 aliquem
1210 173 89 59 si
1240 173 44 59 &

741 222 95 44 nem,
800 222 59 44 &
824 222 95 44 quod
883 222 107 44 illa,
955 222 95 44 quae
1014 222 107 44 fiunt
1085 222 119 44 perper
1156 222 95 44 aliud,

735 257 115 49 sunt
806 257 100 49 res
864 257 172 49 perfecte
993 257 72 49 a
1022 257 158 49 natura,
1136 257 72 49 &
1165 257 72 49 a
1179 257 72 49 co-

739 303 163 45 gnitione,
865 303 151 45 incoepit
978 303 163 45 declarare
1104 303 101 45 quod
1167 303 75 45 in
1192 303 63 45 pri

737 337 93 42 mo
783 337 124 42 modo
861 337 109 42 est
907 337 124 42 casus.

763 377 221 41 Huiuscemodi
940 377 162 41 igitur,
1058 377 103 41 cum
1103 377 148 41 secundum

743 416 179 44 accidens
877 416 149 44 fiunt.
981 416 74 44 a
1011 416 164 44 fortuna
1115 416 134 44 dicimus

734 460 145 46 esse.
830 460 97 46 vt
879 460 129 46 enim
959 460 80 46 &
991 460 129 46 quod
1072 460 129 46 est,
1136 460 113 46 aliud

740 502 149 53 quidem
844 502 104 53 per
904 502 164 53 seipsum
1023 502 119 53 est,
1098 502 134 53 aliud
1172 502 75 53 au-

741 548 114 39 tem
806 548 147 39 scudm
904 548 212 39 accidens,
1067 548 114 39 sic
1133 548 82 39 &
1149 548 98 39 cau-

738 589 106 50 sam
798 589 196 50 contingit
949 589 136 50 esse.
1040 589 91 50 vt
1085 589 151 50 ipsius
1176 589 75 50 do-

739 629 107 54 mus
800 629 107 54 per
861 629 91 54 se
906 629 152 54 quidem
1013 629 137 54 causa
1105 629 107 54 est
1150 629 107 54 aedi-

740 674 171 48 ficatiuum,
874 674 146 48 secundum
984 674 146 48 accidens
1093 674 110 48 autem
1154 674 98 48 album,

742 717 101 50 aut
799 717 173 50 musicum.
929 717 144 50 itaque
1030 717 101 50 per
1088 717 87 50 se
1131 717 130 50 causa
1203 717 58 50 de

745 757 123 45 finita
831 757 98 45 est,
892 757 98 45 quae
954 757 98 45 vero
1015 757 148 45 secundum
1126 757 123 45 accuns
1212 757 74 45 in

742 798 178 43 definita.
879 798 164 43 infinita
1003 798 110 43 enim
1071 798 96 43 vni
1112 798 151 43 accident.

746 842 111 47 sicut
820 842 124 47 igitur
906 842 124 47 dictum
993 842 99 47 est,
1054 842 86 47 cum
1104 842 74 47 in
1141 842 99 47 iis,
1190 842 62 47 qua

741 885 126 54 porper
829 885 138 54 aliquid
930 885 126 54 fiunt,
1018 885 88 54 hoc
1068 885 113 54 siat,
1143 885 100 54 tunc
1193 885 63 54 di-

740 925 134 57 citur
830 925 75 57 a
859 925 134 57 casu,
949 925 75 57 &
979 925 75 57 a
994 925 149 57 fortuna.

783 965 122 62 Quod
859 965 152 62 igitur
966 965 107 62 est
1027 965 137 62 tale,
1118 965 107 62 cum
1164 965 91 62 fue-

742 1013 100 62 rit
799 1013 100 62 per
856 1013 185 62 accidens,
998 1013 157 62 dicemus
1112 1013 128 62 ipsum
1184 1013 71 62 fic

740 1061 97 61 ri
788 1061 145 61 casu.
885 1061 81 61 &
917 1061 226 61 quemadmodu
1095 1061 113 61 ens
1159 1061 129 61 quod

735 1109 122 61 dam
804 1109 122 61 est
874 1109 122 61 per
944 1109 105 61 se
996 1109 87 61 &
1031 1109 192 61 quoddam
1171 1109 122 61 per

745 1157 179 61 accidens,
883 1157 179 61 similiter
1021 1157 138 61 potest
1117 1157 110 61 esse
1172 1157 83 61 cau-

742 1212 103 59 sa.
801 1212 118 59 v.g.
875 1212 162 59 quoniam
992 1212 132 59 causa
1066 1212 191 59 essentialis

745 1257 130 57 domus
831 1257 101 57 est
889 1257 231 57 aedificator,
1063 1257 202 57 accidentalis

756 1301 120 61 vero
831 1301 180 61 musicus.
966 1301 75 61 &
996 1301 135 61 causa
1072 1301 195 61 essentialis

741 1351 111 52 est
804 1351 222 52 terminata,
979 1351 269 52 accidentalis,
1200 1351 127 52 vero
1264 1351 47 52 M

743 1400 93 64 no
790 1400 218 64 terminata.
961 1400 140 64 eidem
1055 1400 125 64 enim
1117 1400 140 64 possunt

744 1446 163 62 accidere
867 1446 177 62 infinita.
1003 1446 68 62 &
1030 1446 109 62 est,
1099 1446 123 62 sicut
1167 1446 95 62 dixi-

739 1493 118 66 mus,
813 1493 177 66 quoniam,
946 1493 133 66 quado
1035 1493 89 66 in
1079 1493 148 66 rebus,
1182 1493 118 66 quae

753 1546 110 56 unt
816 1546 172 56 propter
941 1546 188 56 aliquid,
1082 1546 156 56 fuerit
1176 1546 78 56 hoc

751 1601 121 50 quod
826 1601 227 50 narranimus,
1008 1601 106 50 iam
1068 1601 166 50 dicitur
1174 1601 91 50 esse

742 1640 126 58 tunc
821 1640 95 58 ex
869 1640 111 58 se,
932 1640 79 58 &
947 1640 111 58 casu.

789 1700 69 48 Et
823 1700 104 48 illa,
892 1700 92 48 quae
950 1700 92 48 sunt
1007 1700 104 48 talia
1076 1700 69 48 ex
1111 1700 115 48 rebus,
1191 1700 92 48 quae

750 1736 84 45 sunt
802 1736 105 45 perper
875 1736 126 45 aliquid,
969 1736 105 45 quando
1042 1736 63 45 ex
1074 1736 73 45 eis
1116 1736 73 45 sit
1157 1736 94 45 aliud
1210 1736 52 45 per

756 1786 141 33 accidens,
865 1786 120 33 dicitur
952 1786 87 33 quod
1006 1786 98 33 illud
1071 1786 76 33 fit
1115 1786 98 33 casu.
1180 1786 87 33 D.d.
1234 1786 54 33 &

740 1822 286 37 quemadnodum
968 1822 133 37 ens
1045 1822 209 37 quoddam
1178 1822 95 37 est

750 1854 110 53 per
813 1854 110 53 sei
876 1854 110 53 &c.
939 1854 95 53 i.
987 1854 79 53 &
1018 1854 236 53 quemadmodum
1191 1854 79 53 ens
