1416 2066
165 173 134 61 nides
255 173 194 61 composuit
404 173 239 61 syllogismum,
583 173 105 61 &ideo

187 220 109 51 forte
260 220 145 51 intendit
369 220 85 51 per
417 220 97 51 hoc,
478 220 97 51 quod
538 220 121 51 dixit:
623 220 61 51 &
635 220 61 51 hoc

182 258 124 48 modo
259 258 201 48 sermonum.
413 258 93 48 i.
459 258 201 48 sermones,
598 258 93 48 qui-

176 297 101 41 bus
233 297 115 41 vsus
305 297 101 41 est
363 297 87 41 in
406 297 231 41 destructione
580 297 115 41 conclu

184 333 142 45 sionis
283 333 142 45 absque
382 333 213 45 sermonibus,
552 333 85 45 ex
581 333 113 45 quibus

185 372 200 49 concluserunt
348 372 100 49 eam.
411 372 138 49 videmus
511 372 100 49 enim
574 372 100 49 quod
624 372 75 49 ser-

180 413 152 37 monum,
286 413 152 37 quibus
392 413 121 37 vsus
468 413 106 37 est
528 413 91 37 in
559 413 136 37 destru-

188 448 151 43 ctione
294 448 257 43 conclusionis,
505 448 136 43 eorum
580 448 121 43 quidam

185 489 110 50 sunt
254 489 151 50 fundati
363 489 123 50 super
446 489 233 50 propositiones
624 489 68 50 pro

186 525 148 39 babiles,
296 525 62 39 &
321 525 197 39 contradictio
481 525 86 39 est
530 525 148 39 communis
629 525 62 39 eis

187 565 74 37 &
217 565 148 37 quidam
321 565 119 37 sunt
395 565 193 37 sermones,
544 565 89 37 ex
573 565 119 37 quibus

189 599 195 52 concluditur
345 599 208 52 improbabile,
515 599 65 52 &
528 599 169 52 impossibile

180 644 78 38 a
212 644 220 38 Parmenide,
384 644 78 38 &
416 644 110 38 est
478 644 173 38 propria
588 644 110 38 Parme

183 678 134 45 nidi.
273 678 89 45 In
317 678 268 45 contradictione
541 678 119 45 vero
601 678 104 45 Melis

186 717 86 51 si
229 717 128 51 nulla
314 717 228 51 propositione
499 717 128 51 earum
571 717 128 51 vtitur,

190 757 110 54 quas
259 757 124 54 ponit
342 757 83 54 in
383 757 96 54 suo
438 757 152 54 systio,
548 757 110 54 quia
604 757 96 54 omnes

192 793 103 48 iunt
256 793 193 48 aequiuocae.
411 793 90 48 Et,
462 793 90 48 cum
514 793 154 48 narrauit
617 793 77 48 quod

185 832 106 43 isti
251 832 185 43 conueniunt
397 832 79 43 in
436 832 106 43 hoc,
502 832 106 43 quod
555 832 146 43 corruptio

191 872 171 49 syllogismi
325 872 110 49 eorum
398 872 85 49 est
447 872 146 49 secundum
557 872 159 49 materiam,
666 872 37 49 &

186 906 164 40 formani,
309 906 68 40 &
336 906 96 40 iam
391 906 205 40 notificauit
555 906 96 40 hoc
609 906 82 40 in
637 906 68 40 syl

188 944 152 52 logismo
299 944 166 52 Melissi,
423 944 166 52 incoepit
534 944 166 52 notificare

189 982 100 44 hoc
246 982 85 44 in
288 982 128 44 systo
374 982 213 44 Parmenidis,
544 982 71 44 &
573 982 142 44 dixit:
658 982 43 44 &

189 1025 185 41 Manifestum
334 1025 92 41 est
387 1025 106 41 quod
453 1025 92 41 est
506 1025 145 41 falsus,
612 1025 66 41 &
638 1025 92 41 non

186 1059 204 53 concludens.
350 1059 82 53 i.
390 1059 68 53 &
418 1059 190 53 manifestum
567 1059 95 53 est
621 1059 109 53 quod

192 1098 205 46 ppositiones
356 1098 96 46 sui
411 1098 191 46 syllogismi
561 1098 109 46 sunt
616 1098 82 46 fal-

196 1137 89 41 tae,
252 1137 56 41 &
274 1137 89 41 quod
330 1137 145 41 syllectus
441 1137 78 41 est
486 1137 78 41 non
531 1137 156 41 concludens
642 1137 56 41 il-

188 1175 125 46 lud,
266 1175 125 46 quod
344 1175 218 46 intendebat
500 1175 202 46 concludere,

193 1212 140 50 quoniam
295 1212 216 50 propositiones
473 1212 102 50 eius
537 1212 102 50 sunt
588 1212 114 50 falsae:

196 1259 100 44 quia
258 1259 125 44 vtitur
346 1259 88 44 hoc
396 1259 100 44 nole
458 1259 100 44 ens,
521 1259 88 44 ita
571 1259 100 44 quod
621 1259 88 44 dicit

192 1291 83 40 de
234 1291 96 40 vna
289 1291 207 40 intentione,
454 1291 96 40 sed
509 1291 138 40 dictum
606 1291 96 40 est
647 1291 55 40 de

202 1329 125 39 pluribus
295 1329 125 39 scilicet
389 1329 63 39 in
421 1329 83 39 hoc,
473 1329 83 39 quod
525 1329 104 39 dixit,
598 1329 83 39 quod
639 1329 63 39 que-

196 1361 107 54 quid
262 1361 93 54 est
316 1361 107 54 pter
383 1361 93 54 ens
436 1361 93 54 est
489 1361 93 54 non
543 1361 107 54 ens:
610 1361 67 54 &
623 1361 80 54 que-

199 1404 100 50 quid
262 1404 88 50 est
312 1404 88 50 non
362 1404 88 50 ens
412 1404 88 50 est
462 1404 125 50 nihil:
550 1404 138 50 quoniam
637 1404 63 50 hoc

194 1445 111 39 nomen
268 1445 99 39 ens,
330 1445 62 39 &
355 1445 87 39 non
404 1445 87 39 ens
454 1445 173 39 dicituntur
590 1445 74 39 de
614 1445 87 39 decen

197 1483 267 51 praedicamentis.
422 1483 98 51 Cum
478 1483 141 51 igitur
562 1483 141 51 intendi-

188 1519 109 43 mus
251 1519 109 43 per
313 1519 109 43 hoc
375 1519 140 43 nomen
469 1519 109 43 ens
531 1519 125 43 vnum
593 1519 109 43 decem

195 1559 277 49 pdicamentorum.
426 1559 92 49 v.
472 1559 92 49 g.
503 1559 200 49 Substantia,

189 1605 109 44 aut
251 1605 186 44 Quantum,
390 1605 124 44 tunc
468 1605 109 44 non
530 1605 124 44 erit
592 1605 109 44 verum

197 1637 132 38 dicere,
293 1637 96 38 quod
353 1637 144 38 quicquid
461 1637 84 38 est
509 1637 84 38 non
557 1637 84 38 ens
605 1637 84 38 est
641 1637 60 38 ni-

196 1674 91 53 hil:
252 1674 125 53 quoniam
343 1674 80 53 non
389 1674 136 53 sequitur
491 1674 68 53 vt
525 1674 114 53 illud,
605 1674 91 53 quid
650 1674 57 53 est

191 1717 103 48 non
250 1717 176 48 quantum,
382 1717 132 48 neque
471 1717 221 48 substantia,
632 1717 74 48 sit

196 1750 142 52 nihil.
295 1750 114 52 ergo
366 1750 241 52 propositiones
565 1750 114 52 eius
636 1750 99 52 non

196 1788 113 38 sunt
267 1788 142 38 verae,
366 1788 127 38 nisi,
451 1788 99 38 cum
493 1788 170 38 intenderim

188 1829 108 53 hoc
249 1829 139 53 nomen
342 1829 108 53 ens
403 1829 139 53 omnia
495 1829 139 53 decem
572 1829 139 53 pdiamen

711 172 95 54 ta.
766 172 95 54 sed
820 172 109 54 tunc
888 172 95 54 non
943 172 177 54 concludet
1079 172 136 54 illud,
1160 172 82 54 quid

711 219 134 39 nitebatur
814 219 155 39 concludere,
937 219 124 39 scilicet
1030 219 82 39 quod
1082 219 72 39 ens
1123 219 72 39 est
1154 219 72 39 vnum.

709 258 116 50 sed,
782 258 102 50 cum
840 258 131 50 istae
928 258 247 50 propositiones
1117 258 116 50 ponent

715 296 112 42 illo
785 296 127 42 modo,
870 296 98 42 quo
926 296 112 42 sunt
996 296 141 42 verae,
1080 296 141 42 sequetur

720 336 89 35 vt
765 336 104 35 ens
824 336 104 35 sit
884 336 164 35 multum.
1003 336 104 35 Et,
1063 336 104 35 cum
1108 336 104 35 narra

707 372 103 51 uit
766 372 235 51 corruptionem
957 372 206 51 existentem
1119 372 88 51 in
1148 372 74 51 syl

710 409 153 53 logismo
821 409 111 53 eius
891 409 84 53 ex
933 409 278 53 propositionibus,
1155 409 70 53 re-

718 449 143 50 uersus
818 449 100 50 est
875 449 86 50 ad
918 449 215 50 declarandum
1076 449 157 50 corruptio

714 492 93 38 nem
767 492 106 38 eius
833 492 80 38 ex
873 492 146 38 figura,
979 492 66 38 &
1006 492 133 38 dixit.
1098 492 93 38 Est
1138 492 93 38 autem

712 526 95 44 non
767 526 204 44 concludens,
930 526 95 44 &c.
985 526 82 44 i.
1026 526 95 44 est
1080 526 123 44 autem
1162 526 95 44 non

716 573 212 30 concludens
883 573 152 30 illud,
989 573 121 30 quod
1049 573 182 30 intendebat

716 605 168 37 concludere,
850 605 134 37 scilicet
951 605 90 37 quod
1007 605 78 37 ens
1052 605 78 37 est
1097 605 90 37 vnum
1153 605 67 37 in
1175 605 56 37 nu-

713 641 126 41 mero.
797 641 154 41 quoniam
909 641 196 41 manifestum
1063 641 98 41 est
1119 641 84 41 ex
1147 641 84 41 hoc,

717 680 125 46 quod,
800 680 83 46 si
842 680 194 46 posuerimus
994 680 111 46 loco
1063 680 125 46 huius
1132 680 97 46 nomi-

716 717 106 51 nis
776 717 106 51 ens
837 717 106 51 hoc
898 717 136 51 nomen
989 717 152 51 album,
1095 717 76 51 &
1110 717 121 51 accepe

718 754 143 51 rimus,
818 754 114 51 quod
889 754 100 51 hoc
946 754 129 51 nomen
1032 754 129 51 album
1103 754 129 51 signifi

718 793 81 47 cet
765 793 93 47 idem
823 793 70 47 de
858 793 116 47 albis,
939 793 104 47 sicut
1009 793 93 47 ipse
1067 793 128 47 accepit
1159 793 93 47 quod

721 834 108 48 hoc
782 834 139 48 nomen
875 834 108 48 ens
937 834 216 48 significet
1107 834 124 48 idem
1168 834 62 48 de

727 869 149 48 entibus,
838 869 62 48 &
863 869 174 48 posuerimus
1000 869 99 48 quod
1062 869 112 48 nihil
1136 869 87 48 est
1173 869 50 48 pr

716 908 108 47 ter
777 908 154 47 album,
885 908 77 47 &
916 908 262 47 composuerimus
1116 908 108 47 syllo

726 946 139 48 vismum
824 946 112 48 sic,
893 946 167 48 Quicquid
1019 946 98 48 est
1075 946 153 48 praeter
1172 946 56 48 al

718 983 106 52 bum
778 983 106 52 est
839 983 106 52 non
900 983 152 52 album:
1006 983 76 52 &
1036 983 182 52 quicquid
1157 983 76 52 est

715 1021 105 44 non
775 1021 135 44 album
865 1021 105 44 est
925 1021 150 44 nihil:
1029 1021 120 44 ergo
1089 1021 150 44 quicquid

717 1061 101 45 est
774 1061 115 45 pter
846 1061 130 45 album
933 1061 101 45 est
990 1061 144 45 nihil:
1091 1061 101 45 aut
1134 1061 101 45 solum

716 1101 126 37 album
800 1101 98 37 est
856 1101 112 37 ens,
926 1101 84 37 si
968 1101 238 37 coniunxerimus
1149 1101 84 37 huic

717 1141 296 38 conclusionialiam
969 1141 266 38 propositionem,
1191 1141 74 38 &

718 1176 87 50 est,
772 1176 87 50 quod
826 1176 130 50 quicquid
924 1176 76 50 est
967 1176 119 50 praeter
1054 1176 87 50 quod
1108 1176 97 50 nihil
1162 1176 65 50 est,

717 1213 122 41 solum
799 1213 95 41 est
853 1213 108 41 ens:
920 1213 68 41 &
947 1213 189 41 manifestum
1096 1213 95 41 est
1150 1213 108 41 quod

719 1252 85 38 ex
761 1252 99 38 hoc
818 1252 213 38 enunciabili
988 1252 128 38 album
1073 1252 128 38 solum
1144 1252 85 38 esse

714 1288 113 42 non
778 1288 193 42 sequitur
923 1288 145 42 album
1020 1288 129 42 esse
1100 1288 129 42 vnum
1165 1288 64 42 nu

719 1331 117 48 mero,
797 1331 104 48 nisi
862 1331 169 48 contingat
992 1331 78 48 vt
1031 1331 117 48 album
1109 1331 91 48 sit
1148 1331 78 48 vnum

724 1366 132 37 secundum
823 1366 209 37 continuationem,
998 1366 77 37 aut
1042 1366 132 37 secundum
1130 1366 99 37 defini-

716 1407 157 47 tionem,
830 1407 72 47 &
859 1407 100 47 hoc
916 1407 100 47 per
973 1407 186 47 accidens.
1116 1407 86 47 &,
1145 1407 86 47 quia

715 1437 207 58 manifestum
878 1437 118 58 est,
951 1437 118 58 quod
1025 1437 133 58 album
1114 1437 103 58 non
1158 1437 74 58 est

724 1481 120 41 vnum
799 1481 180 41 secundum
934 1481 284 41 continuationem,
1158 1481 75 41 ne-

726 1517 84 52 que
774 1517 144 52 secundum
882 1517 204 52 definitionem,
1049 1517 168 52 declaratum
1169 1517 60 52 est

715 1557 78 44 ex
754 1557 91 44 hoc
806 1557 157 44 exemplo,
924 1557 104 44 quod
989 1557 104 44 iste
1054 1557 117 44 sermo
1133 1557 91 44 non
1172 1557 65 44 est

720 1597 214 54 concludens
888 1597 153 54 illud,
995 1597 122 54 quod
1056 1597 183 54 intendebat

722 1637 210 37 concludere.
890 1637 126 37 album
974 1637 112 37 enim
1045 1637 98 37 non
1101 1637 98 37 est
1143 1637 84 37 vnum

727 1677 113 45 ecundum
809 1677 194 45 continuationem,
972 1677 92 45 neque
1034 1677 123 45 secundum
1115 1677 113 45 rationem,

725 1711 68 43 i.
759 1711 136 43 secundum
861 1711 193 43 definitionem.
1020 1711 102 43 Sermo
1089 1711 91 43 enim
1134 1711 91 43 conclu

715 1756 117 38 dens
788 1756 102 38 per
847 1756 88 38 se
890 1756 131 38 debet
978 1756 204 38 concludere
1138 1756 88 38 in
1168 1756 58 38 om

720 1796 79 39 ni
759 1796 158 39 materia.
878 1796 66 39 &
904 1796 92 39 est
957 1796 184 39 manifestum
1101 1796 105 39 quod
1154 1796 79 39 ser-

722 1829 94 45 mo,
775 1829 94 45 qui
829 1829 174 45 concludit
962 1829 147 45 aliquid
1069 1829 107 45 esse
1123 1829 107 45 solum,
