1416 2066
174 180 88 46 Et,
225 180 88 46 cum
275 180 189 46 notificanit
427 180 101 46 quod
490 180 126 46 illud,
578 180 101 46 quid
629 180 63 46 est

168 224 94 42 ante
227 224 106 42 finem
298 224 141 42 secundum
404 224 118 42 primum
486 224 118 42 modum,
568 224 82 42 est
604 224 82 42 notum

181 260 80 51 cum
226 260 103 51 fine,
295 260 161 51 declarauit
421 260 92 51 quod
479 260 80 51 ita
524 260 80 51 est
570 260 69 51 in
593 260 92 51 secun-

173 297 77 49 do
212 297 116 49 modo,
289 297 64 49 &
314 297 103 49 quod
379 297 116 49 eadem
456 297 90 49 est
507 297 116 49 causa
584 297 77 49 in
610 297 77 49 hoc,

214 346 106 56 Duae
280 346 159 56 igiturus
399 346 106 56 sunt
466 346 133 56 artes,
558 346 106 56 quae
611 346 80 56 domi

180 389 134 53 nantur
274 389 107 53 ipsi
341 389 175 53 materiae,
475 389 67 53 &
502 389 107 53 quae
569 389 107 53 sunt
623 389 67 53 co-

174 428 210 54 gnoscentes,
342 428 98 54 ea,
398 428 112 54 quae
467 428 154 54 vtitur,
579 428 70 54 &
593 428 98 54 facti

174 476 108 38 ua,
235 476 124 38 quae
313 476 278 38 Architectonica
545 476 108 38 est
591 476 93 38 qua-

170 511 121 53 pper
245 511 76 53 &
276 511 121 53 quae
351 511 151 53 vtitur
442 511 242 53 Architectonica

173 556 200 53 quodammodo
330 556 114 53 est.
401 556 157 53 differt
515 556 143 53 autem,
600 556 86 53 quae

174 597 131 55 tenus
262 597 116 55 haec
335 597 160 55 quidem,
451 597 116 55 quae
524 597 146 55 formam
611 597 73 55 co-

167 636 185 55 gnoscit,
306 636 278 55 Architectonica
537 636 124 55 est,
599 636 93 55 alia

176 676 139 54 autem
268 676 93 54 vt
315 676 201 54 effectrix
469 676 201 54 materiae.
608 676 77 54 gu-

173 719 171 43 bernator
301 719 114 43 enim
372 719 142 43 qualis
472 719 100 43 sit
528 719 128 43 forma
600 719 85 43 ali-

175 765 112 46 qua
239 765 176 46 temonis
367 765 224 46 cognoscit,
542 765 80 46 &
558 765 128 46 praeci

175 805 122 47 pit,
251 805 137 47 alius
343 805 137 47 autem
434 805 92 47 ex
480 805 107 47 quo
541 805 153 47 ligno.
633 805 61 47 et

171 845 152 56 quibus
277 845 91 56 ex
323 845 167 56 motibus
444 845 121 56 est.
520 845 91 56 In
566 845 106 56 ijs
611 845 76 56 igi

175 894 100 45 tur,
238 894 100 45 quae
301 894 100 45 sunt
364 894 151 45 secundum
477 894 126 45 artem,
565 894 88 45 nos
602 894 88 45 faci-

171 929 114 49 mus
236 929 196 49 materiam
383 929 180 49 propter
513 929 147 49 opus,
611 929 114 49 sed

168 967 97 52 in
216 967 194 52 Physicis
345 967 97 52 est.

216 1013 92 53 Et
262 1013 138 53 artes
354 1013 230 53 continentes
522 1013 169 53 materiam,

167 1057 74 61 &
197 1057 238 61 cognoscentes
390 1057 134 61 illam
480 1057 119 61 sunt
554 1057 134 61 duae:
628 1057 60 61 et

175 1116 92 47 de
221 1116 123 47 arte
297 1116 230 47 operationis
481 1116 107 47 est
527 1116 169 47 Oeometria

173 1153 229 63 operatiua:
352 1153 82 63 &
385 1153 131 63 ideo
466 1153 114 63 ars
515 1153 180 63 operatiua

173 1197 249 61 attribuitur
372 1197 149 61 etiam
472 1197 166 61 quodam
588 1197 133 61 modo

170 1248 201 61 Oeometriae
328 1248 201 61 operatiua.
486 1248 101 61 sed
543 1248 129 61 tamen
615 1248 72 61 di-

176 1293 162 53 ferunt:
294 1293 118 53 illa
367 1293 118 53 enim
441 1293 221 53 attribuitur
603 1293 88 53 Geo-

156 1341 173 62 metriae
282 1341 235 62 operatiuae,
470 1341 188 62 secundum
596 1341 94 62 quod

177 1389 189 61 cognoscit
323 1389 160 61 formam,
439 1389 116 61 ista
512 1389 131 61 autem
584 1389 102 61 seci-

176 1437 113 64 dum
240 1437 129 64 quod
321 1437 129 64 scit
401 1437 209 64 materiam,
546 1437 145 64 guberna

175 1485 113 62 tor
240 1485 130 62 enim
321 1485 130 62 scit
402 1485 162 62 formam
515 1485 146 62 remi,
596 1485 97 62 quo-

171 1532 118 65 modo
245 1532 133 65 debet
334 1532 133 65 esse,
422 1532 74 65 &
452 1532 192 65 praecipit
585 1532 103 65 fieri

172 1580 205 62 huiusmodi,
334 1580 73 62 &
363 1580 117 62 ista
437 1580 117 62 alia
510 1580 117 62 scit
583 1580 88 62 de
613 1580 73 62 qui

174 1628 104 63 bus
233 1628 163 63 lignis,
352 1628 74 63 &
381 1628 148 63 quibus
485 1628 163 63 motibus
603 1628 118 63 per.

175 1677 170 60 ficitur.
302 1677 113 60 Quod
373 1677 99 60 aut
430 1677 99 60 fit
487 1677 99 60 per
543 1677 128 60 arte,
614 1677 71 60 nos

177 1725 157 56 facimus
291 1725 157 56 materia
405 1725 86 56 in
448 1725 114 56 illa
520 1725 157 56 propter
620 1725 71 56 il-

171 1773 119 45 lud,
245 1773 119 45 quod
320 1773 223 45 intendimus,
498 1773 89 45 in
542 1773 134 45 rehus
617 1773 74 45 aut

171 1818 226 64 Naturalibus
351 1818 105 64 est
397 1818 165 64 existens.

748 181 131 54 Artes
836 181 204 54 operatiuae
996 181 116 54 sunt
1069 181 145 54 duobus
1156 181 58 54 mo

711 220 99 38 dis,
773 220 87 38 aut
822 220 161 38 facientes
946 220 186 38 artificium,
1095 220 87 38 aut
1132 220 87 38 vten-

706 264 77 42 tes
750 264 100 42 illo.
817 264 55 42 &
839 264 89 42 sunt
894 264 166 42 principales
1027 264 133 42 scilicet
1126 264 89 42 quia
1171 264 44 42 p-

702 297 142 50 cipiunt
805 297 103 50 eis,
870 297 103 50 quae
934 297 103 50 sunt
999 297 90 50 sub
1050 297 90 50 eis
1089 297 129 50 operari-

709 336 79 37 &,
748 336 92 37 cum
801 336 105 37 ars,
866 336 105 37 quae
932 336 92 37 est
984 336 92 37 sub
1037 336 105 37 eis,
1089 336 131 37 perficit

701 373 238 52 operationem,
894 373 119 52 tunc
969 373 223 52 principalis
1132 373 89 52 vtit

711 413 85 46 eo,
759 413 97 46 quod
820 413 121 46 fecit.
905 413 85 46 Et,
954 413 97 46 quia
1015 413 97 46 poet
1075 413 134 46 aliquis
1160 413 61 46 di-

711 447 96 52 cere
771 447 96 52 quod
831 447 108 52 istae
904 447 108 52 artes
976 447 84 52 non
1024 447 120 52 sciunt
1096 447 133 52 materiam,

702 488 174 49 fncoepit
833 488 189 49 declarare
978 488 116 49 quod
1051 488 131 49 istae
1123 488 102 49 etiam

706 525 149 37 sciunt
810 525 194 37 materiam:
960 525 75 37 &
989 525 134 37 istam
1079 525 134 37 vocat
1153 525 75 37 Geo

702 565 166 37 metriam
822 565 226 37 operatiuam:
1003 565 166 37 &dixit:
1124 565 90 37 Et
1154 565 75 37 ar-

706 604 92 49 tes
758 604 209 49 continentes,
928 604 92 49 &c.
981 604 78 49 i.
1020 604 209 49 cognoscentes
1177 604 52 49 ma

708 640 150 42 teriam,
818 640 96 42 non
872 640 177 42 facientes
1009 640 109 42 eam,
1077 640 109 42 sunt
1131 640 96 42 duae.

711 678 77 56 vna
755 678 99 56 autem
821 678 88 56 est,
876 678 88 56 quae
931 678 121 56 vtitur,
1018 678 88 56 quae
1073 678 77 56 non
1117 678 99 56 facit
1172 678 55 56 for

707 717 89 50 mam,
762 717 100 50 neque
829 717 89 50 mam,
884 717 78 50 sed
929 717 122 50 pecipit
1017 717 100 50 illi,
1084 717 89 50 quae
1139 717 78 50 est
1173 717 55 50 sub

708 757 128 37 opari:
798 757 64 37 &
824 757 103 37 ista
888 757 141 37 dicitur
990 757 167 37 Geometria
1106 757 115 37 ouatio-

704 792 75 51 num
747 792 171 51 simpiescile,
886 792 53 51 &
907 792 160 51 principalis
1035 792 171 51 simpeititer.
1164 792 53 51 Se-

710 837 113 45 cunda
786 837 101 45 vero
849 837 88 45 est
899 837 176 45 quodammodo
1038 837 126 45 vtens.
1126 837 76 45 i.
1151 837 76 45 prae

700 871 140 44 cipit,
798 871 70 44 &
826 871 196 44 quodammodo
981 871 140 44 facit.
1079 871 70 44 &
1107 871 98 44 hoc
1149 871 70 44 in-

708 910 179 42 tendebat,
846 910 97 42 cum
901 910 138 42 dixit,
998 910 69 42 &
1026 910 83 42 de
1067 910 110 42 arte
1122 910 97 42 opera

704 949 115 45 tiua
776 949 101 45 est
833 949 187 45 Geometria
977 949 173 45 opatiua.
1107 949 72 45 &
1136 949 86 45 q.
1164 949 58 45 d.

712 989 61 45 &
736 989 73 45 de
773 989 98 45 arte
834 989 159 45 operatiua
956 989 86 45 est
1005 989 98 45 ars,
1066 989 98 45 quae
1115 989 110 45 vtitur,

704 1028 123 38 idest
786 1028 191 38 praecipit.
936 1028 136 38 Deinde
1032 1028 136 38 dicit,
1127 1028 68 38 &
1141 1028 82 38 ideo

704 1066 105 49 ars,
769 1066 105 49 quae
835 1066 144 49 vtitur,
940 1066 131 49 &caet.
1032 1066 66 49 &
1058 1066 79 49 si
1097 1066 92 49 sit
1136 1066 79 49 ope-

710 1105 131 42 rans,
798 1105 131 42 tamen
885 1105 218 42 attribuitur
1045 1105 174 42 Ceometriae

713 1143 144 45 operationum
829 1143 115 45 secundum
915 1143 77 45 quod
963 1143 106 45 vtitur,
1040 1143 67 45 non
1079 1143 115 45 secundum
1165 1143 77 45 quod

708 1180 135 54 facit.
802 1180 94 54 Et,
856 1180 108 54 quia
923 1180 148 54 vtraque
1031 1180 94 54 ars
1084 1180 94 54 est
1125 1180 94 54 Oeome

710 1221 97 49 tria
770 1221 170 49 opationum,
904 1221 145 49 incoepit
1013 1221 121 49 facere
1086 1221 133 49 dicituras

709 1252 104 46 inter
778 1252 115 46 illas,
858 1252 58 46 &
881 1252 69 46 d.
916 1252 81 46 sed
962 1252 161 46 differunt,
1088 1252 81 46 &c.
1134 1252 69 46 i.
1169 1252 81 46 sed

704 1292 91 53 hae
756 1292 104 53 duae
821 1292 117 53 artes
899 1292 182 53 differunt.
1041 1292 143 53 quoniam
1132 1292 91 53 prima

713 1332 209 50 principalis
880 1332 126 50 nouit
964 1332 153 50 formam,
1076 1332 70 50 &
1104 1332 167 50 precipit
1215 1332 42 50 E

704 1379 102 32 iuxta
772 1379 114 32 illam,
852 1379 57 32 &
874 1379 148 32 similiter
988 1379 148 32 materiam:
1102 1379 91 32 alia
1147 1379 80 32 autem

705 1412 117 38 nouit
783 1412 169 38 materiam,
913 1412 65 38 &
939 1412 169 38 praecipit
1070 1412 117 38 circa
1135 1412 91 38 illam

707 1453 133 37 tamtum,
803 1453 120 37 formam
888 1453 108 37 autem
960 1453 120 37 facit.
1044 1453 145 37 D.iduxit
1141 1453 84 37 exen-

703 1487 119 52 plum
778 1487 89 52 de
822 1487 149 52 duabus
926 1487 179 52 artibus,
1060 1487 74 52 &
1090 1487 89 52 d.
1120 1487 104 52 guber

709 1524 110 49 nator
782 1524 110 49 enim,
856 1524 86 49 &c.
905 1524 73 49 i.
941 1524 61 49 &
966 1524 98 49 ats,
1027 1524 98 49 quae
1088 1524 122 49 vtitur
1162 1524 61 49 sim

713 1563 152 39 pliciter,
830 1563 93 39 quae
888 1563 93 39 scit
947 1563 152 39 vtrumque,
1064 1563 82 39 est
1110 1563 105 39 sicut
1169 1563 58 39 ars

701 1600 210 51 gubernandi
866 1600 150 51 nauem:
971 1600 120 51 scit
1046 1600 120 51 enim
1106 1600 120 51 formam

708 1642 119 46 remi,
787 1642 106 46 quae
854 1642 119 46 debet
933 1642 119 46 esse,
1013 1642 66 46 &
1039 1642 172 46 praecipit
1159 1642 66 46 ip-

702 1676 83 47 sum
750 1676 107 47 fieri
821 1676 142 47 secundum
927 1676 107 47 illam
998 1676 130 47 formam.
1093 1676 95 47 ista
1140 1676 83 47 autem

706 1716 115 50 alia
777 1716 115 50 ars,
849 1716 115 50 quae
921 1716 144 50 vtitur
1022 1716 144 50 quodam
1122 1716 129 50 modo,

704 1750 65 44 &
730 1750 117 44 facit
808 1750 104 44 alio
873 1750 117 44 modo,
951 1750 91 44 est
1002 1750 117 44 sicut
1080 1750 91 44 ars
1119 1750 104 44 faciem

703 1790 77 44 di
742 1790 128 44 naues:
831 1790 102 44 ista
895 1790 102 44 enim
959 1790 115 44 facit
1035 1790 141 44 formam,
1138 1790 64 44 &
1150 1790 77 44 scit

700 1828 115 55 maum.
777 1828 102 55 scit
841 1828 102 55 enim
905 1828 77 55 ex
943 1828 128 55 quibus
1032 1828 128 55 lignis
1122 1828 102 55 erit
1173 1828 51 55 me
