1416 2066
228 164 67 39 sa
261 164 55 39 &
283 164 177 39 indistincta.
427 164 55 39 &
450 164 111 39 talis,
527 164 67 39 si
561 164 111 39 fuerit
627 164 122 39 complexa.

230 199 138 35 habetur
330 199 225 35 demonstratione
517 199 125 35 signi,
605 199 88 35 vel
642 199 100 35 aliqua

230 232 78 29 via
274 232 156 29 consimili.
397 232 67 29 si
431 232 167 29 incomplexa,
565 232 123 29 habetur
654 232 78 29 per
687 232 56 29 de-

233 260 169 34 finitionem
366 260 97 34 quid
426 260 145 34 nominis,
535 260 85 34 vel
584 260 85 34 per
620 260 121 34 aliquidi

229 293 64 31 li
261 293 117 31 simile.
347 293 53 31 &
368 293 85 31 est,
421 293 107 31 quando
496 293 85 31 homo
549 293 139 31 cognoscit
645 293 96 31 aliquid

222 323 116 33 solum
299 323 90 33 quo
351 323 77 33 ad
389 323 103 33 quid
453 323 154 33 nominis.
569 323 103 33 Alia
633 323 103 33 vero
685 323 64 33 est

224 357 135 40 cognitio
325 357 157 40 distincta.
449 357 56 40 &
471 357 90 40 ista
527 357 135 40 procedit
629 357 56 40 a
640 357 101 40 causis,

228 386 60 42 &
252 386 60 42 a
276 386 108 42 rebus
348 386 132 42 naturae
444 386 168 42 prioribus,
577 386 60 42 &
589 386 156 42 notioribus.

225 417 59 36 &
249 417 94 36 ista
307 417 129 36 habetur
401 417 82 36 per
448 417 188 36 definitionem
601 417 94 36 quid
659 417 94 36 rei,
706 417 47 36 si

228 448 165 43 incomplexa
358 448 130 43 fuerit:
453 448 83 43 vel
500 448 83 43 per
535 448 213 43 demonstrationem,

227 478 55 36 a
249 478 121 36 priori,
337 478 66 36 si
370 478 110 36 fuerit
447 478 143 36 complexa.
557 478 154 36 praecipuae
667 478 77 36 autem

232 516 135 30 mouetur
330 516 147 30 quaestio
440 516 73 30 de
477 516 171 30 cognitione
611 516 135 30 confusa
697 516 49 30 in

231 545 161 32 complexa:
355 545 112 32 licet
429 545 112 32 etiam
503 545 74 32 de
540 545 149 32 complexa
639 545 112 32 dicemus

228 572 122 38 illud,
313 572 97 38 quod
374 572 110 38 nobis
447 572 146 38 apparet.
557 572 97 38 Haec
617 572 73 38 de
642 572 85 38 primo

253 605 153 29 Quantum
364 605 83 29 ad
406 605 167 29 secundum
531 605 194 29 principale
670 605 83 29 inue

233 636 97 32 nio
288 636 152 32 hurleum
399 636 69 32 &
427 636 180 32 Gregorium
551 636 194 32 Ariminensem,

229 668 109 37 quem
298 668 178 37 Nominales
434 668 191 37 praecipuum
585 668 150 37 habent,
681 668 68 37 qui

233 697 66 42 in
266 697 98 42 primo
331 697 175 42 sententiarum
474 697 186 42 distinctione.
627 697 66 42 3.
649 697 98 42 quaest.

230 727 61 42 i.
260 727 92 42 arti.
322 727 61 42 2.
352 727 92 42 tenet
413 727 82 42 quod
464 727 133 42 singulare
567 727 71 42 est
607 727 92 42 primo
658 727 82 42 cogni-

230 759 85 35 tum
279 759 73 35 in
315 759 171 35 cognitione
449 759 146 35 confusa,
559 759 98 35 siue
608 759 134 35 complexa.

230 790 95 37 siue
290 790 167 37 incomplexa
421 790 131 37 fuerit:
516 790 107 37 motus
588 790 119 37 varijs
660 790 84 37 argu-

232 821 115 40 mentis
313 821 58 40 &
336 821 173 40 rationibus.
474 821 138 40 Supponit
578 821 104 40 autem
647 821 69 40 in
670 821 69 40 pri-

221 859 98 32 mis
277 859 112 32 vnum
347 859 84 32 de
389 859 196 32 intentione
530 859 210 32 Commentatoris

234 886 76 43 quod
282 886 134 43 vniversale
387 886 67 43 non
425 886 67 43 est
463 886 105 43 aliquid
540 886 86 43 extra
587 886 153 43 animamexistens

226 915 83 35 sed
274 915 83 35 est
321 915 154 35 conceptus
439 915 130 35 fictus,
534 915 83 35 seu
581 915 142 35 formatus
676 915 71 35 per-

225 946 146 41 animam
327 946 175 41 communis
459 946 189 41 pluribus,
604 946 87 41 de
633 946 117 41 quibus

226 980 178 38 praedicatur.
371 980 78 38 quo
415 980 145 38 supposito
526 980 122 38 stante,
615 980 111 38 probat
682 980 67 38 pro-

229 1013 114 33 positum
311 1013 83 33 suum
363 1013 83 33 sic.
415 1013 124 33 Antequam
508 1013 166 33 vniversalite
632 1013 114 33 formetur,

229 1044 80 36 seu
274 1044 137 36 fingatur
377 1044 68 36 ab
411 1044 171 36 intellectu,
548 1044 126 36 aliquod
628 1044 114 36 singuia-

228 1076 70 36 re
263 1076 82 36 est
310 1076 153 36 cognitum:
428 1076 117 36 igitur
510 1076 153 36 singulate
628 1076 82 36 est
663 1076 82 36 primo

227 1101 151 37 cognitum
341 1101 75 37 ab
378 1101 189 37 intellectu.
529 1101 201 37 consequentia
680 1101 63 37 est

230 1140 172 39 manifesta:
365 1140 61 39 &
389 1140 172 39 antecedens
524 1140 147 39 probatur
635 1140 74 39 ab
659 1140 86 39 ipso.

233 1165 90 38 quia
289 1165 168 38 impossibile
424 1165 90 38 est,
480 1165 67 38 vt
513 1165 101 38 dicit
581 1165 168 38 abstrabere,
715 1165 56 38 &

232 1195 144 44 fingere
337 1195 144 44 aliquem
442 1195 170 44 conceptum
573 1195 79 44 ab
599 1195 144 44 aliquibus

232 1229 105 41 rebus,
306 1229 84 41 nisi
359 1229 95 41 illae
422 1229 84 41 res,
475 1229 74 41 vel
517 1229 105 41 aliqua
591 1229 95 41 earum
654 1229 84 41 sint
696 1229 53 41 ap-

231 1261 153 36 prehensae:
351 1261 120 36 quoniam
439 1261 66 36 de
472 1261 98 36 rebus
537 1261 109 36 omnino
614 1261 120 36 ignotis
690 1261 55 36 nul

232 1290 80 40 lus
277 1290 148 40 conceptus
391 1290 114 40 omnino
471 1290 126 40 formari
562 1290 91 40 pot.
620 1290 80 40 Nec
654 1290 91 40 valet,

230 1322 59 32 si
260 1322 108 32 dicatur
338 1322 59 32 ad
368 1322 79 32 hoc,
417 1322 79 32 quod
466 1322 89 32 tale,
525 1322 49 32 a
545 1322 69 32 quo
585 1322 69 32 fit
614 1322 128 32 abstractio,

225 1353 78 39 fit
270 1353 101 39 prius
337 1353 112 39 notum,
415 1353 78 39 quo
460 1353 67 39 ad
494 1353 123 39 sensum,
583 1353 78 39 non
628 1353 101 39 autem
684 1353 56 39 quo

236 1385 60 33 ad
266 1385 171 33 intellecndum,
407 1385 71 33 nam
448 1385 71 33 hoc
488 1385 111 33 directe
569 1385 151 33 contradicit
680 1385 60 33 Aris

231 1416 58 38 &
255 1416 82 38 suo
301 1416 186 38 Commentatori
453 1416 70 38 in
488 1416 82 38 12.
534 1416 105 38 meta.
604 1416 93 38 com.
662 1416 70 38 4.
686 1416 58 38 vbi

232 1447 97 35 habet,
300 1447 145 35 vniversalia
416 1447 77 35 apud
464 1447 97 35 Arist.
532 1447 77 35 sunt
581 1447 116 35 collecta
668 1447 58 35 ex
687 1447 58 35 par-

234 1482 158 33 ticularibus
361 1482 63 33 in
393 1482 158 33 intellectu,
519 1482 74 33 qui
562 1482 116 33 accipit
646 1482 95 33 inter
699 1482 42 33 ea

233 1510 267 36 consimilitudinem,
462 1510 63 36 &
487 1510 114 36 facit
563 1510 76 36 ea
601 1510 102 36 vnam
652 1510 89 36 inten

238 1542 112 36 tionem
316 1542 79 36 Nec
361 1542 79 36 est
406 1542 168 36 imaginabile
541 1542 67 36 vt
575 1542 101 36 dicit
642 1542 90 36 quod
687 1542 56 36 vna

234 1572 129 33 virtus
325 1572 207 33 comprehendat
492 1572 181 33 singularia
635 1572 65 33 &
648 1572 90 33 conue

229 1601 126 34 nientiam
323 1601 105 34 eorum,
396 1601 52 34 &
417 1601 84 34 alia
469 1601 105 34 formet
542 1601 94 34 ipsum
595 1601 146 34 vniversalite

226 1636 85 34 nam
275 1636 85 34 hoc
323 1636 110 34 esset
397 1636 134 34 simile,
494 1636 73 34 ac
531 1636 73 34 si
567 1636 98 34 vnus
628 1636 110 34 honmo
689 1636 49 34 ap

227 1663 171 35 prehenderet
364 1663 171 35 singularia,
500 1663 57 35 &
523 1663 114 35 alier.
603 1663 91 35 homo
649 1663 91 35 appre-

236 1695 120 35 henderet
326 1695 151 35 vniversaler
447 1695 80 35 quod
497 1695 70 35 est
537 1695 131 35 absurdum.
638 1695 60 35 Et
668 1695 70 35 pro
698 1695 50 35 hoc

236 1726 123 36 videtur
325 1726 112 36 facere
403 1726 145 36 sententia
515 1726 156 36 Philosophi
637 1726 78 36 in.
682 1726 67 36 2.
704 1726 45 36 de

234 1758 112 36 anima
308 1758 74 36 in
345 1758 99 36 tex.
407 1758 136 36 commen.
506 1758 99 36 146.
568 1758 87 36 vbi
606 1758 136 36 consimili

235 1790 107 32 medio
307 1790 119 32 arguit
390 1790 71 32 de
426 1790 107 32 sensu
497 1790 143 32 communi.
604 1790 119 32 habet.
675 1790 60 32 eni

228 1821 98 40 quod
289 1821 122 40 virtus
374 1821 196 40 apprehendens
533 1821 220 40 conuenientiam,
704 1821 37 40 &

230 1858 200 32 differentiam
392 1858 112 32 inter
467 1858 125 32 aliqua
554 1858 125 32 eadem,
629 1858 112 32 compre-

234 1882 110 40 bendit
311 1882 88 40 illa
366 1882 77 40 sub
411 1882 155 40 rationibus
532 1882 144 40 propriis,
643 1882 88 40 quae
687 1882 55 40 ad

764 165 134 37 inuicem
861 165 171 37 conueniunt
995 165 61 37 &
1020 165 171 37 differunt.
1154 165 73 37 Et
1178 165 110 37 confin-

771 205 108 30 matur
843 205 108 30 adhuc
915 205 96 30 ista
975 205 132 30 positio
1072 205 180 30 authoritate
1204 205 84 30 Auer-

767 230 101 42 primo
834 230 134 42 physico.
935 230 123 42 commen.
1024 230 67 42 3.
1058 230 78 42 vbi
1103 230 101 42 habet
1170 230 90 42 quod
1215 230 67 42 etsi

764 260 152 38 singulare
881 260 82 38 non
928 260 82 38 sit
974 260 163 38 principium
1102 260 70 38 in
1137 260 140 38 scientia
1231 260 58 38 de-

764 292 195 31 monstratiua,
923 292 86 31 est
971 292 110 31 tamen
1045 292 171 31 principium
1167 292 122 31 acquisi-

768 325 103 31 tionis
840 325 165 31 vniversalis,
973 325 82 31 quod
1025 325 72 31 est
1066 325 144 31 principium
1169 325 113 31 doctrinae

769 349 229 37 demonstratiuae.
962 349 108 37 sicut
1034 349 108 37 dicit
1106 349 108 37 etiam
1167 349 120 37 Philoso-

767 388 88 37 phus
822 388 66 37 in
855 388 99 37 calce
921 388 121 37 secundi
1009 388 110 37 poste.
1085 388 143 37 Praeterea
1195 388 66 37 ad
1217 388 66 37 prin

763 416 117 35 cipale
845 416 141 35 arguitur
951 416 94 35 sic.
1009 416 105 35 Primo
1080 416 141 35 cognitum
1185 416 70 35 ab
1220 416 82 35 in

768 448 135 34 tellectu
869 448 79 34 non
914 448 79 34 est
960 448 124 34 aliquid
1050 448 68 34 ab
1084 448 158 34 intellectu
1197 448 90 34 sabri-

769 476 102 38 catum:
840 476 163 38 vniversalier
973 476 71 38 est
1014 476 133 38 huiusmodi
1116 476 71 38 per
1146 476 143 38 supposituni,

771 516 82 30 ergo
822 516 154 30 vniversalie
946 516 72 30 non
987 516 72 30 est
1028 516 93 30 primo
1090 516 123 30 cognitum
1182 516 62 30 ab
1203 516 82 30 intel-

772 548 98 32 ectu:
838 548 164 32 relinquitur
969 548 87 32 ergo
1023 548 87 32 quod
1078 548 142 32 singulare
1187 548 76 32 sit
1220 548 65 32 pri-

763 569 85 34 mo
805 569 183 34 cognitum.
946 569 183 34 discursus
1087 569 127 34 notus
1172 569 99 34 cum
1214 569 71 34 mi-

765 601 112 34 nori,
839 601 62 34 &
864 601 112 34 maior
939 601 162 34 probatur:
1063 601 87 34 nam
1100 601 187 34 intelligibile

764 633 208 33 intellectionem
938 633 116 33 natura
1019 633 162 33 praecedit,
1146 633 104 33 sicut
1204 633 81 33 causa

767 662 153 43 praecedit
885 662 153 43 effectum.
1003 662 106 43 minor
1073 662 106 43 patet
1144 662 71 43 ex
1167 662 118 43 supposi-

766 701 81 29 to,
813 701 69 29 vt
847 701 139 29 diximus,
952 701 58 29 &
975 701 81 29 est
1021 701 104 29 etiam
1090 701 116 29 ipsius
1171 701 116 29 Auerr.
1241 701 46 29 in

771 726 106 42 primo
842 726 71 42 de
877 726 106 42 anima
948 726 142 42 commmen.
1055 726 71 42 6.
1090 726 83 42 vbi
1137 726 106 42 habet
1208 726 94 42 quod

764 759 145 35 intellectus
880 759 77 35 est,
929 759 68 35 qui
967 759 87 35 facit
1026 759 184 35 vniversalitatem
1180 759 58 35 in
1200 759 77 35 rebus,

765 792 127 28 Tertio
854 792 228 28 principaliter,
1044 792 63 28 &
1069 792 114 28 istud
1132 792 152 28 argumentum

770 820 103 38 etiam
838 820 80 38 est
884 820 115 38 hurlei
964 820 69 38 in
999 820 126 38 prologo
1090 820 103 38 primi
1159 820 126 38 physic.
1239 820 46 38 Si

767 853 140 29 vniversale
877 853 90 29 esset
937 853 90 29 primo
997 853 120 29 cognitum
1087 853 60 29 ab
1117 853 150 29 intellectu,
1227 853 60 29 tale

762 881 84 33 non
810 881 120 33 posset
894 881 143 33 conferre
1001 881 72 33 ad
1037 881 215 33 intellectionem
1204 881 72 33 sin-

764 916 158 34 gularium:
885 916 109 34 quia,
958 916 85 34 cum
1006 916 109 34 illud
1079 916 170 34 abstractum
1212 916 85 34 sit
1249 916 36 34 a

769 948 208 30 lingularibus,
940 948 147 30 mediante
1050 948 98 30 illo
1112 948 86 30 non
1148 948 135 30 deuenimus

762 979 71 36 ad
798 979 179 36 cognitionem
941 979 107 36 vnius
1012 979 179 36 singularis,
1143 979 143 36 potiusquam

766 1008 71 35 ad
802 1008 178 35 cognitionem
944 1008 154 35 alterius:
1062 1008 83 35 aut
1109 1008 95 35 ergo
1169 1008 83 35 per
1204 1008 83 35 illud

760 1045 192 29 deueneimus
911 1045 82 29 ad
952 1045 206 29 cognitionem
1117 1045 151 29 omnium,
1213 1045 69 29 aut

766 1076 78 30 ad
805 1076 195 30 cognitionem
961 1076 156 30 nullius:
1079 1076 130 30 quorum
1157 1076 130 30 vtrunque

764 1102 154 36 absurdum
879 1102 102 36 est.
943 1102 141 36 Amplius
1046 1102 128 36 nullus
1135 1102 141 36 imponit
1225 1102 51 36 no

761 1133 92 30 men
813 1133 105 30 rei,
879 1133 105 30 quam
945 1133 145 30 ignorat
1050 1133 92 30 per
1090 1133 184 30 Philosophum,

774 1170 69 33 4.
808 1170 103 33 meta.
877 1170 92 33 tex.
934 1170 115 33 commen
1015 1170 80 33 10.
1061 1170 57 33 &
1084 1170 80 33 per
1130 1170 103 33 Auer.
1199 1170 69 33 7.
1222 1170 57 33 me-

766 1196 80 38 ta.
811 1196 92 38 tex.
869 1196 126 38 commen.
961 1196 80 38 34.
1007 1196 80 38 sed
1052 1196 172 38 intellectus
1179 1196 103 38 imponit

762 1229 124 38 nomina
848 1229 112 38 primo
923 1229 211 38 singularibus:
1096 1229 99 38 erga
1158 1229 99 38 illa
1208 1229 74 38 sunt

773 1255 83 36 sibi
825 1255 94 36 primo
887 1255 94 36 nota.
950 1255 73 36 Nec
991 1255 104 36 valet,
1064 1255 63 36 si
1096 1255 115 36 dicatur
1179 1255 83 36 quod
1221 1255 63 36 sin-

768 1287 115 39 gulare
849 1287 81 39 non
895 1287 173 39 cognoscitur
1034 1287 69 39 ab
1068 1287 173 39 intellectu,
1195 1287 81 39 quia,

766 1321 72 32 vt
802 1321 131 32 dicunt,
897 1321 179 32 intellectus
1040 1321 107 32 ponit
1100 1321 179 32 conuenientiam

772 1349 47 43 &
790 1349 151 43 differentiam
913 1349 85 43 inter
970 1349 123 43 singulare
1064 1349 47 43 &
1083 1349 160 43 vniversaliter
1206 1349 75 43 intel-

770 1385 114 33 lectus
849 1385 68 33 in
884 1385 160 33 inductione
1009 1385 137 33 procedit
1112 1385 57 33 a
1123 1385 160 33 singularibus

765 1420 59 30 ad
795 1420 158 30 vniversalia:
923 1420 59 30 &,
952 1420 69 30 cum
992 1420 118 30 procedat
1080 1420 59 30 ex
1110 1420 167 30 praeexistente
1238 1420 49 30 co-

760 1448 162 34 gnitione,
884 1448 150 34 sequitur
996 1448 112 34 ipsum
1071 1448 162 34 singulare
1183 1448 100 34 cogno-

763 1482 111 32 scere.
841 1482 144 32 similiter
952 1482 167 32 intellectus
1085 1482 111 32 format
1163 1482 100 32 istam
1218 1482 56 32 pro

764 1507 177 38 positionem,
906 1507 141 38 Socrates
1012 1507 83 38 est
1059 1507 106 38 homo,
1130 1507 141 38 Socrates
1224 1507 59 38 est

762 1541 134 37 animal:
859 1541 98 37 ergo
920 1541 134 37 oportet
1018 1541 110 37 ipsum
1091 1541 134 37 extrema
1176 1541 98 37 praeco

762 1570 157 34 gnoscere.
883 1570 97 34 Haec
943 1570 60 34 &
967 1570 97 34 alia
1028 1570 169 34 consimilia
1160 1570 121 34 dicunt
1233 1570 48 34 in

760 1605 83 34 hac
808 1605 131 34 materia
903 1605 178 34 sustinentes
1045 1605 154 34 singulare
1164 1605 95 34 esse
1212 1605 71 34 pri-

761 1629 76 45 mo
799 1629 152 45 cognitum
914 1629 76 45 ab
952 1629 178 45 intellectu
1092 1629 76 45 in
1130 1629 114 45 prima
1193 1629 89 45 cogni

766 1662 110 36 tione,
843 1662 88 36 quae
898 1662 121 36 confusa
975 1662 110 36 dicitur.

803 1693 137 37 Quidquid
905 1693 80 37 sit
951 1693 68 37 ex
985 1693 103 37 parte
1053 1693 80 37 rei
1099 1693 68 37 de
1133 1693 91 37 ista
1178 1693 103 37 opinio-

764 1724 74 38 ne,
806 1724 95 38 niihi
869 1724 95 38 tamen
932 1724 116 38 videtur
1016 1724 95 38 salua
1079 1724 147 38 reuerentia
1184 1724 95 38 taliter

765 1757 170 37 sentientium,
904 1757 85 37 quod
957 1757 85 37 ista
1010 1757 106 37 opinio
1085 1757 74 37 non
1127 1757 74 37 est
1170 1757 64 37 ex
1191 1757 85 37 inten-

764 1788 114 38 tione
840 1788 139 38 Aristo.
941 1788 63 38 &
967 1788 89 38 sui
1017 1788 164 38 Commenta.
1144 1788 114 38 Auer.
1207 1788 76 38 Nam,

758 1820 110 30 sicut
831 1820 134 30 scribit
928 1820 158 30 Commenta:
1050 1820 73 30 3.
1087 1820 73 30 de
1124 1820 110 30 anima
1184 1820 98 30 comen.

770 1852 78 35 36.
814 1852 67 35 ex
848 1852 145 35 sententia
959 1852 145 35 Auenpace,
1071 1852 134 35 quiditas
1171 1852 67 35 in
1194 1852 89 35 intel-

766 1887 115 31 lectu
843 1887 90 31 non
894 1887 115 31 habet
971 1887 128 31 formam
1061 1887 179 31 corporalem
1189 1887 90 31 neque
