1416 2066
205 872 97 43 Cum
260 872 193 43 declarauit
412 872 111 43 quod
482 872 166 43 dicitura
606 872 124 43 inter
675 872 69 43 con

214 924 129 30 trarios
308 924 106 30 motus
379 924 118 30 tperis
461 924 82 30 est
508 924 129 30 tamens,
603 924 94 30 vult
650 924 82 30 narra

224 952 58 42 re
253 952 87 42 etiam
311 952 77 42 quod
360 952 116 42 dicitura
447 952 106 42 tperis,
524 952 77 42 quae
572 952 135 42 distinguit
679 952 68 42 in¬

220 990 82 50 ter
267 990 105 50 motus
337 990 141 50 priores,
443 990 59 50 &
466 990 187 50 posteriores,
607 990 117 50 secundum

216 1031 96 40 quod
276 1031 120 40 illud,
359 1031 72 40 ad
395 1031 96 40 quod
455 1031 84 40 est
503 1031 120 40 motus,
587 1031 84 40 aut
622 1031 108 40 econuer

221 1067 73 51 so,
262 1067 63 51 sc
294 1067 63 51 s.
325 1067 126 51 dicitura
420 1067 115 51 tperis,
503 1067 73 51 sit
545 1067 157 51 distinguens
661 1067 73 51 inter

222 1101 116 51 prius,
303 1101 93 51 quid
361 1101 81 51 est
408 1101 116 51 illud,
489 1101 69 51 ex
524 1101 81 51 quo
570 1101 81 51 est
616 1101 116 51 motus,
697 1101 58 51 &

229 1141 143 49 posterius
339 1141 66 49 ex
372 1141 99 49 ipsis
438 1141 132 49 motibus,
537 1141 77 49 est
581 1141 121 49 aliquid
669 1141 77 49 in¬

217 1180 195 53 diuisibile,
373 1180 65 53 &
399 1180 104 53 quod
464 1180 104 53 modo
529 1180 91 53 est
568 1180 156 53 econtrario

219 1220 119 38 illi,
298 1220 106 38 quod
364 1220 106 38 fuit
431 1220 79 38 in
470 1220 146 38 motibus
563 1220 159 38 contrarijs

218 1256 129 42 quoniam
312 1256 141 42 scientia
418 1256 94 42 eius
477 1256 82 42 est
524 1256 188 42 complementum
665 1256 59 42 sua

216 1293 222 37 intentionis.
397 1293 83 37 Et
438 1293 139 37 dixit:
536 1293 83 37 Et
563 1293 167 37 manifestum

224 1333 83 37 est
271 1333 106 37 quod,
342 1333 71 37 si
377 1333 106 37 homo,
448 1333 83 37 &c.
495 1333 71 37 i.
531 1333 59 37 &
554 1333 165 37 manifestum
672 1333 59 37 est

228 1369 83 49 per
276 1369 71 49 se
311 1369 107 49 quod,
383 1369 71 49 si
419 1369 95 49 homo
478 1369 83 49 non
526 1369 143 49 posuerit
621 1369 107 49 instans

219 1413 208 37 distinguens
386 1413 125 37 inter
469 1413 139 37 prius,
566 1413 69 37 &
580 1413 153 37 posterius

219 1445 181 53 temporis
355 1445 91 53 ex
400 1445 181 53 motibus,
536 1445 76 53 &
567 1445 121 53 cons
627 1445 106 53 equen

219 1492 132 31 tibus
307 1492 132 31 motus
395 1492 234 31 posteriores,
586 1492 103 31 aut
629 1492 103 31 inter

228 1517 114 52 prius,
308 1517 137 52 secundum
411 1517 114 52 illud,
491 1517 69 52 ex
525 1517 80 52 quo
571 1517 80 52 est
617 1517 114 52 motus,
697 1517 57 52 &

216 1566 123 36 inter
298 1566 136 36 motus,
394 1566 82 36 ad
435 1566 150 36 quostus
544 1566 177 36 posterius
667 1566 68 36 sem

219 1598 96 53 per
274 1598 96 53 est
329 1598 137 53 dignum
425 1598 151 53 habere,
521 1598 206 53 proportionem,

219 1636 76 49 &
249 1636 182 49 posuerit
385 1636 136 49 ipsum
476 1636 151 49 tempus
567 1636 151 49 indiuisi

217 1677 118 48 bile,
295 1677 170 48 continget
426 1677 78 48 ei
465 1677 78 48 vt
505 1677 144 48 aliquid
609 1677 92 48 sit
649 1677 78 48 ens,

220 1711 75 50 &
250 1711 106 50 non
310 1711 106 50 ens
371 1711 91 50 in
416 1711 136 50 eodem
507 1711 181 50 tempore.
642 1711 75 50 &
658 1711 75 50 hoc

223 1748 175 46 intendebat
360 1748 88 46 cum
410 1748 125 46 dixit:
498 1748 113 46 etiam
573 1748 100 46 quod
623 1748 113 46 necesse

223 1789 87 43 est
272 1789 74 43 vt
309 1789 99 43 idem
371 1789 87 43 sit
421 1789 99 43 ens,
483 1789 62 43 &
508 1789 87 43 non
557 1789 99 43 ens.
619 1789 99 43 D.d.
681 1789 74 43 &,

221 1829 88 54 cum
272 1829 88 54 est
322 1829 100 54 ens,
385 1829 88 54 non
435 1829 88 54 est
485 1829 100 54 ens.
548 1829 75 54 i.
585 1829 63 54 &
598 1829 138 54 contingit

742 877 107 49 huic
809 877 188 49 positioni.
956 877 81 49 &,
997 877 94 49 cum
1050 877 148 49 aliquid
1144 877 121 49 nonatur

754 913 90 53 ssem
810 913 79 53 non
855 913 90 53 erit
912 913 90 53 ens.
968 913 90 53 D.d.
1024 913 124 53 punctus
1114 913 90 53 enim
1171 913 79 53 est
1205 913 56 53 am-

745 956 126 38 bobus,
834 956 88 38 &c.
884 956 76 38 i.
922 956 63 38 &
947 956 139 38 diximus
1048 956 101 38 quod
1111 956 139 38 necesse
1199 956 63 38 est

750 994 73 50 vt
786 994 73 50 in
823 994 110 50 tpere
897 994 171 50 accipiamus
1031 994 135 50 aliquid
1129 994 110 50 tale.
1191 994 73 50 quia

745 1031 83 50 tale
796 1031 124 50 instans,
889 1031 83 50 quid
941 1031 72 50 est
982 1031 62 50 in
1013 1031 103 50 tpere,
1085 1031 72 50 est
1127 1031 103 50 simile
1189 1031 72 50 pumn-

755 1068 82 52 cto
802 1068 71 52 in
838 1068 118 52 linea,
920 1068 59 52 &
943 1068 82 52 est
990 1068 129 52 commune
1085 1068 141 52 prioris,
1190 1068 59 52 &
1202 1068 59 52 po-

747 1108 167 38 sterioris
875 1108 77 38 ex
914 1108 128 38 rebus,
1004 1108 103 38 quas
1068 1108 154 38 diximus,
1183 1108 64 38 &
1196 1108 64 38 est

747 1147 194 40 indiuisibile
905 1147 73 40 in
941 1147 85 40 se:
990 1147 85 40 &si
1038 1147 85 40 sit
1087 1147 170 40 diuisibile
1208 1147 49 40 in

750 1181 156 42 respectu
867 1181 117 42 eius,
945 1181 104 42 quod
1010 1181 91 42 est
1062 1181 117 42 ante,
1140 1181 65 42 &
1166 1181 78 42 in
1192 1181 65 42 re-

748 1220 118 48 spectu
831 1220 107 48 eius,
902 1220 95 48 quod
961 1220 83 48 est
1009 1220 107 48 post.
1080 1220 83 48 est
1127 1220 95 48 enim
1174 1220 83 48 finis

748 1263 116 43 eius,
825 1263 103 43 quod
889 1263 90 43 est
941 1263 116 43 ante,
1018 1263 64 43 &
1044 1263 180 43 principium
1172 1263 77 43 eius

747 1297 99 49 quod
808 1297 86 49 est
858 1297 111 49 post.
932 1297 74 49 Et
969 1297 86 49 est
1018 1297 136 49 dionius
1117 1297 99 49 quod
1167 1297 86 49 attri

751 1324 111 62 buatur
829 1324 78 62 ei,
873 1324 89 62 quod
928 1324 78 62 est
973 1324 89 62 poss
1028 1324 133 62 scilicet
1117 1324 133 62 posteriori

754 1372 114 55 ilicet
833 1372 159 55 qualitati,
958 1372 91 55 quae
1015 1372 80 55 fit
1061 1372 68 55 ex
1084 1372 159 55 transmutatio

751 1413 92 38 ne,
804 1413 92 38 qui
856 1413 79 38 vt
896 1413 198 38 attribuatur
1041 1413 211 38 transmutationi

754 1446 149 50 priori.
863 1446 68 50 &
890 1446 95 50 hoc
944 1446 108 50 fuit
1012 1446 108 50 ita.
1080 1446 149 50 quoniam
1175 1446 81 50 prin

751 1491 129 43 cipium
842 1491 181 43 passionis,
984 1491 103 43 quae
1048 1491 90 43 fit
1100 1491 65 43 a
1113 1491 142 43 transmuta

746 1525 134 37 tione,
839 1525 94 37 est
893 1525 147 37 aliquod
1000 1525 107 37 ens,
1054 1525 201 37 &tramsmutatio

754 1560 92 53 est
806 1560 92 53 non
859 1560 105 53 ens.
924 1560 92 53 Et,
977 1560 105 53 quia
1042 1560 144 53 dignius
1147 1560 92 53 est
1186 1560 66 53 at-

744 1597 139 45 tribui
841 1597 111 45 enti
911 1597 111 45 quam
980 1597 97 45 non
1036 1597 125 45 enti,
1119 1597 111 45 ideo
1189 1597 83 45 d.
1216 1597 42 45 i

745 1642 157 47 passione
862 1642 117 47 vero,
941 1642 91 47 &c.
993 1642 78 47 i.
1032 1642 65 47 &
1058 1642 131 47 passio
1137 1642 104 47 dignit

747 1685 88 42 est
798 1685 152 42 attribui
912 1685 152 42 passioni
1025 1685 190 42 posteriori,
1177 1685 101 42 quae

740 1717 105 45 sit,
806 1717 105 45 quam
872 1717 158 45 attribui
990 1717 237 45 tramsmutationi
1175 1717 79 45 prio

751 1748 68 55 r,
785 1748 137 55 scilicet
888 1748 148 55 instanti,
1002 1748 91 55 quod
1059 1748 80 55 est
1104 1748 160 55 principium
1218 1748 46 55 es

750 1789 135 45 sentiae
848 1789 172 45 passionis,
983 1789 98 45 quae
1044 1789 98 45 fit.
1105 1789 86 45 Et,
1154 1789 86 45 cum
1191 1789 61 45 nar

750 1834 118 49 rauit
829 1834 118 49 quod,
907 1834 79 49 si
946 1834 92 49 non
999 1834 131 49 fuerit
1091 1834 144 49 positum
1182 1834 79 49 quod
