1416 2066
224 157 164 45 reuerentia,
356 157 88 45 quod
410 157 77 45 sit
454 157 110 45 opinio
531 157 99 45 vera.
586 157 153 45 experimentum

222 196 102 37 enim
286 196 152 37 sermonum
400 196 140 37 verorum
502 196 102 37 est,
565 196 76 37 vt
591 196 152 37 concordent

229 228 143 39 sensaris.
339 228 66 39 7.
372 228 165 39 physicorum,
503 228 66 39 &.
536 228 66 39 i.
569 228 99 39 coeli
624 228 121 39 vtrobique

231 262 88 39 com.
286 262 77 39 12.
330 262 77 39 per
374 262 77 39 hoc
418 262 99 39 patet
484 262 99 39 etiam
551 262 66 39 ad
584 262 132 39 rationes
672 262 66 39 Sco-

227 292 157 30 istarum
341 292 200 30 probantium
498 292 143 30 semper
583 292 157 30 conceptum

222 325 123 36 speciei
312 325 135 36 notiorem
413 325 101 36 esse,
480 325 90 36 quia
536 325 123 36 species
626 325 79 36 est
659 325 79 36 magis

222 360 70 28 in
257 360 106 28 actu,
328 360 59 28 &
351 360 106 28 actus
422 360 82 28 est
469 360 106 28 ratio
539 360 188 28 cognoscendi.
680 360 59 28 Re-

224 386 131 39 spondetur
325 386 81 39 enim
375 386 81 39 quod
426 386 71 39 hoc
466 386 71 39 est
507 386 101 39 verum:
577 386 91 39 tamen
638 386 81 39 tunc
678 386 61 39 obie

219 421 97 29 etum
280 421 134 29 dicitur
377 421 97 29 esse
437 421 109 29 magis
510 421 73 29 in
547 421 97 29 actu
607 421 73 29 ad
632 421 109 29 inuitan

225 451 82 36 dum
272 451 188 36 intellecrum,
425 451 117 36 quando
507 451 82 36 est
553 451 105 36 magis
612 451 129 36 sensatum.

226 481 110 36 vnde
295 481 205 36 Philosophus
459 481 82 36 in
500 481 164 36 procemio
610 481 123 36 metaphy

225 508 93 38 sicae
286 508 93 38 dicit
348 508 82 38 quod
400 508 154 38 vniuersalia
523 508 82 38 sunt
574 508 165 38 difficillima
698 508 41 38 ad

217 548 213 30 cognoscendum,
393 548 75 30 eo
431 548 100 30 quia
494 548 100 30 sunt
556 548 63 30 a
581 548 151 30 sensibus
682 548 50 30 re

223 581 170 29 motissima:
356 581 61 29 &
381 581 146 29 loquitur
490 581 73 29 de
526 581 206 29 vniuersalibus
696 581 73 29 in

225 604 150 37 causando
337 604 150 37 secundum
450 604 150 37 communem
550 604 188 37 expositionem.

222 637 78 33 sic
267 637 101 33 dico,
334 637 67 33 si
367 637 146 33 singulare
479 637 123 33 speciei
569 637 101 33 magis
625 637 112 33 scusatum

227 669 102 42 fuerit
298 669 132 42 singulare
400 669 122 42 generis,
491 669 81 42 tunc
542 669 112 42 species
623 669 81 42 erit
664 669 71 42 prius

222 697 156 44 actualiter
345 697 123 44 cognita
434 697 156 44 cognitione
557 697 134 44 confusa,
658 697 78 44 qui
691 697 45 44 ge

225 732 92 40 nus.
282 732 69 40 si
317 732 92 40 vero
374 732 115 40 fuerit
455 732 138 40 opposito
558 732 104 40 modo,
616 732 127 40 oppositum

227 765 143 35 continget.
339 765 61 35 Et
370 765 61 35 si
400 765 122 35 quaeras,
492 765 82 35 vnde
543 765 71 35 hoc
584 765 82 35 est,
635 765 82 35 dico
676 765 61 35 quod

225 794 90 33 nons
281 794 79 33 est
326 794 90 33 alia
383 794 102 33 ratio
451 794 90 33 nisi
507 794 124 33 propter
597 794 102 33 modum
654 794 79 33 natu-

227 826 99 32 ralem
293 826 176 32 intelligendi
436 826 165 32 intellectus
569 826 121 32 nostri:
657 826 77 32 qui
690 826 44 32 in

223 859 192 31 intelligendo
379 859 144 31 dependet
487 859 60 31 a
510 859 120 31 sensu,
594 859 60 31 &
606 859 132 31 praecipue

227 890 62 32 in
258 890 93 32 prima
320 890 93 32 ntrma
382 890 124 32 naturali
475 890 145 32 cognitione
589 890 124 32 secundum
672 890 62 32 Phi-

228 917 121 37 losophi
316 917 165 37 sententiam.
448 917 66 37 3.
481 917 66 37 de
515 917 99 37 anima
581 917 88 37 tex.
636 917 88 37 com.
680 917 55 37 36.

228 949 58 37 &.
257 949 67 37 30.
296 949 58 37 Ad
324 949 86 37 aliud
382 949 96 37 Scoti,
449 949 115 37 dicentis
535 949 86 37 magis
593 949 144 37 vniversalia
699 949 38 37 es

228 983 62 35 se
259 983 177 35 difficilioris
404 983 187 35 abstractionis,
560 983 52 35 &
581 983 73 35 per
612 983 125 35 consequens

230 1020 146 35 posterius
342 1020 146 35 cognosci:
454 1020 180 35 Respondetur,
600 1020 90 35 quod
645 1020 90 35 abstra

227 1045 95 41 ctio
286 1045 107 41 primi
357 1045 130 41 obiecti
452 1045 118 41 motiui
535 1045 178 41 intellectus
665 1045 71 41 pos-

225 1077 124 41 sibilis
315 1077 79 41 fit
360 1077 67 41 ab
393 1077 157 41 intellectu
517 1077 124 41 agente,
607 1077 79 41 qui
652 1077 79 41 non
686 1077 56 41 co-

226 1109 127 39 gnoscit
319 1109 81 39 ea,
365 1109 58 39 a
388 1109 115 39 quibus
468 1109 173 39 alistrahit.
607 1109 69 39 3.
641 1109 69 39 de
664 1109 81 39 anima

230 1142 70 38 com.
274 1142 61 38 13.
309 1142 52 38 &,
335 1142 52 38 si
361 1142 70 38 illa
405 1142 140 38 viversaliora
518 1142 70 38 sint
562 1142 79 38 magis
614 1142 105 38 sensata,
684 1142 61 38 prius

232 1169 159 33 intelligentur
362 1169 56 33 ab
390 1169 140 33 intellectu,
502 1169 65 33 qui
540 1169 84 33 minus
596 1169 149 33 vniversalia.
708 1169 37 33 si

223 1204 104 30 vero
288 1204 182 30 oppositum,
431 1204 169 30 oppositum
562 1204 117 30 etiam
627 1204 117 30 contin-

227 1234 92 37 get,
284 1234 184 37 comprehensio
434 1234 92 37 enim
491 1234 207 37 differentiarum
664 1234 58 37 a
675 1234 69 37 sen-

226 1269 73 29 su
262 1269 86 29 est
311 1269 110 29 causa
385 1269 232 29 comprehensionis
580 1269 110 29 earum
653 1269 73 29 ab
678 1269 61 29 in-

230 1296 127 40 tellectu.
328 1296 58 40 2.
357 1296 58 40 de
386 1296 88 40 anima
445 1296 78 40 com.
493 1296 68 40 S2.
532 1296 58 40 Ad
562 1296 97 40 aliud,
630 1296 97 40 quando
688 1296 49 40 di-

231 1330 102 38 citur
299 1330 125 38 species
389 1330 102 38 habet
457 1330 136 38 rationem
560 1330 125 38 totius,
650 1330 57 38 &
662 1330 79 38 genus

228 1359 134 34 rationem
328 1359 123 34 partis.
417 1359 89 34 ergo
473 1359 112 34 notior
551 1359 89 34 erit
607 1359 123 34 species
685 1359 56 34 ge-

224 1392 120 34 nere:
304 1392 200 34 Respondetur
463 1392 120 34 totum
543 1392 106 34 conc
610 1392 146 34 edendo.
703 1392 53 34 Na

763 165 114 45 taliter
846 165 156 45 consyderata
971 165 114 45 specie,
1054 165 83 45 quod
1106 165 104 45 habeat
1169 165 114 45 rationem,

756 204 116 33 totius,
841 204 53 33 &
862 204 159 33 indistincti
989 204 63 33 et
1021 204 127 33 confusi,
1116 204 74 33 sic
1158 204 106 33 notior
1222 204 63 33 erit

762 232 128 43 genere,
855 232 70 43 vt
890 232 105 43 habet
960 232 140 43 rationem
1065 232 128 43 partis.
1158 232 58 43 &
1181 232 81 43 hoc
1216 232 58 43 est

764 270 85 37 quia
818 270 96 37 sicut
881 270 106 37 sensus
956 270 96 37 prius
1019 270 106 37 fertur
1094 270 64 37 in
1126 270 96 37 totum
1189 270 85 37 quae
1243 270 64 37 in

768 301 126 35 partes,
859 301 80 35 sic
904 301 171 35 intellectus
1041 301 126 35 imitans
1133 301 114 35 sensum
1201 301 80 35 prius

760 332 134 37 deuenit
858 332 73 37 in
894 332 171 37 cognitione
1029 332 134 37 confusa
1126 332 73 37 in
1151 332 134 37 conceptum

762 363 123 41 speciei
851 363 157 41 definitae,
975 363 78 41 qui
1019 363 101 41 habet
1087 363 134 41 rationem
1176 363 101 41 totius,

766 392 65 41 ui
799 392 65 41 in
831 392 141 41 conceprum
940 392 130 41 generis,
1038 392 76 41 aut
1081 392 185 41 differentiae.
1223 392 54 41 sed

768 428 96 35 andeo
832 428 117 35 species
918 428 150 35 comparatur
1035 428 107 35 generi
1110 428 64 35 in
1142 428 117 35 ratione
1217 428 64 35 par-

761 460 96 30 tis,
821 460 96 30 tunc
881 460 96 30 illa
942 460 84 30 est
990 460 145 30 ignotior
1098 460 133 30 propter
1183 460 96 30 eandem

761 489 131 42 causam.
856 489 71 42 Et
892 489 107 42 omnia
964 489 95 42 ista
1023 489 155 42 veritatem
1142 489 131 42 habent,
1225 489 60 42 com

763 524 137 30 currente
865 524 183 30 attestatione
1014 524 126 30 sensus:
1105 524 91 30 quia
1162 524 91 30 sine
1208 524 68 30 sen-

762 549 62 46 su
793 549 93 46 nihil
855 549 93 46 fieri
917 549 104 46 potest
990 549 62 46 in
1021 549 83 46 tali
1073 549 93 46 casu:
1135 549 83 46 quia
1187 549 83 46 ipse
1228 549 52 46 est

761 581 106 37 radix
832 581 153 37 vniuersae
950 581 177 37 cognitionis
1091 581 141 37 humanae.
1197 581 71 37 Ad
1221 581 59 37 ar-

757 620 156 34 gumentum
874 620 182 34 principale
1017 620 208 34 respondetur,
1173 620 104 34 negan-

758 653 70 33 do
793 653 162 33 assumptum,
921 653 93 33 quod
979 653 151 33 videlicet
1095 653 70 33 in
1129 653 104 33 nulla
1187 653 93 33 cogni-

754 679 104 36 tione
824 679 104 36 magis
894 679 162 36 vniuersale
1021 679 116 36 possit
1102 679 93 36 esse
1160 679 116 36 notius
1230 679 46 36 mi

758 711 79 30 nus
803 711 168 30 vniuersali.
937 711 90 30 Vnde
993 711 90 30 dico
1050 711 101 30 quod,
1117 711 67 30 in
1139 711 135 30 cognitione

758 741 151 37 incomplex
874 741 70 37 a,
909 741 81 37 vbi
955 741 151 37 singulare
1071 741 93 37 eius
1129 741 116 37 fuerit
1199 741 81 37 magis

760 771 140 32 sensatum,
868 771 86 32 quae
922 771 140 32 singulare
1029 771 97 32 minus
1094 771 172 32 vniuersalis,
1223 771 54 32 ta-

755 803 71 33 le
791 803 106 33 magis
861 803 165 33 vniuersale
991 803 106 33 prius
1061 803 177 33 cognoscitur
1202 803 71 33 ab
1226 803 47 33 in

760 834 122 42 tellectu
851 834 81 42 quam
902 834 91 42 minus
963 834 152 42 vniuersale:
1085 834 51 42 &
1105 834 132 42 praecipue
1197 834 81 42 quando

759 864 167 34 comparatur
891 864 108 34 sibi,
962 864 108 34 sicut
1034 864 108 34 totum
1106 864 72 34 ad
1142 864 131 34 partes.
1225 864 60 34 Si-

761 897 103 32 vero
825 897 167 32 contingat
954 897 180 32 oppositum,
1095 897 154 32 opposito
1198 897 77 32 modo

754 927 163 35 dicendum
877 927 109 35 est.
945 927 109 35 quia
1013 927 95 35 non
1067 927 190 35 inconuenit
1203 927 82 35 idem

758 964 153 30 respectu
873 964 141 30 eiusdem
975 964 115 30 posse
1052 964 128 30 notius
1141 964 64 30 &
1154 964 128 30 ignotius

764 989 86 38 esse
818 989 129 38 secundum
914 989 139 38 oppositas
1022 989 107 38 causas
1097 989 54 38 &
1118 989 139 38 rationes.
1215 989 64 38 Ista

761 1023 110 37 pauca
834 1023 110 37 sunt,
907 1023 97 37 quae
968 1023 97 37 mihi
1029 1023 97 37 visa
1089 1023 97 37 sunt
1150 1023 134 37 dicenda
1235 1023 49 37 in

760 1061 89 32 tam
811 1061 153 32 perardua
926 1061 153 32 materia,
1041 1061 64 32 &
1066 1061 140 32 antiqua
1156 1061 128 32 quaestio

755 1091 81 31 ne.
802 1091 70 31 in
837 1091 81 31 qua
883 1091 104 31 rogo,
952 1091 70 31 vt
987 1091 70 31 si
1022 1091 151 31 veritatem
1138 1091 104 31 ipsam
1196 1091 81 31 asse-

762 1122 105 28 cutus
832 1122 93 28 sum,
891 1122 70 28 vt
926 1122 117 28 credo,
1007 1122 105 28 illud
1078 1122 82 28 Deo
1113 1122 163 28 attribuatur.

764 1145 69 34 si
799 1145 92 34 vero
857 1145 104 34 illam
926 1145 81 34 non
972 1145 81 34 sim
1018 1145 161 34 assecutus,
1133 1145 138 34 ascribatur

764 1177 78 31 hoc
809 1177 134 31 ruditati
909 1177 168 31 intellectus
1044 1177 90 31 mei:
1100 1177 112 31 saltem
1178 1177 90 31 dedi
1223 1177 56 31 mo-

758 1212 84 31 dum
806 1212 193 31 perscrutandi
963 1212 157 31 veritatem
1083 1212 157 31 fratribus
1192 1212 84 31 meis.

762 1239 89 35 Deo
813 1239 101 35 laus
876 1239 190 35 sempiterna,
1029 1239 63 35 &
1054 1239 114 35 honor
1117 1239 165 35 immortalis.

875 1316 204 54 Quaestionis
1039 1316 82 54 de
1066 1316 95 54 Primo

915 1360 147 51 Cognito
1008 1360 107 51 finis.
