1416 2066
192 172 227 59 SLectus
357 172 206 59 autem,
502 172 103 59 &
523 172 206 59 indumen-

217 229 109 46 tum,
285 229 81 46 et
326 229 81 46 si
367 229 109 46 quid
435 229 176 46 huiusmodi
570 229 122 46 aliud
638 229 95 46 genus

219 266 92 50 est,
276 266 138 50 secundum
379 266 92 50 quod
437 266 115 50 quidem
517 266 138 50 fortitum
621 266 80 50 est
655 266 69 50 pre-

214 302 230 44 dicationem
394 302 262 44 vnanquamque,
607 302 82 44 &
624 302 98 44 qua-

218 348 143 39 tenus
314 348 111 39 est
377 348 95 39 ab
425 348 143 39 arte,
520 348 95 39 ne
568 348 127 39 vnum
632 348 95 39 qui-

213 389 125 42 dem
284 389 196 42 habetus
427 389 196 42 imperum
551 389 178 42 mutatio-

216 429 109 50 nis
279 429 187 50 innatum,
419 429 187 50 quatenus
560 429 141 50 autem
638 429 78 50 ac-

218 470 119 53 cidit
297 470 119 53 ipsis
376 470 158 53 lapidea,
495 470 92 53 aut
548 470 132 53 terrea
627 470 92 53 esse,

219 511 100 43 aut
276 511 129 43 mixta
362 511 86 43 ex
405 511 115 43 his,
477 511 158 43 eatenus
577 511 144 43 hiabent.

262 551 209 52 Scamnum
414 551 190 52 autem,
546 551 95 52 &
565 551 152 52 vestes

210 596 78 62 &
242 596 125 62 alia
320 596 203 62 huiusmodi
476 596 187 62 generis,
600 596 125 62 secun-

210 644 121 62 dum
279 644 139 62 quod
366 644 260 62 vnumquodque
574 644 156 62 eorum
661 644 69 62 ha

214 693 105 62 bet
274 693 150 62 nomen,
379 693 195 62 inquantum
530 693 105 62 est
590 693 90 62 ex
620 693 105 62 arti-

215 739 138 65 ficio,
312 739 83 65 no
353 739 124 65 habet
436 739 83 65 in
477 739 83 65 se
518 739 165 65 princpiu
629 739 96 65 trani

215 789 221 45 mutationis
389 789 174 45 omnino,
515 789 110 45 sed
562 789 158 45 secundum

209 834 114 57 quod
280 834 157 57 accidit
394 834 100 57 eis
451 834 85 57 vt
493 834 114 57 sint
564 834 85 57 ex
593 834 128 57 lapide,

215 882 115 48 aut
280 882 164 48 terra,
395 882 115 48 aut
461 882 164 48 aliquo
576 882 148 48 mixto
658 882 66 48 ex

214 938 149 49 istis,
318 938 75 49 &
348 938 89 49 in
393 938 104 49 hoc
453 938 149 49 tantum
557 938 149 49 habent
646 938 75 49 di-

209 988 202 55 gnitatem
361 988 101 55 in
394 988 152 55 natura.

263 1021 70 53 Et
298 1021 81 53 non
345 1021 105 53 debet
415 1021 128 53 aliquis
508 1021 116 53 dicere
589 1021 93 53 quod
636 1021 81 53 sean-

216 1061 122 53 num,
292 1061 76 53 &
323 1061 168 53 idolum,
445 1061 76 53 &
475 1061 229 53 vnumquodque
643 1061 76 53 ar-

212 1100 212 45 tificialium
382 1100 127 45 habet
466 1100 85 45 in
509 1100 85 45 se
537 1100 184 45 principium,

213 1141 91 45 quo
265 1141 157 45 mouetur,
383 1141 65 45 &
409 1141 170 45 quiescit,
539 1141 144 45 quoniam
631 1141 91 45 vnum-

216 1176 130 48 quodque
311 1176 212 48 artificialium,
487 1176 141 48 secundum
593 1176 94 48 quod
641 1176 83 48 habet

221 1225 117 41 nomen,
303 1225 82 41 quo
350 1225 199 41 significatur,
514 1225 140 41 secundum
619 1225 94 41 quod
666 1225 58 41 est

215 1253 246 45 artificiale,
414 1253 153 45 nullum
522 1253 138 45 habet
598 1253 123 45 omnino

218 1301 176 40 principium,
359 1301 82 40 quo
406 1301 141 40 mouetur,
512 1301 141 40 secundum
617 1301 129 40 veroque

200 1332 149 46 accidit
308 1332 149 46 corpori
416 1332 216 46 artificiali,
591 1332 108 46 quod
645 1332 81 46 suum

220 1373 185 48 subiectum
362 1373 114 48 fuit
433 1373 171 48 naturale
561 1373 128 48 habet
633 1373 85 48 prin

217 1410 126 49 cipium
306 1410 76 49 in
343 1410 88 49 se.
394 1410 76 49 vt
431 1410 126 49 lapis,
520 1410 76 49 ex
557 1410 88 49 quo
608 1410 88 49 fit
645 1410 76 49 ido-

218 1445 118 45 lum,
292 1445 132 45 habet
380 1445 206 45 potentiam,
542 1445 103 45 qua
586 1445 132 45 mouetur

221 1484 65 53 ad
254 1484 140 53 inferius.
361 1484 75 53 sed
404 1484 75 53 hoc
448 1484 75 53 est
491 1484 129 53 secundum
588 1484 86 53 quod
642 1484 75 53 est
674 1484 43 53 na

229 1524 116 50 turale,
314 1524 74 50 non
356 1524 127 50 secundum
451 1524 84 50 quod
504 1524 74 50 est
546 1524 169 50 artificrale.
672 1524 53 50 ido

224 1562 78 40 lum
269 1562 101 40 autem
336 1562 134 40 secundum
436 1562 89 40 quod
492 1562 78 40 est
537 1562 112 40 idolum
615 1562 78 40 non
649 1562 78 40 habet

217 1601 207 53 potentiam,
380 1601 104 53 qua
439 1601 192 53 moueatur,
587 1601 133 53 sicut
661 1601 59 53 ha

228 1638 63 44 bet
264 1638 81 44 homo,
318 1638 107 44 secundum
398 1638 72 44 quod
443 1638 63 44 est
479 1638 81 44 homo,
532 1638 45 44 &
550 1638 152 44 vniversaliter
666 1638 63 44 omnia

230 1679 153 43 naturalia,
350 1679 131 43 secundum
448 1679 87 43 quod
503 1679 87 43 sunt
557 1679 153 43 naturalia.
666 1679 55 43 Na-

229 1716 145 53 turalia
335 1716 106 53 ergo
401 1716 172 53 differunt
533 1716 79 53 ab
559 1716 159 53 Artificia-

228 1757 108 50 libus
300 1757 72 50 in
336 1757 96 50 hoc,
396 1757 132 50 quoniam
492 1757 72 50 in
528 1757 180 50 naturalibus
660 1757 60 50 est

229 1797 186 45 principium
375 1797 93 45 per
428 1797 93 45 se,
482 1797 80 45 in
508 1797 213 45 artificialibus

233 1837 110 53 vero
302 1837 96 53 non
357 1837 96 53 est
412 1837 193 53 principium
564 1837 96 53 per
619 1837 96 53 se.
660 1837 69 53 Et,

745 180 92 51 cum
797 180 183 51 declarauit
941 180 105 51 quod
1006 180 170 51 naturalia
1137 180 105 51 sunt
1190 180 78 51 il

750 220 86 38 la,
799 220 74 38 in
836 220 123 38 quibus
922 220 86 38 est
972 220 173 38 principium
1107 220 86 38 per
1156 220 86 38 se,
1193 220 62 38 quo

749 257 251 41 transmutantur,
958 257 70 41 &
986 257 153 41 cessant
1098 257 70 41 a
1112 257 139 41 transmu-

738 293 186 38 tatione,
878 293 249 38 demonstrauit
1080 293 93 38 ex
1127 293 109 38 hoc
1173 293 78 38 na-

738 333 156 53 turam,
847 333 125 53 quid
910 333 93 53 sit.

788 388 189 46 Ianquam
925 388 172 46 Natura
1046 388 120 46 sit
1097 388 155 46 princi-

733 434 146 47 psum
824 434 201 47 aliquod
971 434 91 47 &
1007 434 165 47 causa
1099 434 146 47 mouen-

741 476 103 46 di,
800 476 74 46 &
830 476 221 46 quiescendi,
1007 476 89 46 in
1051 476 103 46 quo
1110 476 103 46 est
1154 476 89 46 pri-

736 517 109 51 mum,
805 517 96 51 per
859 517 96 51 se,
914 517 68 51 &
941 517 96 51 non
996 517 164 51 secundum
1106 517 150 51 accidens.

742 557 97 55 Dico
802 557 109 55 autem
875 557 85 55 non
923 557 145 55 secundum
1032 557 157 55 accidens,
1141 557 109 55 quoniam

733 602 105 48 fiet
799 602 131 48 vtique
890 602 105 48 sibi
956 602 105 48 ipsi
1022 602 144 48 aliquis
1127 602 92 48 cam
1166 602 79 48 sani

737 641 160 41 tatis,
849 641 112 41 cum
913 641 112 41 sit
977 641 192 41 medicus:
1106 641 144 41 attamen

733 693 133 34 non,
816 693 199 34 quatenus
965 693 199 34 sanatur,
1098 693 149 34 medici-

733 725 119 45 nam
801 725 169 45 habet,
919 725 119 45 sed
987 725 186 45 accidit
1106 725 135 45 eundem

735 764 173 46 medicum
861 764 142 46 esse,
956 764 94 46 et
1003 764 173 46 sanari.
1113 764 126 46 quapro

737 811 119 43 pter
811 811 74 43 &
841 811 208 43 separantur
1004 811 178 43 aliquaid
1123 811 119 43 abinui

733 848 129 42 cem.
814 848 210 42 Similiter
975 848 145 42 autem
1072 848 81 42 &
1088 848 145 42 aliorum

736 873 126 69 quae
815 873 158 69 fiunt,
926 873 253 69 vnumquodque.
1116 873 126 69 nullum

738 932 109 45 enim
806 932 149 45 ipsorum
915 932 122 45 habet
997 932 82 45 in
1037 932 136 45 scipso
1119 932 122 45 factio-

730 973 117 45 nis
797 973 233 45 pricipium,
980 973 117 45 sed
1047 973 133 45 alia
1114 973 133 45 quidem

735 1013 92 45 in
781 1013 154 45 aliis,
888 1013 77 45 &
919 1013 92 45 ab
965 1013 215 45 exteriori,
1134 1013 92 45 vt
1165 1013 77 45 do-

734 1057 145 42 mus,
824 1057 90 42 &
860 1057 199 42 aliorum
987 1057 253 42 manufactorum

737 1101 245 39 vnumquodque:
936 1101 123 39 alia
1012 1101 138 39 autem
1104 1101 92 39 in
1135 1101 107 39 seip-

733 1135 97 51 sis
789 1135 152 51 quidem,
899 1135 97 51 sed
954 1135 97 51 non
1010 1135 166 51 secundum
1121 1135 125 51 seipsa,

738 1181 196 56 quaecunque
892 1181 168 56 secundum
1019 1181 168 56 accidens
1131 1181 112 56 causae

739 1212 126 62 fieri
823 1212 154 62 possunt
935 1212 140 62 ipsis.
1032 1212 98 62 est
1088 1212 140 62 igitur
1172 1212 70 62 Na-

736 1261 135 53 tura
820 1261 135 53 quod
905 1261 169 53 dictum
1006 1261 101 53 est.

784 1309 92 54 Et
830 1309 108 54 sic
891 1309 154 54 Natura
999 1309 123 54 erit
1060 1309 185 54 principium

730 1356 200 54 aliquod,
881 1356 83 54 &
914 1356 167 54 causa,
1031 1356 100 54 vt
1064 1356 167 54 moueatur

737 1396 82 63 et
778 1396 164 63 quiescat
902 1396 137 63 illud,
997 1396 82 63 in
1038 1396 96 63 quo
1093 1396 96 63 est
1134 1396 96 63 primo

736 1445 73 61 &
765 1445 102 61 per
823 1445 102 61 se,
881 1445 102 61 non
939 1445 102 61 per
997 1445 189 61 accidens.
1142 1445 87 61 Et
1171 1445 73 61 di-

734 1493 92 57 co
780 1493 107 57 non
841 1493 107 57 per
902 1493 199 57 accidens,
1056 1493 169 57 quoniam
1163 1493 77 57 ho-

741 1541 83 64 mo
783 1541 139 64 potest
880 1541 111 64 esse
950 1541 125 64 causa
1033 1541 167 64 suupsius
1145 1541 97 64 insa-

734 1583 125 52 nari
813 1583 94 52 ab
860 1583 251 52 infirmitate,
1064 1583 110 52 cum
1111 1583 125 52 fuerit

734 1634 190 63 medicus:
876 1634 111 63 sed
940 1634 126 63 non,
1019 1634 190 63 secundum
1145 1634 95 63 quod

739 1684 179 54 recipit
869 1684 228 54 sanitatem,
1048 1684 146 54 habet
1129 1684 114 54 artem

732 1731 169 58 sanandi,
859 1731 99 58 sed
915 1731 155 58 accidit
1028 1731 85 58 ei
1071 1731 127 58 eidem
1155 1731 113 58 quod

738 1781 115 53 fuit
809 1781 172 53 medicus,
939 1781 86 53 et
982 1781 187 53 recipiens
1111 1781 129 53 sanita.

736 1828 119 63 tem.
810 1828 74 63 &
840 1828 119 63 ideo
914 1828 134 63 forte
1003 1828 119 63 haec
1078 1828 104 63 duo
1122 1828 119 63 diffe
