1416 2066
189 170 83 40 pei
236 170 106 40 actae
307 170 106 40 mota:
378 170 94 40 bene
437 170 106 40 tamen
508 170 94 40 agit
567 170 83 40 per
603 170 94 40 cogni-

191 199 123 36 tionem
277 199 148 36 respectu
387 199 123 36 rerum,
473 199 98 36 quae
535 199 74 36 ad
572 199 111 36 finem
633 199 74 36 ordi

191 237 119 29 nantur,
278 237 76 29 vel
321 237 65 29 ad
354 237 98 29 opus.
419 237 87 29 nisi
473 237 87 29 enim
527 237 163 29 cognosceret
647 237 54 29 pa-

191 262 91 36 leas,
252 262 51 36 &
272 262 102 36 lutum,
343 262 102 36 vtique
414 262 91 36 nidum
475 262 142 36 construere
587 262 71 36 non
618 262 91 36 posset.

171 314 568 48 SOLVTIONE
565 314 131 48 S

246 355 298 47 contradictionum
497 355 94 47 in
529 355 125 47 dictis

306 396 149 47 Arist.
410 396 74 47 &
425 396 164 47 Auerrois,

273 445 125 54 Super
356 445 138 54 Tertio
439 445 180 54 Physicorum.

315 508 65 47 en
348 508 87 47 Rima
402 508 175 47 contradictio
544 508 76 47 est
588 508 65 47 in
621 508 87 47 tex.
664 508 44 47 1.

355 545 80 42 Aris
405 545 80 42 enim
454 545 89 42 habet
514 545 80 42 quod
564 545 129 42 infinitum
653 545 50 42 pri

351 579 84 41 mum
399 579 132 41 apparet
495 579 72 41 in
531 579 156 41 continuo.
651 579 84 41 Sed

339 606 179 44 lobuiabam.
480 606 102 44 quia
543 606 115 44 primo
607 606 102 44 poste.

335 633 101 50 litex.
405 633 60 50 I.
436 633 60 50 in
466 633 80 50 illo
516 633 80 50 cap.
566 633 111 50 Certior
637 633 70 50 autem

192 672 135 34 scientia
293 672 124 34 altera,
384 672 113 34 altera
463 672 90 34 est,
519 672 56 34 &
542 672 113 34 prior,
609 672 102 34 videtur

192 705 93 39 Arist
254 705 93 39 velle
316 705 83 39 quod
367 705 124 39 scientia
460 705 93 39 illa,
522 705 83 39 quae
574 705 62 39 de
594 705 114 39 simplicio

193 736 94 42 ribus
255 736 146 42 principiis
370 736 83 42 est,
422 736 83 42 illa
474 736 73 42 est
516 736 104 42 natura
588 736 104 42 prior,
651 736 52 42 si-

192 768 90 34 tur
244 768 206 34 Arithmetica,
411 768 180 34 Ceometria.
552 768 90 34 Nam
590 768 116 34 Arithme

195 804 88 31 tica
250 804 77 31 est
294 804 66 31 de
327 804 131 31 vnitate,
425 804 88 31 quae
480 804 77 31 est
524 804 153 31 principium
633 804 66 31 nume

192 834 79 36 ri,
237 834 68 36 Se
271 834 125 36 ometria
362 834 91 36 vera
418 834 68 36 de
453 834 125 36 puncto,
543 834 91 36 quod
600 834 79 36 est
634 834 68 36 prin

187 861 117 37 cipium
269 861 198 37 magnitudinis.
432 861 117 37 vnitas
514 861 105 37 autem
573 861 128 37 simplici-

194 893 75 37 ter
237 893 86 37 est,
291 893 86 37 quia
345 893 108 37 vnitas
421 893 86 37 situ
475 893 108 37 caret:
550 893 119 37 punctus
626 893 75 37 autem

194 925 73 37 est
235 925 146 37 substantia
350 925 115 37 posita,
433 925 63 37 vt
464 925 73 37 ibi
506 925 125 37 dicitur.
600 925 63 37 Et
631 925 63 37 ex
652 925 52 37 hoc

198 965 133 29 videtur
294 965 96 29 quod
355 965 120 29 quando
439 965 108 29 eadem
511 965 169 29 accidentia
632 965 72 29 com-

200 990 123 34 petunt
286 990 208 34 indifferenter
457 990 172 34 quantitati
580 990 123 34 continua

198 1020 55 33 &
220 1020 153 33 discretae,
340 1020 98 33 eadem
405 1020 98 33 prius
471 1020 109 33 natura
547 1020 153 33 conueniunt
656 1020 55 33 di-

192 1050 122 34 scretae
281 1050 89 34 quae
336 1050 156 34 continuae.
459 1050 78 34 cum
503 1050 111 34 igitur
570 1050 133 34 infinitudo

188 1082 181 32 inueniatur
330 1082 78 32 in
369 1082 142 32 numeris
472 1082 65 32 &
498 1082 78 32 in
524 1082 181 32 magnitudini-

191 1114 89 44 bus,
247 1114 89 44 quia
302 1114 100 44 sicut
369 1114 145 44 magnitudo
481 1114 78 44 est
526 1114 167 44 diuisibilis
659 1114 67 44 in

190 1146 159 44 infinitum,
315 1146 80 44 sic
360 1146 125 44 numerus
451 1146 80 44 est
496 1146 193 44 augmentabilis
656 1146 68 44 in

191 1178 149 36 infinitum,
308 1178 117 36 videtur
393 1178 85 36 quod
447 1178 149 36 infinitudo
564 1178 96 36 prius
617 1178 85 36 natura

195 1210 135 32 competit
296 1210 124 32 numeris
386 1210 90 32 quae
442 1210 158 32 continuis.
566 1210 56 32 &
589 1210 113 32 confit
656 1210 45 32 ma

193 1245 76 29 tur.
241 1245 86 29 quia.
298 1245 57 29 i.
327 1245 76 29 phy.
375 1245 76 29 tex.
422 1245 76 29 com.
470 1245 67 29 13.
508 1245 114 29 infiniti
594 1245 86 29 ratio
642 1245 57 29 con-

194 1272 87 37 gruit
252 1272 145 37 quantitati.
368 1272 87 37 idem.
426 1272 58 37 3.
456 1272 77 37 phy.
504 1272 77 37 tex.
552 1272 77 37 com.
601 1272 68 37 3s.
639 1272 58 37 &.
659 1272 48 37 36.

187 1301 84 37 Nisi
240 1301 95 37 esset
303 1301 84 37 quod
356 1301 63 37 vt
387 1301 95 37 dicit
451 1301 95 37 Alex.
514 1301 53 37 &
535 1301 95 37 Them.
598 1301 84 37 ideo
650 1301 74 37 in

195 1334 106 35 finitum
272 1334 96 35 primum
340 1334 106 35 dicitur
417 1334 115 35 apparere
503 1334 58 35 in
532 1334 125 35 continuo,
628 1334 77 35 quae
667 1334 38 35 in

190 1370 153 32 discreto,
308 1370 94 32 quia
367 1370 71 32 in
402 1370 176 32 definitione
543 1370 141 32 continui
637 1370 59 32 pon

194 1397 75 38 tur
237 1397 150 38 infinitum,
355 1397 75 38 non
398 1397 96 38 autem
462 1397 64 38 in
494 1397 161 38 definitione
612 1397 86 38 difere

201 1432 63 34 i.
232 1432 73 34 nam
274 1432 136 34 continuum
378 1432 83 34 est,
430 1432 83 34 quod
482 1432 136 34 diuiditur
586 1432 63 34 in
607 1432 94 34 infini-

187 1464 91 34 tum:
244 1464 80 34 non
289 1464 80 34 sic
335 1464 102 34 autem
403 1464 80 34 est
448 1464 68 34 de
483 1464 148 34 discreto.
597 1464 80 34 Aut
631 1464 68 34 quia

196 1493 95 34 cum.
256 1493 154 34 discretum
374 1493 143 34 causetur
481 1493 71 34 ex
517 1493 154 34 diuisione
624 1493 71 34 con-

197 1527 103 35 tinui:
269 1527 93 35 sicut
331 1527 82 35 enim
382 1527 134 35 continuum
485 1527 72 35 est
526 1527 144 35 diuisibile
639 1527 62 35 in
660 1527 41 35 in

188 1558 133 34 finitum,
288 1558 77 34 sic
332 1558 144 34 discretum
442 1558 77 34 est
487 1558 177 34 augmentabile
631 1558 66 34 in
653 1558 44 34 in

191 1589 117 37 finitum.
279 1589 68 37 non
318 1589 78 37 enim
367 1589 127 37 discretum
465 1589 68 37 est
504 1589 137 37 ciuisibile
611 1589 59 37 in
631 1589 68 37 infi-

188 1621 110 33 nitum,
265 1621 77 33 nec
309 1621 176 33 augmentabile
453 1621 77 33 est
497 1621 143 33 continuum
607 1621 66 33 in
640 1621 77 33 in

188 1651 114 39 finitum.
274 1651 57 39 3.
303 1651 76 39 phy.
350 1651 67 39 te.
389 1651 76 39 com.
436 1651 67 39 So.
474 1651 48 39 &
493 1651 76 39 quia
541 1651 57 39 ex
570 1651 76 39 hoc,
617 1651 76 39 quod
655 1651 48 39 com

189 1684 103 48 tinuum
261 1684 72 48 est
302 1684 144 48 diuisibile
415 1684 62 48 in
446 1684 144 48 infinitum,
559 1684 62 48 ex
590 1684 72 48 hoc
621 1684 82 48 discre

185 1715 75 39 tum
228 1715 75 39 est
271 1715 171 39 augmentabile
410 1715 64 39 in
442 1715 150 39 infinitum,
559 1715 117 39 numerus
634 1715 64 39 enim

197 1755 111 34 causatur
280 1755 55 34 ex
307 1755 120 34 diuisione
400 1755 120 34 continui,
492 1755 55 34 vt
520 1755 101 34 dicitur
594 1755 55 34 in
621 1755 55 34 3.
640 1755 55 34 phy-

184 1781 94 37 ideo
243 1781 118 37 dictum
325 1781 82 37 est
373 1781 153 37 infinitum
490 1781 106 37 primo
561 1781 141 37 apparere
655 1781 47 37 in

192 1818 126 28 continuo,
290 1818 49 28 &
309 1818 68 28 hoc
348 1818 107 28 pecipue
426 1818 88 28 locum
484 1818 88 28 habet
542 1818 117 28 secundum
620 1818 78 28 natura

193 1843 75 39 lem
236 1843 202 39 consyderationem
406 1843 149 39 asserentem
524 1843 117 39 numerum
598 1843 96 39 causari

187 1874 63 37 ex
219 1874 137 37 diuisione
324 1874 137 37 continui,
430 1874 95 37 sicut
493 1874 74 37 iam
535 1874 105 37 Arist.
609 1874 74 37 hic
640 1874 53 37 lo-

189 1910 100 42 quitur
259 1910 70 42 sed
299 1910 120 42 secundum
389 1910 160 42 mathematicam
509 1910 180 42 consyderationem,

725 168 82 39 quae
776 168 72 39 est
817 168 123 39 secundum
910 168 185 39 abstractionem,
1064 168 51 39 &
1074 168 165 39 imaginationem,

725 204 90 31 credo
785 204 80 31 quod
835 204 149 31 infinitudo,
954 204 50 31 &
974 204 80 31 alia
1024 204 129 31 huiusmodi
1113 204 120 31 accidentia

728 234 115 32 ommunia
811 234 115 32 vtrique
895 234 52 32 &
916 234 126 32 continuo
1010 234 52 32 &
1031 234 136 32 discreto,
1136 234 63 32 ex
1157 234 84 32 parte,

728 260 76 34 qua
771 260 86 34 sunt
825 260 119 34 quanta,
912 260 97 34 prius
977 260 108 34 natura
1052 260 162 34 participari
1182 260 54 34 a
1193 260 54 34 di-

729 294 95 34 screto
795 294 76 34 quam
842 294 47 34 a
861 294 123 34 continuo,
955 294 57 34 si
984 294 104 34 quantum
1059 294 104 34 dicitur
1126 294 113 34 analogice,

732 323 57 35 aut
764 323 81 35 saltem
821 323 138 35 aequalilitur,
935 323 49 35 si
960 323 90 35 vniuoce
1025 323 90 35 dicatur
1090 323 65 35 sed,
1131 323 65 35 quia
1164 323 81 35 secundum

731 354 190 40 consyderationem
891 354 130 40 naturalem
992 354 130 40 quantitas
1092 354 130 40 discreta,
1182 354 60 40 quae

721 383 74 36 est
764 383 127 36 numerus,
859 383 127 36 causatur
954 383 64 36 ex
986 383 138 36 diuisione
1092 383 138 36 continui,
1187 383 53 36 sic

722 417 143 36 infiitudo
832 417 143 36 inuenitur
942 417 66 36 in
975 417 110 36 numero
1052 417 99 36 prper
1107 417 132 36 continuum,

723 448 111 35 saltem
800 448 66 35 in
834 448 100 35 gnere
900 448 111 35 causae
977 448 166 35 materialis.
1110 448 77 35 Sed
1143 448 100 35 Arithme

727 485 118 29 ticus,
810 485 82 29 qui
857 485 118 29 natura
939 485 153 29 praecedit
1057 485 165 29 Geometram,
1186 485 82 29 non

730 513 150 41 consyderat
848 513 96 41 istam
912 513 128 41 rationem
1008 513 117 41 numeri,
1093 513 75 41 qui
1136 513 75 41 est
1168 513 75 41 sube-

728 540 88 39 ctum
783 540 99 39 eius,
849 540 143 39 inquantum
959 540 55 39 a
981 540 132 39 continuo
1080 540 99 39 habet
1135 540 110 39 causari,

730 580 91 35 quia
787 580 91 35 ista
844 580 103 35 ratio
912 580 91 35 sibi
969 580 80 35 est
1015 580 148 35 extranea,
1118 580 126 35 inquantum

727 613 79 33 est
772 613 147 33 subiectum
885 613 91 33 suae
942 613 227 33 consyderationis:
1124 613 113 33 alioquin

727 640 138 31 scientia
830 640 184 31 Arithmeticae
980 640 115 31 natura
1060 640 104 31 esset
1118 640 127 31 posterior

731 669 155 43 Oeometria,
853 669 55 43 &
875 669 200 43 praesupponeret
1041 669 111 43 illam:
1119 669 89 43 quod
1163 669 78 43 tamen

729 700 113 38 falsum
808 700 90 38 est.
864 700 79 38 Nec
909 700 135 38 videatur
1010 700 90 38 tibi
1067 700 101 38 mirum
1134 700 90 38 hoc,
1179 700 68 38 quia

725 733 89 37 multa
785 733 99 37 hibunt
854 733 139 37 verificari
963 733 119 37 secundum
1052 733 129 37 naturalem
1142 733 99 37 consyde-

731 762 133 34 rationem,
833 762 102 34 quorum
905 762 123 34 opposita
997 762 82 34 sunt
1048 762 82 34 vera
1099 762 123 34 secundum
1181 762 61 34 con-

725 795 187 35 syderationem
877 795 198 35 mathematicam,
1041 795 105 35 sicut
1111 795 105 35 dicit
1169 795 70 35 Com.

731 833 58 33 i.
760 833 58 33 I.
790 833 97 33 coeli.
858 833 78 33 com.
906 833 68 33 32.
945 833 78 33 quod
994 833 88 33 motui
1052 833 127 33 circulari
1150 833 88 33 nihil
1198 833 49 33 est

723 858 164 33 contrarium
852 858 187 33 naturaliter,
1004 858 58 33 &
1027 858 105 33 tamen
1098 858 117 33 potest
1168 858 70 33 esse

724 893 191 30 contrarietas
879 893 72 30 in
915 893 131 30 motibus
1011 893 191 30 eircularibus
1154 893 84 30 mathe

722 925 151 29 matice,
832 925 68 29 &
859 925 164 29 secundum
969 925 219 29 imaginationem.

756 948 122 39 Secunda
844 948 144 39 contradi.
955 948 77 39 eit
999 948 99 39 super
1065 948 99 39 eodem
1132 948 77 39 te.
1165 948 77 39 Aris.

731 985 60 34 in
761 985 140 34 principio.
871 985 60 34 3.
901 985 100 34 physi.
971 985 90 34 dicit
1031 985 80 34 quod
1081 985 90 34 sicut
1131 985 110 34 Naturalis

722 1018 180 40 consyderate
866 1018 84 40 det
914 1018 72 40 de
950 1018 108 40 motu,
1021 1018 96 40 quia
1081 1018 108 40 motus
1141 1018 96 40 ponitr

727 1050 62 40 in
758 1050 154 40 definitione
881 1050 123 40 naturae,
974 1050 93 40 eadem
1035 1050 123 40 ratione,
1128 1050 82 40 quia
1169 1050 72 40 motus

721 1079 116 35 videtur
806 1079 84 35 esse
858 1079 63 35 de
890 1079 147 35 gneratione
1005 1079 168 35 continuorum.
1131 1079 116 35 Naturalis

720 1110 93 37 dent
778 1110 174 37 considerare
917 1110 69 37 de
952 1110 150 37 continuo.
1067 1110 81 37 vbi
1102 1110 139 37 Themistius

724 1145 124 35 expresse
817 1145 93 35 dicit
879 1145 83 35 quod
930 1145 134 35 continuum
1033 1145 134 35 assumitur
1137 1145 62 35 in
1157 1145 83 35 defini

721 1178 96 33 tione
786 1178 107 33 motus.
860 1178 54 33 &
882 1178 75 33 ita
925 1178 96 33 etiam
989 1178 118 33 videtur
1074 1178 107 33 dicere
1149 1178 86 33 Com.
1192 1178 43 33 in

726 1208 85 34 com.
780 1208 64 34 I.
812 1208 53 34 &
833 1208 117 34 clarius
918 1208 64 34 in
950 1208 75 34 sua
993 1208 96 34 media
1057 1208 171 34 expositione,
1185 1208 53 34 vbi

722 1239 161 42 continuando
851 1239 161 42 intentionem
981 1239 151 42 Philosophi
1099 1239 108 42 dicit,
1174 1239 86 42 quod

717 1271 102 40 quia
781 1271 76 40 in
819 1271 191 40 definitione
971 1271 140 40 naturae
1073 1271 152 40 posuimus
1175 1271 64 40 mo-

725 1302 82 36 tum,
776 1302 113 36 oportet
858 1302 92 36 loqui
919 1302 61 36 de
950 1302 92 36 motu.
1012 1302 154 36 definientis
1135 1302 82 36 enim
1186 1302 72 36 in

720 1339 121 31 terest
805 1339 158 31 declarare
926 1339 121 31 partes
1011 1339 206 31 definitionis,
1180 1339 61 31 &
1193 1339 48 31 de

726 1367 167 38 passionibus
859 1367 134 38 partium.
960 1367 78 38 cum
1004 1367 100 38 autem
1071 1367 67 38 in
1093 1367 145 38 definitione

720 1405 105 29 motus
791 1405 129 29 apparet
884 1405 164 29 continuum,
1013 1405 59 29 &
1037 1405 152 29 continuum
1142 1405 94 29 conse-

726 1430 103 41 quitur
798 1430 144 41 infinitum,
911 1430 92 41 quare
972 1430 92 41 etiam
1034 1430 62 41 de
1065 1430 123 41 continuo
1157 1430 51 41 &
1178 1430 72 41 in

722 1461 99 37 finito
791 1461 89 37 loqui
851 1461 69 37 det
890 1461 139 37 Naturalis.
999 1461 109 37 videtur
1079 1461 99 37 igitur
1148 1461 79 37 quod
1187 1461 50 37 con

722 1495 106 35 tinuum
797 1495 74 35 sit
839 1495 64 35 de
871 1495 138 35 quiditate
978 1495 106 35 motus.
1052 1495 64 35 Ex
1084 1495 117 35 aduerso
1159 1495 74 35 autem

722 1525 110 37 videtur
802 1525 80 37 esse
852 1525 139 37 authoritas
961 1525 100 37 ipsius
1031 1525 80 37 Com.
1081 1525 70 37 in.
1120 1525 60 37 4.
1150 1525 80 37 phy.
1190 1525 40 37 in

725 1558 88 36 com.
780 1558 77 36 39.
824 1558 77 36 vbi
869 1558 99 36 dicit
935 1558 88 36 quod
990 1558 88 36 vnum
1045 1558 166 36 accidentium
1167 1558 66 36 nio-

721 1590 75 36 tus
764 1590 75 36 est
807 1590 172 36 continuatio.
946 1590 118 36 Amplius
1032 1590 75 36 est
1075 1590 107 36 ratio.
1150 1590 64 36 Si
1172 1590 64 36 enim

725 1620 175 38 continuatio
865 1620 105 38 esset
935 1620 70 38 de
970 1620 152 38 quiditate
1087 1620 117 38 motus,
1157 1620 70 38 qui-

725 1653 104 37 libet
795 1653 104 37 motus
864 1653 104 37 esset
933 1653 162 37 continuus.
1061 1653 92 37 quia
1118 1653 92 37 quod
1176 1653 81 37 per

721 1685 74 31 se
758 1685 149 31 competit
869 1685 174 31 superiori,
1006 1685 62 31 &
1031 1685 124 31 primo,
1105 1685 124 31 competit

726 1716 98 38 pibus
791 1716 174 38 inferioribus
933 1716 76 38 per
977 1716 76 38 se,
1020 1716 98 38 licet
1086 1716 76 38 non
1129 1716 109 38 primo,
1194 1716 44 38 si

718 1748 66 31 ue
751 1748 77 31 sit
795 1748 142 31 vniuocum,
904 1748 88 31 siue
959 1748 142 31 analogum:
1069 1748 77 31 sed
1112 1748 77 31 non
1145 1748 88 31 quili-

716 1779 70 34 bet
756 1779 90 34 motus
816 1779 70 34 est
857 1779 141 34 continuus,
967 1779 60 34 vt
997 1779 100 34 patet.
1067 1779 60 34 3.
1097 1779 90 34 phiy.
1158 1779 80 34 com.
1198 1779 30 34 &

718 1809 63 36 &.
750 1809 63 36 6.
782 1809 85 36 phy.
835 1809 85 36 com.
888 1809 74 36 23.
930 1809 106 36 igitur
1004 1809 137 36 continuum
1110 1809 74 36 non
1152 1809 74 36 est
1184 1809 42 36 de

718 1844 152 39 quiditate
835 1844 117 39 motus.
917 1844 128 39 Amplius
1010 1844 128 39 videtur
1104 1844 93 39 esse
1150 1844 82 39 autno

714 1878 97 35 titas
779 1878 150 35 Philosophi
897 1878 75 35 in.
939 1878 64 35 3.
972 1878 97 35 meta.
1036 1878 64 35 in
1068 1878 75 35 ca.
1111 1878 64 35 de
1132 1878 97 35 quanto.

717 1908 67 38 te.
756 1908 76 38 com.
803 1908 67 38 I6.
842 1908 76 38 quod
889 1908 134 38 quantitas,
995 1908 48 38 &
1014 1908 172 38 diuisibilitas,
1157 1908 48 38 &
1167 1908 57 38 com
