1416 2066
149 180 133 46 bet,
233 180 100 46 in
283 180 133 46 alio
366 180 167 46 quidem
483 180 133 46 esse
550 180 133 46 primum

171 228 111 38 locu,
245 228 86 38 non
294 228 111 38 tamen
368 228 74 38 in
405 228 111 38 illo,
479 228 74 38 vt
516 228 74 38 in
553 228 111 38 loco,
614 228 62 38 sed

170 268 85 46 vt
212 268 156 46 sanitas
325 268 141 46 quidem
424 268 85 46 in
467 268 170 46 calidis,
580 268 99 46 sicut

165 309 188 47 habitus,
306 309 141 47 calor
400 309 141 47 autem
494 309 94 47 in
525 309 156 47 corpore,

165 349 95 54 vt
213 349 174 54 passio.
339 349 142 54 quare
434 349 111 54 non
497 349 174 54 necesse
608 349 79 54 est

161 392 99 43 in
211 392 215 43 infinitum
360 392 132 43 abire.

212 434 125 60 gcno
290 434 141 60 autem
384 434 172 60 ponebat
494 434 187 60 questione,

161 481 100 59 hoc
218 481 129 59 modo,
304 481 72 59 &
333 481 129 59 dixit
419 481 86 59 si
462 481 129 59 locus
548 481 100 59 est
591 481 86 59 ali-

162 530 113 60 quid,
238 530 138 60 necesse
338 530 100 60 est,
401 530 75 60 ut
439 530 88 60 sit
489 530 75 60 in
526 530 138 60 aliquo,
614 530 63 60 er-

170 579 78 63 go
209 579 117 63 locus
287 579 91 63 non
340 579 104 63 est.
405 579 78 63 Et
444 579 183 63 dissolutio
575 579 104 63 illius

170 629 94 62 non
223 629 94 62 est
277 629 202 62 difficilis.
439 629 135 62 quonia
533 629 121 62 nihil
600 629 81 62 pro-

164 676 142 62 hibet,
263 676 85 62 vt
306 676 142 62 locus,
405 676 99 62 qui
461 676 156 62 dicitur
561 676 113 62 primo.

164 725 100 59 sit
221 725 86 59 in
264 725 128 59 alio,
349 725 100 59 sed
406 725 100 59 non
463 725 171 59 secundum
577 725 100 59 locu,

150 773 111 62 sed
213 773 189 62 secundum
355 773 126 62 quod
434 773 174 62 sanitas
561 773 111 62 est
624 773 95 62 in

159 821 137 54 rebus
250 821 168 54 calidis
372 821 183 54 secundum
509 821 168 54 formam,
616 821 61 54 et

159 873 174 57 calidum
286 873 95 57 in
333 873 174 57 corpore
460 873 190 57 secundum
586 873 95 57 pas-

170 924 159 54 sionem,
285 924 87 54 et
329 924 145 54 corpus
430 924 87 54 in
473 924 116 54 loco
531 924 145 54 secundum

180 980 105 54 vas.
245 980 78 54 et
285 980 92 54 non
337 980 157 54 sequitur
455 980 78 54 ex
494 980 92 54 hoc
533 980 144 54 processus

158 1021 97 53 in
190 1021 195 53 infinitum.

164 1068 103 49 Cum
223 1068 206 49 declarauit
385 1068 176 49 secundum
517 1068 118 49 quot
576 1068 103 49 modos

164 1109 149 52 dicitur
273 1109 149 52 aliquid
381 1109 108 52 esse
449 1109 81 52 in
489 1109 135 52 aliquo
571 1109 108 52 essen-

172 1148 173 50 tialiter,
305 1148 133 50 potuit
398 1148 186 50 dissoluere
544 1148 80 50 ex
584 1148 106 50 hoc,
637 1148 40 50 &

165 1188 181 49 opinione
301 1188 121 49 eius
377 1188 91 49 in
422 1188 136 49 loco,
498 1188 181 49 questionem

169 1228 179 38 Qenonis,
303 1228 75 38 &
333 1228 194 38 similiter
482 1228 179 38 sermonem
601 1228 75 38 di-

166 1265 172 46 centium
291 1265 141 46 locum
385 1265 125 46 esse
463 1265 203 46 materiam,
604 1265 78 46 aut

163 1308 161 38 formam.
281 1308 88 38 Et
324 1308 132 38 dixit
412 1308 117 38 geno
486 1308 132 38 vero,
573 1308 103 38 &c.
617 1308 59 38 i.

167 1345 124 55 Ceno
244 1345 124 55 vero
321 1345 170 55 negabat
444 1345 139 55 locum
537 1345 124 55 esse
599 1345 77 55 hoc

154 1381 105 54 modo.
224 1381 128 54 dicebat
317 1381 93 54 enim
375 1381 140 54 quoniam,
480 1381 70 54 si
515 1381 105 54 locus
585 1381 93 54 est,
631 1381 47 54 ne

170 1422 110 55 cesse
243 1422 98 55 est,
305 1422 74 55 vt
341 1422 86 55 sit
391 1422 74 55 in
427 1422 135 55 aliquo:
526 1422 61 55 &
550 1422 110 55 omne,
611 1422 74 55 quod

169 1465 91 53 est
221 1465 78 53 in
260 1465 143 53 aliquo,
364 1465 91 53 est
416 1465 78 53 in
454 1465 117 53 loco:
532 1465 104 53 ergo
584 1465 91 53 locus

167 1505 94 42 est
220 1505 80 42 in
260 1505 121 42 loco.
341 1505 134 42 deinde
435 1505 188 42 reuertetur
569 1505 107 42 inter-

170 1541 159 59 rogatio
285 1541 87 59 de
328 1541 101 59 hoc
386 1541 116 59 loco
458 1541 173 59 secundo,
588 1541 72 59 &
603 1541 72 59 se-

168 1588 131 51 quitur
260 1588 79 51 vt
299 1588 92 51 sit
352 1588 79 51 in
391 1588 105 51 loco
457 1588 144 51 tertio,
562 1588 66 51 &
588 1588 92 51 sic
627 1588 53 51 in

164 1628 196 38 infinitum,
318 1628 70 38 &
346 1628 98 38 sic
402 1628 210 38 inuenientur
570 1628 112 38 loca
626 1628 56 38 in

161 1666 107 49 actu
227 1666 174 49 infinita.
361 1666 94 49 et,
415 1666 94 49 cum
468 1666 94 49 hoc
522 1666 94 49 est
562 1666 120 49 impossi

166 1705 116 41 bile,
244 1705 155 41 sequitur
360 1705 103 41 quod
425 1705 116 41 locus
502 1705 90 41 non
554 1705 103 41 sit.
605 1705 78 41 D.in

165 1744 146 43 coepit
268 1744 204 43 dissoluere
428 1744 117 43 hanc
486 1744 190 43 questionem,

173 1783 66 43 &
199 1783 133 43 dixit:
292 1783 80 43 Et
332 1783 186 43 dissolutio
478 1783 133 43 illius
571 1783 93 43 non
611 1783 66 43 est

171 1825 165 49 difficilis,
303 1825 77 49 &c.
347 1825 66 49 i.
380 1825 121 49 quoniam
468 1825 165 49 propositio,
589 1825 88 49 dicens

167 1869 97 54 quod
227 1869 109 54 locus
300 1869 85 54 est
348 1869 133 54 aliquid
445 1869 72 54 in
481 1869 133 54 aliquo,
577 1869 85 54 est
614 1869 60 54 ve

699 182 75 52 ra
736 182 75 52 de
773 182 112 52 primo
848 182 100 52 loco
910 182 150 52 scilicet
1023 182 75 52 de
1060 182 112 52 primo
1122 182 100 52 corpo-

700 228 87 38 se
744 228 189 38 contento.
889 228 73 38 &
918 228 102 38 hoc
977 228 218 38 intendebat,
1136 228 73 38 cum

698 261 132 53 dixit,
790 261 237 53 piincipaliter.
987 261 92 53 sed
1040 261 132 53 dicere
1119 261 92 53 locum

699 301 102 52 esse
763 301 76 52 in
801 301 127 52 aliquo
890 301 89 52 non
941 301 89 52 est
992 301 102 52 idem
1056 301 102 52 quod
1107 301 102 52 dicere

699 338 133 43 corpus
792 338 106 43 esse
858 338 80 43 in
898 338 120 43 loco,
978 338 66 43 &
1005 338 120 43 aquam
1084 338 80 43 in
1111 338 93 43 vase,

698 377 79 49 vt
737 377 105 49 post
803 377 210 49 declarabitur
973 377 66 49 d
999 377 118 49 loco.
1078 377 105 49 D.d.
1143 377 92 49 sed

693 421 116 37 sicut
771 421 142 37 sanitas
874 421 90 37 est
926 421 78 37 in
964 421 116 37 rebus
1042 421 155 37 calidis,
1145 421 65 37 &c.

693 453 80 45 i.
733 453 93 45 sed
786 453 120 45 locum
866 453 107 45 esse
932 453 80 45 in
972 453 133 45 aliquo
1066 453 107 45 est,
1119 453 93 45 sicut

698 493 118 51 forma
776 493 78 51 in
816 493 170 51 subiecto.
946 493 78 51 v.
986 493 78 51 g.
1025 493 118 51 sicut
1090 493 118 51 sanitas

698 533 79 45 in
737 533 197 45 temperantia
894 533 131 45 calidi
986 533 92 45 cum
1039 533 157 45 frigido,
1157 533 79 45 &,

694 569 131 53 sicut
782 569 174 53 calidum,
912 569 73 53 &
941 569 174 53 frigidum
1072 569 87 53 in
1101 569 102 53 corpo

694 608 93 53 re:
747 608 133 53 corpus
840 608 107 53 vero
907 608 80 53 in
947 608 107 53 loco
1014 608 93 53 est
1067 608 120 53 sicut
1134 608 80 53 aqua

692 648 83 51 in
734 648 125 51 vase.
817 648 167 51 terminus
942 648 139 51 igitur
1039 648 153 51 medius,
1137 648 69 51 quo

704 685 110 45 Ceno
773 685 166 45 vtebatur
897 685 83 45 in
939 685 207 45 syllogismo,
1105 685 97 45 non
1146 685 69 45 est

699 725 123 45 vnus:
781 725 110 45 ergo
850 725 96 45 non
905 725 164 45 sequitur
1028 725 82 45 ex
1069 725 82 45 eo
1096 725 110 45 illud,

697 765 97 43 quod
758 765 183 43 existimauit
904 765 110 43 sequi
977 765 146 43 scilicet
1086 765 97 43 loca
1135 765 73 43 esse

696 804 163 40 infinita.
822 804 63 40 &
847 804 88 40 hoc
897 804 188 40 intendebat,
1047 804 88 40 cum
1097 804 125 40 dixit:
1172 804 38 40 &

692 844 101 52 non
749 844 173 52 sequitur
879 844 86 52 ex
922 844 101 52 hoc
980 844 158 52 procedi
1095 844 86 52 in
1124 844 86 52 infi

697 884 142 46 nitum.
796 884 85 46 Et
839 884 114 46 ista
910 884 157 46 solutio
1024 884 100 46 est
1067 884 128 46 possibi

695 921 76 54 lis
739 921 130 54 secundum
836 921 87 54 Ari.
891 921 130 54 dicentem
989 921 87 54 quod
1043 921 98 54 locus
1108 921 76 54 est
1141 921 65 54 su

701 961 173 52 perficies
833 961 159 52 corporis
953 961 212 52 continentis.
1112 961 93 52 super

698 1005 126 46 ficies
786 1005 100 46 enim
849 1005 88 46 est
899 1005 113 46 forma
975 1005 75 46 in
1012 1005 151 46 corpore.
1125 1005 88 46 qui
1163 1005 50 46 ve

695 1037 83 42 ro
737 1037 125 42 ponit
820 1037 125 42 locum
903 1037 111 42 esse
973 1037 208 42 dimentiones
1126 1037 83 42 exi-

699 1077 157 45 stentes,
817 1077 78 45 in
856 1077 131 45 quibus
947 1077 183 45 disponitur
1078 1077 131 45 locatum,

690 1117 99 55 non
747 1117 142 55 potest
846 1117 156 55 euadere
960 1117 71 55 a
988 1117 199 55 quaestione
1130 1117 71 55 ge-

696 1160 131 49 nonis.
788 1160 66 49 &
814 1160 105 49 ideo
879 1160 92 49 hoc
932 1160 92 49 est
984 1160 105 49 vnum
1050 1160 131 49 eorum,
1128 1160 79 49 qui-

699 1197 93 51 bus
752 1197 133 51 vtitur
845 1197 80 51 in
885 1197 213 51 destructione
1058 1197 133 51 istius
1138 1197 67 51 opi

698 1237 116 45 nionis
780 1237 140 45 scilicet
885 1237 140 45 dicentis
989 1237 105 45 locum
1059 1237 93 45 esse
1106 1237 93 45 inane,

699 1276 68 51 &
727 1276 149 51 vacuum,
835 1276 109 51 quod
903 1276 95 51 est
957 1276 136 51 interr
1039 1276 176 51 superficies

701 1316 128 50 vasis,
791 1316 90 50 non
842 1316 103 50 ipsa
907 1316 193 50 superficies
1061 1316 128 50 vasis.
1138 1316 64 50 sed

692 1355 100 47 qui
749 1355 129 47 ponit
835 1355 129 47 locum
921 1355 115 47 esse
993 1355 86 47 in
1036 1355 172 47 corpore,
1165 1355 72 47 &

695 1393 114 57 omne
766 1393 143 57 corpus
866 1393 114 57 esse
938 1393 86 57 in
980 1393 129 57 loco,
1052 1393 157 57 contingit

703 1437 77 50 ci
742 1437 179 50 necessario
883 1437 141 50 corpora
985 1437 103 50 esse
1049 1437 154 50 infinita
1152 1437 51 50 in

691 1476 120 39 actu,
771 1476 93 39 aut
824 1476 133 39 ponere
917 1476 107 39 quod
984 1476 133 39 corpus
1064 1476 146 39 continens

696 1512 125 43 totum
779 1512 97 43 non
834 1512 97 43 est
890 1512 83 43 in
931 1512 111 43 loco
987 1512 221 43 essentialiter.

698 1552 69 43 &
726 1552 111 43 haec
795 1552 97 43 est
850 1552 138 43 opinio
933 1552 125 43 Aristo.

740 1595 125 56 lllud
824 1595 125 56 autem
907 1595 209 56 manifestum,
1075 1595 125 56 quod,
1144 1595 70 56 cum

702 1637 96 45 vas
757 1637 124 45 nihil
840 1637 96 45 sit
894 1637 124 45 eius,
977 1637 110 45 quod
1045 1637 82 45 in
1087 1637 110 45 ipso
1141 1637 69 45 est

708 1682 125 48 aliud
792 1682 111 48 enim
861 1682 97 48 est
917 1682 139 48 primo,
1014 1682 70 48 &
1042 1682 111 48 quod
1098 1682 111 48 inest,

696 1725 76 45 &
726 1725 106 45 id,
787 1725 91 45 in
832 1725 106 45 quo
893 1725 182 45 inestnon
1029 1725 121 45 erit
1090 1725 121 45 vtique

694 1767 106 51 aut
754 1767 167 51 materia
876 1767 106 51 aut
936 1767 136 51 forma
1027 1767 152 51 locus,
1133 1767 106 51 sed

693 1813 135 53 aliud.
787 1813 135 53 illius
881 1813 108 53 enim
949 1813 148 53 aliquid
1057 1813 108 53 haec
1111 1813 94 53 sunt,

694 1857 125 57 quod
773 1857 157 57 inest,
882 1857 94 57 et
929 1857 188 57 materia,
1070 1857 78 57 &
1086 1857 125 57 forma.
