1416 2066
172 181 97 60 Haee
232 181 109 60 quod,
305 181 73 60 vt
342 181 73 60 d.
378 181 121 60 auctor
463 181 97 60 est.
523 181 73 60 Si
560 181 109 60 omne,
620 181 73 60 quid

171 228 162 41 mouetur,
292 228 148 41 mouetur
399 228 81 41 ab
440 228 135 41 aliquo
534 228 148 41 motore,
628 228 54 41 qu

187 265 69 41 re
222 265 127 41 quaedam
315 265 127 41 mobilia
407 265 150 41 mouentur,
523 265 81 41 cum
569 265 104 41 motor
627 265 58 41 il-

190 303 104 43 llorum
262 303 73 43 sit
304 303 135 43 inquiete.
408 303 62 43 ex
439 303 73 43 hoc
481 303 83 43 enim
533 303 125 43 sequitur
616 303 62 43 alte

181 348 79 37 rum
226 348 113 37 trium:
305 348 79 37 aut
350 348 90 37 quod
407 348 124 37 aliquid
497 348 136 37 moueatur
599 348 90 37 sine
644 348 45 37 mo

179 389 113 29 tore,
255 389 88 29 aut
305 389 101 29 quod
368 389 126 29 motor,
456 389 88 29 cum
506 389 88 29 sit
557 389 138 29 corpus,
645 389 50 29 mo

185 427 104 39 ueat
250 427 143 39 aliquid
354 427 130 39 absque
444 427 91 39 eo,
496 427 104 39 quod
548 427 143 39 moueatur,

186 453 61 54 &
210 453 98 54 fine
272 453 86 54 eo,
321 453 98 54 quod
382 453 123 54 targat
468 453 123 54 illud,
554 453 98 54 quod
603 453 86 54 moue-

190 492 103 51 tur,
255 492 90 51 aut
306 492 142 51 dicatur
410 492 103 51 quod
474 492 129 51 primus
565 492 116 51 motor
629 492 65 51 pet

184 533 147 37 mouere,
291 533 94 37 non
344 533 174 37 continue.
478 533 107 37 Quae
545 533 120 37 autem
625 533 94 37 in¬

185 569 127 41 ducunt
274 569 101 41 hanc
337 569 139 41 quodnem
439 569 101 41 sunt
502 569 114 41 illa,
578 569 101 41 quae
629 569 63 41 pro

189 606 196 46 iiciuntur,
343 606 98 46 aut
399 606 224 46 sagittantur.
566 606 126 46 videmus

186 646 104 47 en.
246 646 164 47 lapidem
365 646 193 47 prorectum
513 646 164 47 moueri,
618 646 74 47 cum

184 692 145 39 manus,
286 692 116 39 quae
359 692 174 39 mouerit,
490 692 102 39 iam
533 692 160 39 quiescit:

192 719 160 51 similiter
314 719 74 51 de
351 719 135 51 sagitta
450 719 61 51 a
474 719 135 51 chorda.
572 719 98 51 Hanc
621 719 74 51 qui-

171 756 67 51 .
197 756 94 51 dem
251 756 148 51 quodnem
359 756 148 51 opponit
467 756 121 51 illis
534 756 162 51 proponibus

187 797 125 45 qubus
270 797 111 45 vsus
340 797 97 45 est
395 797 83 45 in
437 797 139 45 pdicta
520 797 167 45 declaratio

194 833 77 48 ie,
238 833 131 48 scilicet
336 833 87 48 omne
391 833 98 48 motum
456 833 109 48 habere
533 833 131 48 motorem,
631 833 55 48 &
642 833 55 48 ip-

190 877 98 37 sum
246 877 98 37 non
302 877 153 37 mouere,
413 877 112 37 nisi
483 877 98 37 cum
525 877 153 37 moueatur,

185 907 102 52 cum
244 907 102 52 sit
302 907 160 52 corpus,
418 907 73 52 &
448 907 131 52 super
535 907 102 52 hoc
579 907 116 52 funda-

196 948 74 39 bit
239 948 96 39 prius
303 948 85 39 hoc,
356 948 85 39 quid
409 948 106 39 voluit
483 948 149 39 declarare,
590 948 106 39 scilicet

185 982 101 53 quod
249 982 101 53 iste
312 982 114 53 motor
388 982 89 53 non
439 982 89 53 est
489 982 139 53 corpus.
591 982 76 53 &,
616 982 76 53 quia

190 1022 106 56 etiam
261 1022 176 56 contradicit
402 1022 106 56 huic,
472 1022 94 56 quid
531 1022 141 56 ostensum
625 1022 70 56 est:

190 1068 157 32 quoniam
304 1068 143 32 primus
404 1068 128 32 motor
489 1068 143 32 cotmue
575 1068 114 32 mouet.

191 1101 59 37 &
215 1101 94 37 ideo
273 1101 70 37 d,
308 1101 129 37 quomodo
402 1101 129 37 quaedam
496 1101 141 37 continue
590 1101 105 37 mouean-

190 1136 113 42 tur.
261 1136 99 42 &c.
317 1136 113 42 Lost
388 1136 85 42 d.
430 1136 99 42 Et,
487 1136 85 42 si
529 1136 127 42 motor
600 1136 99 42 mouet

188 1173 79 45 &t
227 1173 92 45 hoc
280 1173 131 45 aliud,
371 1173 79 45 vt
411 1173 131 45 aerem,
502 1173 79 45 &,
542 1173 92 45 cum
594 1173 92 45 hoc
634 1173 52 45 mo

192 1220 137 41 ueatur,
291 1220 125 41 mouet.
379 1220 75 41 i.
416 1220 75 41 &,
454 1220 75 41 si
491 1220 137 41 aliquis
579 1220 112 41 dixerit

191 1252 92 47 quod
248 1252 103 47 huius
317 1252 80 47 cam
363 1252 92 47 est,
420 1252 92 47 quod
478 1252 103 47 motor
547 1252 69 47 in
570 1252 126 47 huiusmodi

193 1289 118 40 mouet
272 1289 92 40 cum
324 1289 118 40 illo,
403 1289 105 40 quid
469 1289 145 40 mouetur
575 1289 79 40 ab
601 1289 92 40 illo,

189 1325 134 51 aliud,
283 1325 107 51 quod
350 1325 121 51 mouet
430 1325 121 51 illud
511 1325 134 51 motum,
592 1325 107 51 quando

193 1365 129 50 primus
283 1365 116 50 motor
360 1365 142 50 cessat.
463 1365 77 50 v.
502 1365 77 50 g.
540 1365 129 50 quando
618 1365 64 50 man

190 1410 124 45 mouet
273 1410 165 45 lapidem,
397 1410 124 45 mouet
479 1410 96 45 cum
534 1410 110 45 illo
589 1410 110 45 aerem.

192 1441 110 47 quare
265 1441 134 47 accidit
363 1441 98 47 quod
424 1441 61 47 ,
448 1441 85 47 cum
497 1441 110 47 manus
570 1441 110 47 etiam
631 1441 61 47 non

191 1485 116 45 mouet
269 1485 155 45 lapidem,
385 1485 129 45 statim
475 1485 155 45 succedit
592 1485 78 45 ei
617 1485 78 45 aer-

187 1517 92 50 in
233 1517 169 50 mouendo
355 1517 184 50 lapidem:
494 1517 153 50 deinde
586 1517 107 50 mouet

191 1556 107 38 etam
257 1556 120 38 eodem
338 1556 107 38 motu
404 1556 120 38 alium
485 1556 120 38 aerem
565 1556 94 38 cum
605 1556 80 38 lapi

186 1601 90 34 de:
237 1601 102 34 vnde
301 1601 141 34 accidit
404 1601 102 34 quod
468 1601 153 34 secundus
583 1601 90 34 aer
621 1601 64 34 mo-

190 1642 98 43 uet
246 1642 153 43 lapidem
357 1642 125 43 primo
441 1642 209 43 quiescente.
594 1642 98 43 motus

186 1671 97 51 ergo
246 1671 133 51 lapidis
343 1671 133 51 videtul
440 1671 109 51 quasi
513 1671 170 51 continuus,
634 1671 61 51 cum

185 1716 107 38 fiat
252 1716 188 38 successiue
399 1716 67 38 a
426 1716 174 38 pluribus:
547 1716 147 38 successio

191 1748 132 43 quidem
283 1748 93 43 non
336 1748 146 43 cessat,
442 1748 159 43 quousque
562 1748 119 43 motus
628 1748 66 43 ces

191 1788 93 51 set.
249 1788 93 51 Post
308 1788 81 51 hoc
354 1788 70 51 d.
389 1788 105 51 tamen
459 1788 174 51 impossibile
598 1788 81 51 est
633 1788 58 51 ip-

188 1825 98 57 sum
244 1825 154 57 moueri,
356 1825 112 57 nisi
426 1825 140 57 primum
523 1825 154 57 tangat,
621 1825 70 57 aut

708 187 134 47 moueatur
808 187 78 47 imo
853 187 123 47 necesse
943 187 89 47 est,
998 187 78 47 &c.
1043 187 67 47 i.
1077 187 67 47 s,
1099 187 123 47 huiusmodi

712 226 104 52 solo
777 226 117 52 nihil
854 226 117 52 aliud
932 226 91 52 est
984 226 91 52 qua
1036 226 129 52 mutare
1126 226 117 52 quae¬

705 265 143 41 stionem
809 265 78 41 de
848 265 130 41 lapide
939 265 78 41 ad
979 265 130 41 aerem,
1070 265 91 41 aut
1109 265 104 41 aquam,

708 304 55 42 &
730 304 187 42 vniversaliter
884 304 66 42 ad
917 304 110 42 illud,
995 304 99 42 quid,
1061 304 77 42 cum
1105 304 99 42 primo
1160 304 55 42 mo-

705 341 95 50 to
753 341 174 50 mouetur
879 341 79 50 a
911 341 142 50 primo
1006 341 174 50 motore.
1116 341 95 50 Que-

711 386 123 40 rendum
797 386 86 40 est
846 386 98 40 enim
907 386 111 40 etiam
981 386 74 40 de
1018 386 111 40 aere,
1092 386 111 40 quare
1153 386 74 40 post

709 428 175 38 quietem
836 428 143 38 manus
931 428 175 38 remanet
1058 428 143 38 aerem
1138 428 79 38 mo-

712 455 122 53 uere
788 455 183 53 lapidem,
925 455 107 53 cum
986 455 107 53 non
1047 455 153 53 moueat
1139 455 76 53 la-

712 500 153 43 pidem,
819 500 123 43 nisi
895 500 199 43 moueatur,
1049 500 107 43 nec
1095 500 123 43 mouea-

710 532 112 54 tur,
780 532 112 54 nisi
851 532 127 54 manus
935 532 155 54 moueat.
1047 532 155 54 oportet
1146 532 70 54 igi

712 577 103 43 tur
771 577 133 43 omnia
860 577 147 43 omniuo
963 577 206 43 quiescere,
1110 577 103 43 quan-

715 608 93 48 do
761 608 154 48 primus
869 608 139 48 motor
962 608 201 48 quiescit,
1116 608 77 48 &
1131 608 93 48 moue

712 646 98 44 ri,
768 646 98 44 cum
824 646 112 44 ipse
895 646 155 44 moueat.
1007 646 84 44 Et
1049 646 98 44 hoc
1091 646 127 44 voluit,

716 680 103 43 cum
775 680 88 43 d.
819 680 117 43 immo
892 680 161 43 necesse
1010 680 103 43 est
1068 680 132 43 simul
1142 680 73 43 om-

709 720 90 42 ma
754 720 165 42 moueri,
874 720 75 42 &
904 720 135 42 simul
993 720 210 42 quiescere,
1143 720 75 42 cum

716 758 142 50 primus
815 758 128 50 motor
901 758 199 50 quieuerit,
1057 758 85 50 i,
1100 758 100 50 aer
1143 758 71 50 aut

718 795 140 39 chorda,
820 795 89 39 aut
871 795 89 39 his
921 795 152 39 similia.
1035 795 101 39 Post
1099 795 76 39 d.
1124 795 89 39 simi-

718 837 102 37 liter
786 837 79 37 est
831 837 57 37 &
853 837 68 37 si
887 837 102 37 etiam
955 837 113 37 facit,
1034 837 102 37 sicut
1102 837 102 37 facit
1158 837 57 37 la-

720 877 78 41 pis
765 877 134 41 scilicet
865 877 145 41 magnetes,
977 877 78 41 &c.
1022 877 67 41 i.
1055 877 145 41 similiter
1156 877 67 41 rema

715 911 95 49 net
770 911 122 49 quod,
851 911 122 49 manus
933 911 109 49 enim
1001 911 95 49 non
1055 911 122 49 mouet
1123 911 95 49 illud

719 948 187 38 proiectum,
866 948 107 38 nisi
932 948 147 38 mouendo
1039 948 120 38 prius
1106 948 107 38 aerem:

713 988 79 51 vt
752 988 145 51 dicamus
858 988 106 51 quod
924 988 119 51 lapis
1003 988 158 51 magnetis
1108 988 106 51 attra-

711 1022 96 54 het
766 1022 150 54 ferrum,
875 1022 109 54 quid
944 1022 150 54 ponitur
1053 1022 109 54 vtra
1108 1022 109 54 primum

707 1061 165 38 ferrum,
827 1061 180 38 mediante
962 1061 225 38 attractione
1126 1061 90 38 eius

713 1100 77 38 ad
752 1100 128 38 primum
841 1100 141 38 ferrum.
944 1100 103 38 D.d.
1008 1100 90 38 hoc
1059 1100 115 38 autem
1123 1100 90 38 debet

714 1136 124 43 concedi
804 1136 67 43 de
837 1136 180 43 necessitate,
983 1136 135 43 scilicet
1084 1136 90 43 quod
1129 1136 90 43 primus

714 1173 116 50 motor
791 1173 103 50 est,
855 1173 90 50 qui
907 1173 90 50 hoc
958 1173 128 50 facit.
1048 1173 77 50 i.
1087 1173 90 50 sed
1125 1173 90 50 opor-

714 1213 90 38 ter
766 1213 90 38 nos
817 1213 167 38 concedere
945 1213 77 38 de
984 1213 167 38 huiusmodi
1099 1213 116 38 mobili-

710 1252 116 38 bus
776 1252 165 38 primum
891 1252 182 38 motorem
1023 1252 132 38 esse
1089 1252 132 38 causam

707 1290 134 40 motus
797 1290 134 40 eorum
886 1290 149 40 omnium
990 1290 89 40 de
1035 1290 134 40 primo
1125 1290 89 40 ad
1154 1290 60 40 vl

712 1325 146 53 timum.
815 1325 117 53 Quod
888 1325 131 53 autem
975 1325 102 53 est
1019 1325 190 53 consideran-

718 1363 105 51 dum,
784 1363 105 51 est,
849 1363 144 51 quomodo
954 1363 92 51 sit
1007 1363 118 51 causa
1086 1363 118 51 eorum
1151 1363 66 51 mo-

710 1405 108 37 tus.
778 1405 95 37 hoc
832 1405 149 37 quidem,
941 1405 81 37 vt
982 1405 81 37 d.
1022 1405 149 37 auctor,
1117 1405 95 37 conce

710 1440 164 42 dendum
824 1440 131 42 est,
906 1440 115 42 cum
972 1440 147 42 huius
1053 1440 164 42 mobilium

713 1476 128 46 motus
798 1476 170 46 sequatur
925 1476 85 46 in
968 1476 213 46 velocitate,
1138 1476 71 46 &
1152 1476 71 46 tar

711 1519 148 51 ditate
815 1519 192 51 potentiam
962 1519 133 51 primi
1051 1519 177 51 motoris,
1169 1519 44 51 &

707 1557 121 49 eius
783 1557 243 49 debilitatem,
980 1557 91 49 ex
1026 1557 106 49 quo
1071 1557 152 49 possumus

711 1597 138 37 scire
803 1597 153 37 primum
910 1597 168 37 motorem
1032 1597 123 37 esse
1094 1597 123 37 causam

711 1632 129 41 huius
797 1632 129 41 motus
883 1632 86 41 de
926 1632 144 41 initio
1026 1632 86 41 ad
1069 1632 144 41 finem.
1156 1632 57 41 D.

707 1669 149 45 innuit
811 1669 149 45 modum,
916 1669 104 45 quo
975 1669 194 45 huiusmodi
1110 1669 104 45 motus

715 1709 106 53 pont
781 1709 120 53 fieri
861 1709 252 53 exemplificando,
1073 1709 66 53 &
1100 1709 80 53 d.
1140 1709 80 53 v.
1166 1709 40 53 g

711 1749 90 46 qui
762 1749 115 46 mouet
839 1749 128 46 aerem,
929 1749 90 46 cum
980 1749 128 46 fuerit
1057 1749 154 46 huiusmodi,

707 1795 83 39 aut
755 1795 119 39 aquam,
838 1795 83 39 aut
885 1795 119 39 aliud,
969 1795 83 39 &c.
1016 1795 71 39 i.
1052 1795 71 39 v.
1087 1795 95 39 gra.
1147 1795 95 39 quod

708 1823 150 51 primus
813 1823 150 51 motoi,
918 1823 90 51 vt
963 1823 150 51 dicas,
1069 1823 135 51 manus
1144 1823 75 51 mo
