1416 2066
149 173 91 57 bet
201 173 143 57 natura,
305 173 104 57 quae
370 173 143 57 dicitur
475 173 78 57 de
514 173 143 57 materia
605 173 65 57 cum

161 219 98 50 ea,
217 219 112 50 quae
287 219 84 50 de
328 219 139 50 forma.
426 219 125 50 patet
510 219 112 50 ergo
565 219 98 50 mate-

163 257 106 43 riam
229 257 119 43 prper
309 257 133 43 formam
402 257 173 43 existere,
521 257 146 43 formamque

165 295 107 53 esse
232 295 120 53 finem
312 295 80 53 in
352 295 214 53 generatione.
526 295 120 53 Neque
593 295 80 53 quod

165 339 120 39 casu
240 339 90 39 in
285 339 135 39 rebus
375 339 225 39 naturalibus
540 339 135 39 euenire

160 373 150 50 solet,
265 373 180 50 prohibet
400 373 165 50 naturam
521 373 105 50 non
566 373 105 50 agere

163 409 189 54 propter
301 409 207 54 aliquid.
438 409 224 54 Quemadmodum

157 452 79 46 si
196 452 79 46 in
236 452 105 46 arte
302 452 145 46 aliquid
407 452 198 46 committatur
552 452 119 46 crimem,

158 501 100 40 non
215 501 143 40 perpea
315 501 157 40 oportet
430 501 100 40 eam
487 501 100 40 non
530 501 143 40 propter.

160 531 164 51 aliquid
279 531 179 51 operari.
414 531 119 51 nam,
488 531 89 51 si
518 531 149 51 grammati

163 565 106 57 cus
223 565 91 57 in
269 565 121 57 suis
345 565 197 57 delinquat
481 565 182 57 sermonibus

164 606 198 45 medicusque
319 606 85 45 in
362 606 170 45 potionis
475 606 184 45 exhibitione

165 646 84 52 id
207 646 140 52 quidem
305 646 126 52 raro,
389 646 70 52 &
417 646 98 52 per
473 646 168 52 accidens
585 646 84 52 com-

161 692 150 44 tingit.
271 692 150 44 peccata
380 692 150 44 itidem,
489 692 109 44 quae
558 692 82 44 in
585 692 82 44 ani-

165 720 140 51 malium
263 720 224 51 procreatione
445 720 154 51 euenire
543 720 126 51 solent,

149 763 114 47 sunt
220 763 157 47 prorsum
334 763 128 47 huius
420 763 171 47 generis,
534 763 128 47 videli-

164 805 96 40 cet
219 805 109 40 quod
287 805 109 40 raro
356 805 150 40 euenit,
465 805 68 40 &
492 805 82 40 ex
520 805 150 40 necessita

167 844 77 45 te
206 844 167 45 materiae,
334 844 231 45 corruptioneque
514 844 154 45 principii,

161 878 108 53 quod
229 878 95 53 est
283 878 162 53 promptum
405 878 122 53 finem
486 878 162 53 assequi,
607 878 95 53 sed

166 925 104 45 eum
226 925 224 45 imperfectum
405 925 239 45 adipiscitur:
598 925 104 45 non

162 959 101 49 quod
226 959 165 49 corruptio
352 959 76 49 ei
390 959 152 49 adueniat
504 959 76 49 ad
530 959 139 49 recipien-

160 995 109 39 dum
223 995 140 39 alium
316 995 156 39 finem.
426 995 78 39 &
457 995 125 39 ideo
535 995 109 39 nos
597 995 109 39 non

167 1037 215 45 assentimus
335 1037 169 45 aliquod
458 1037 153 45 animal
550 1037 123 45 gigni,

166 1074 124 51 cuius
249 1074 165 51 superior
372 1074 110 51 pars
441 1074 124 51 media
524 1074 96 51 sit
565 1074 96 51 huma-

167 1117 95 36 na,
222 1117 68 36 &
249 1117 122 36 media
330 1117 163 36 inferior
452 1117 163 36 alterius
561 1117 108 36 anima-

168 1148 106 54 lis,
234 1148 80 54 vt
274 1148 119 54 multi
354 1148 186 54 Antiquorum
499 1148 80 54 id
539 1148 93 54 pro
579 1148 93 54 possi

165 1187 111 55 bili
235 1187 194 55 inconfesso
387 1187 153 55 habent.
498 1187 97 55 Nam
540 1187 125 55 quodli-

170 1231 94 43 bet
223 1231 94 43 non
277 1231 107 43 fit,
344 1231 121 43 neque
424 1231 174 43 quodlibet
545 1231 121 43 princi-

163 1269 107 55 pium
229 1269 93 55 est
283 1269 187 55 cuiuslibet
430 1269 120 55 finis
496 1269 174 55 principium:

163 1313 120 41 immo
238 1313 239 41 proportiones
432 1313 134 41 finis
522 1313 90 41 in
551 1313 120 41 genera

169 1349 137 53 tione,
265 1349 82 53 ad
307 1349 96 53 sua
362 1349 179 53 principia
499 1349 110 53 sunt
554 1349 110 53 profe-

169 1387 90 46 cto
221 1387 193 46 terminatae.
375 1387 193 46 Impossibile
530 1387 129 46 igitur
608 1387 64 46 est

172 1428 108 53 dari
239 1428 108 53 illa
307 1428 176 53 portenta,
442 1428 108 53 quae
509 1428 149 53 Antiqui
604 1428 68 53 ar-

168 1468 141 51 bitrati
271 1468 115 51 sunt.
347 1468 77 51 Si
386 1468 115 51 tamen
462 1468 141 51 accidat
552 1468 115 51 aliquid

166 1509 187 37 monstrum
306 1509 93 37 in
353 1509 311 37 procreationibus,
602 1509 62 37 io

167 1548 148 47 quidem
271 1548 89 47 in
315 1548 103 47 vna
374 1548 177 47 duntaxat
507 1548 148 47 specie
595 1548 74 47 re-

166 1588 168 45 peritur:
292 1588 98 45 vt,
348 1588 84 45 si
390 1588 126 45 agnus
473 1588 98 45 cum
529 1588 140 45 duobus
613 1588 56 45 ca

168 1623 157 51 pitibus
282 1623 128 51 nasci
367 1623 185 51 videatur.
510 1623 114 51 quod
567 1623 100 51 etiam

163 1664 115 44 raro
234 1664 158 44 euenit.
349 1664 201 44 Antiquorum
507 1664 129 44 adhuc
579 1664 86 44 qui-

163 1701 103 46 dam
222 1701 191 46 arbitrati
369 1701 118 46 sunt
443 1701 147 46 causam
531 1701 133 46 finalem

167 1742 145 53 inueniri
276 1742 73 53 in
312 1742 133 53 artibus
409 1742 121 53 tamtu,
494 1742 97 53 quae
542 1742 121 53 intelle-

166 1782 112 45 ctu,
236 1782 70 45 &
264 1782 238 45 consultatione
460 1782 168 45 vtuntur.
572 1782 98 45 nihil

162 1821 142 45 tamen
257 1821 174 45 dicunt.
383 1821 174 45 quoniam
510 1821 111 45 id,
557 1821 111 45 cuius

163 1869 139 45 gratia,
265 1869 177 45 perspicuum
404 1869 89 45 est
454 1869 76 45 in
492 1869 152 45 artibus,
593 1869 89 45 quaie

685 173 111 57 non
748 173 190 57 exercent
891 173 253 57 intellectum,
1080 173 111 57 quem-

682 216 159 50 admodum
797 216 72 50 &
826 216 87 50 in
870 216 116 50 his,
942 216 116 50 quae
1014 216 87 50 eo
1043 216 145 50 vtuntur,

690 261 79 47 vt
729 261 171 47 Lignaria,
861 261 171 47 Tabrilis,
993 261 66 47 &
1020 261 158 47 Sutoria.
1125 261 66 47 ne-

686 297 122 49 minem
768 297 109 49 enim
836 297 122 49 latet
917 297 95 49 has
972 297 149 49 propter
1067 297 122 49 aliquid

683 334 173 51 operari:
812 334 72 51 &
841 334 86 51 si
884 334 130 51 Sutor
971 334 101 51 non
1014 334 173 51 consyderet

684 372 185 54 peruentum
826 372 128 54 finis
911 372 157 54 illius,
1025 372 128 54 neque
1096 372 100 54 etiam

693 411 128 54 raber
778 411 198 54 lignarius,
934 411 85 54 vt
976 411 198 54 consyderat
1118 411 71 54 Me-

681 452 124 51 dicus
764 452 124 51 atque
846 452 137 51 Nauta.
942 452 82 51 In
983 452 96 51 his
1038 452 137 51 igitur
1120 452 69 51 re-

685 492 96 38 bus
740 492 124 38 nihil
823 492 165 38 interest
946 492 124 38 inter
1028 492 151 38 cunctas
1124 492 69 38 ar-

685 531 96 47 tes
740 531 165 47 inuitem,
864 531 124 47 neque
947 531 124 47 inter
1030 531 138 47 artem,
1126 531 69 47 &
1140 531 55 47 na

687 567 127 51 turam,
776 567 102 51 nisi
840 567 102 51 quod
903 567 89 51 ars
954 567 127 51 extra,
1043 567 127 51 natura
1119 567 76 51 vero

687 605 123 46 intra
769 605 96 46 rem
824 605 164 46 existit.
947 605 123 46 Adest
1029 605 68 46 &
1057 605 137 46 Tertia
1139 605 68 46 ra-

684 648 103 50 tio,
748 648 103 50 quae
813 648 154 50 ostendit
928 648 141 50 naturam
1031 648 128 50 perper
1108 648 77 50 ali-

684 692 120 32 quid
759 692 135 32 agere
849 692 240 32 perquirendo.
1030 692 165 32 videlicet

691 712 184 58 Tsingusas
833 712 213 58 operationes
1003 712 128 58 eius,
1088 712 99 58 tum
1130 712 57 58 in

682 765 218 45 animalibus,
857 765 102 45 tum
915 765 87 45 in
959 765 203 45 stirpibus,
1118 765 73 45 &
1133 765 58 45 p-

686 798 147 44 sertim
789 798 88 44 in
833 798 206 44 animalibus
980 798 206 44 Tdiscurrenti

684 839 115 44 bus,
756 839 115 44 quae
828 839 216 44 operationes
1001 839 130 44 agunt
1073 839 115 44 termi-

686 878 97 43 nat
741 878 97 43 as,
797 878 97 43 non
852 878 83 43 ab
893 878 110 43 arte
962 878 193 43 ordinatas,
1100 878 97 43 neque

689 918 202 48 intellectu,
850 918 81 48 vt
890 918 148 48 araneam
998 918 148 48 texere,
1106 918 67 48 &
1119 918 81 48 apes

694 956 161 53 cellulas
815 956 175 53 sexagonas
949 956 161 53 struere,
1057 956 134 53 reliqua-

691 1005 113 42 que
756 1005 210 42 animalia:
917 1005 97 42 ex
966 1005 162 42 quorum
1063 1005 129 42 opera-

689 1034 179 40 tiodoibus
827 1034 138 40 abunde
924 1034 152 40 apparet
1034 1034 83 40 ea
1062 1034 138 40 propter.

679 1083 179 39 aliquam
809 1083 146 39 agere
906 1083 179 39 causam,
1036 1083 130 39 quod
1118 1083 81 39 &
1134 1083 65 39 ex

688 1117 244 38 vtilitatibus
886 1117 198 38 membrorum
1023 1117 167 38 animalium

687 1152 119 42 satis
766 1152 132 42 aperte
859 1152 159 42 constat.
978 1152 79 42 In
1017 1152 145 42 plantis
1110 1152 79 42 quo-

688 1191 103 49 que
747 1191 118 49 idem
821 1191 206 49 perspicuum
983 1191 118 49 est,
1056 1191 74 49 &
1086 1191 88 49 si
1115 1191 74 49 mi-

686 1231 94 51 nus
739 1231 148 51 pateat,
847 1231 81 51 vt
887 1231 121 51 solia
968 1231 162 51 emittere
1089 1231 94 51 pro
1130 1231 67 51 fru

687 1274 113 48 ctus
757 1274 183 48 custodia,
899 1274 169 48 corticem
1026 1274 113 48 vero
1082 1274 113 48 grano-

686 1311 114 47 rum
751 1311 114 47 pro
816 1311 195 47 eorundem
962 1311 179 47 tutela.
1075 1311 114 47 Porro

692 1350 121 53 quod
768 1350 91 53 de
813 1350 151 53 pluuia
919 1350 91 53 in
964 1350 212 53 argumentum
1115 1350 76 53 af-

679 1394 157 39 ferunt
789 1394 110 39 nos
852 1394 110 39 non
915 1394 235 39 assentimus:
1087 1394 110 39 neque

682 1433 174 41 diximus
808 1433 174 41 pluuiam
935 1433 79 41 a
966 1433 126 41 casu
1029 1433 158 41 euenire,

686 1468 104 51 sed
746 1468 163 51 dicimus
864 1468 119 51 hoc,
939 1468 89 51 vt
983 1468 148 51 semper
1087 1468 89 51 ex
1117 1468 74 51 mo-

690 1506 67 51 tu
723 1506 135 51 scilicet
825 1506 101 51 solis
892 1506 67 51 in
926 1506 124 51 circulo
1015 1506 135 51 obliquo.
1116 1506 67 51 id
1139 1506 56 51 au-

689 1550 101 49 tem,
753 1550 101 49 quod
816 1550 89 49 est
867 1550 76 49 vt
905 1550 139 49 semper,
1006 1550 63 49 &
1019 1550 177 49 necessarium,

687 1586 96 52 non
742 1586 96 52 fit
797 1586 69 52 a
825 1586 124 52 casu,
908 1586 110 52 immo
977 1586 152 52 propter
1073 1586 124 52 aliquem

687 1626 163 40 finem.
801 1626 130 40 quod
882 1626 163 40 quidem
996 1626 98 40 ob
1045 1626 114 40 duo
1093 1626 98 40 eue-

683 1663 123 44 nit,
759 1663 153 44 quorum
867 1663 169 44 alterum
974 1663 215 44 necessarium,

689 1703 155 43 alterum
802 1703 113 43 vero
872 1703 141 43 melius
971 1703 169 43 existit.
1084 1703 113 43 Neces-

688 1741 133 45 sarium
781 1741 133 45 quidem
874 1741 106 45 est,
940 1741 80 45 vt
980 1741 160 45 scilicet
1087 1741 106 45 elemen

683 1784 88 40 ta
727 1784 192 40 remaneant
875 1784 88 40 in
919 1784 147 40 specie
1022 1784 177 40 feruata:
1155 1784 74 40 &

690 1825 113 47 ideo
761 1825 85 47 ex
803 1825 113 47 sese
874 1825 156 47 inuicem
987 1825 184 47 quibusdam
1114 1825 85 47 ter-

684 1869 176 45 minatis
812 1869 224 45 temporibus
971 1869 208 45 generantur.
