1416 2066
167 181 164 62 tempus
282 181 247 62 praeteritum
479 181 115 62 cum
528 181 148 62 futuro,

181 234 99 56 et
230 234 198 56 extremum
378 234 214 56 temporis:
543 234 132 56 quia
609 234 82 56 est

180 281 221 57 principium
354 281 190 57 cuiusdam
496 281 174 57 partis,
623 281 79 57 &

187 324 125 63 finis
270 324 181 63 cuiusdam.
409 324 97 63 Sed
465 324 97 63 hoc
520 324 97 63 non
576 324 97 63 est
618 324 69 63 ma-

185 372 181 63 nifestum,
324 372 125 63 sicut
407 372 97 63 est
463 372 83 63 in
504 372 153 63 puncto,
602 372 83 63 quan

187 420 93 62 do
233 420 185 62 ficitur:
372 420 77 62 &
403 420 139 62 ipsum
496 420 170 62 instans
604 420 77 62 est

181 468 173 66 punctus
307 468 94 66 ex
354 468 205 66 potentia.
512 468 79 66 &
528 468 157 66 secundum

181 517 118 61 quod
255 517 163 61 instans
373 517 104 61 est
433 517 133 61 tale,
521 517 148 61 semper
610 517 74 61 est

181 565 129 61 aliud
267 565 86 61 ab
310 565 129 61 alio:
396 565 72 61 &
425 565 172 61 secundum
554 565 115 61 quod
611 565 72 61 li-

182 619 120 64 gat,
257 619 150 64 semper
362 619 105 64 est
422 619 135 64 idem.
513 619 90 64 Et
543 619 135 64 queadmo

180 668 108 62 dum
241 668 155 62 igitur
350 668 93 62 in
396 668 155 62 lineis
489 668 186 62 mathemati-

188 717 112 46 cis,
258 717 154 46 punctus
370 717 168 46 acceptus
495 717 84 46 in
537 717 98 46 eis
593 717 84 46 in
621 717 70 46 ima

166 764 215 62 ginatione
332 764 116 62 non
398 764 166 62 semper
514 764 116 62 est
564 764 116 62 idem:

183 811 157 64 quonia,
297 811 100 64 cum
354 811 214 64 diuiserimus
526 811 129 64 linea
612 811 100 64 per

180 861 131 45 illum
268 861 117 45 erit
341 861 175 45 diuersa:
473 861 175 45 secundum
589 861 88 45 vero

185 908 113 63 quod
256 908 99 63 est
312 908 113 63 vnum
383 908 99 63 est
439 908 198 63 necessario
581 908 99 63 idem.

181 956 85 63 Et
223 956 184 63 similiter
365 956 127 63 etiam
450 956 156 63 instans
563 956 99 63 est
605 956 71 63 quo

175 1005 148 61 damodo
279 1005 163 61 diuisio
397 1005 177 61 temporis
530 1005 89 61 in
560 1005 118 61 poten-

178 1053 137 53 tia,
264 1053 86 53 &
298 1053 223 53 quodamodo
469 1053 206 53 extremu,
624 1053 86 53 &

180 1100 181 58 adunatio
316 1100 136 58 duoru
406 1100 196 58 temporum.
557 1100 75 58 &
572 1100 106 58 aduna

185 1149 107 46 tio,
252 1149 80 46 et
292 1149 147 46 diuisio
399 1149 107 46 sunt
466 1149 107 46 idem
533 1149 80 46 in
573 1149 134 46 eodem:

183 1196 170 62 essentia
310 1196 113 62 vero
381 1196 128 62 eorum
466 1196 99 62 non
523 1196 99 62 est
566 1196 113 62 eadem.

217 1269 91 45 Cum
269 1269 156 45 narrauit
386 1269 117 45 prius
465 1269 104 45 quod
530 1269 143 45 instans
634 1269 78 45 in

187 1316 100 38 tpere
254 1316 78 38 est
298 1316 111 38 tanque
376 1316 133 38 punctus,
476 1316 56 38 &
498 1316 122 38 quomodo
587 1316 78 38 est
620 1316 67 38 vnus

195 1349 148 49 punctus,
306 1349 62 49 &
331 1349 136 49 quomodo
430 1349 87 49 est
479 1349 111 49 vnus,
553 1349 62 49 &
566 1349 111 49 multus,

187 1389 168 48 reuertitur
319 1389 108 48 etiam
391 1389 96 48 hic,
450 1389 60 48 &
474 1389 132 48 complet
558 1389 120 48 intentio

187 1428 93 51 nem
240 1428 80 51 in
280 1428 93 51 eo,
333 1428 106 51 quia
400 1428 160 51 intendit
519 1428 160 51 inducere
626 1428 53 51 mo

182 1465 115 41 dum,
253 1465 100 41 quo
311 1465 215 41 assimilatur
482 1465 158 41 puncto,
597 1465 72 41 &
611 1465 72 41 quo

181 1501 153 44 differt.
296 1501 76 44 Et
334 1501 127 44 dixit:
423 1501 140 44 Instans
524 1501 102 44 vero
588 1501 89 44 est
626 1501 51 44 co

185 1544 140 52 pulatio
287 1544 165 52 temporis.
414 1544 89 52 &c.
464 1544 76 52 id
502 1544 101 52 est,
566 1544 63 52 &
579 1544 101 52 istans

182 1582 87 52 est
231 1582 87 52 cam
281 1582 74 52 in
318 1582 99 52 hoc,
380 1582 99 52 quod
442 1582 124 52 tempus
516 1582 161 52 praeteritum

179 1620 102 52 est
238 1620 190 52 copulatum
384 1620 102 52 cum
443 1620 161 52 futuro,
560 1620 102 52 non
604 1620 73 52 di-

183 1660 131 41 uisum
271 1660 87 41 ab
314 1660 102 41 eo.
373 1660 73 41 &
402 1660 102 41 est
460 1660 131 41 eadem
547 1660 131 41 causa
620 1660 58 41 in

177 1701 103 52 hoc,
242 1701 103 52 quod
306 1701 193 52 praeteritum
461 1701 168 52 diuiditur
590 1701 64 52 a
603 1701 77 52 futu

182 1741 87 50 ro.
231 1741 137 50 quoniam
331 1741 87 50 per
381 1741 100 50 hoc,
443 1741 100 50 quod
506 1741 87 50 est
543 1741 137 50 differen-

180 1774 112 52 tia,
250 1774 98 52 vel
306 1774 167 52 terminus
431 1774 181 52 communis,
570 1774 98 52 est
612 1774 70 52 cau

181 1821 78 37 sa
220 1821 234 37 continuationis
415 1821 182 37 praeteriti
559 1821 91 37 cum
598 1821 78 37 fu

180 1861 129 45 turo.
266 1861 115 45 D.d.
338 1861 72 45 &
367 1861 173 45 extremum
496 1861 187 45 temporis,
625 1861 58 45 i.

701 181 69 54 &
729 181 97 54 est
784 181 166 54 extremum
909 181 138 54 duorum
1005 181 180 54 temporum.
1130 181 83 54 fu

707 229 81 45 turi
757 229 111 45 nanque,
838 229 121 45 secundum
929 229 81 45 quod
979 229 71 45 est
1020 229 151 45 principium,
1130 229 71 45 prae-

701 260 108 50 teriti
777 260 97 50 autem
841 260 129 50 secundum
938 260 86 50 quod
992 260 75 50 est
1035 260 108 50 finis.
1110 260 75 50 Et,
1142 260 65 50 quia

705 299 121 45 punctus
793 299 66 45 in
826 299 77 45 hoc
870 299 88 45 est,
925 299 99 45 sicut
992 299 121 45 instans
1080 299 132 45 scilicet
1168 299 44 45 in

708 339 83 51 hoc,
760 339 83 51 quod
812 339 114 51 copulat
895 339 114 51 lineam,
978 339 125 51 secundum
1072 339 83 51 quod
1124 339 73 51 est
1155 339 52 51 ter

696 373 122 45 minus
778 373 162 45 communis
899 373 135 45 duabus
994 373 135 45 lineis
1075 373 122 45 insimul

704 412 52 47 &
724 412 115 47 diuidit
808 412 105 47 illam,
881 412 126 47 secundum
976 412 84 47 quod
1028 412 73 47 est
1070 412 94 47 finis
1122 412 84 47 vnius,

699 454 63 43 &
725 454 177 43 principium
864 454 164 43 alterius,
990 454 114 43 dedit
1066 454 139 43 dicitur
1154 454 51 43 am

696 495 86 41 in
739 495 100 41 hoc
796 495 128 41 inter
881 495 171 41 instans,
1009 495 71 41 &
1038 495 171 41 punctum,
1166 495 71 41 &

693 533 147 45 dixit:
796 533 103 45 Sed
855 533 103 45 hoc
913 533 103 45 non
972 533 103 45 est
1016 533 191 45 manifestum,

705 572 83 51 &c.
752 572 71 51 i.
788 572 83 51 sed
835 572 94 51 haec
894 572 142 51 diuisio,
1000 572 94 51 quae
1059 572 83 51 est
1107 572 71 51 in
1142 572 83 51 in

708 613 105 45 stant,
782 613 127 45 scilicet
877 613 116 45 quoniam
962 613 74 45 est
1004 613 148 45 principium
1109 613 95 45 futuri,

703 650 65 40 &
729 650 117 40 finis
807 650 195 40 praeteriti,
963 650 65 40 &
988 650 169 40 similiter
1105 650 104 40 copula

702 687 107 43 tio,
768 687 93 43 non
822 687 93 43 est
875 687 187 43 manifesta,
1021 687 120 43 sicut
1101 687 93 43 est
1155 687 80 43 in

701 725 165 53 puncto.
821 725 90 53 Et
866 725 135 53 causa
956 725 90 53 in
1001 725 105 53 hoc
1061 725 120 53 est.
1121 725 75 53 quo

700 764 115 47 niam
772 764 159 47 punctus
887 764 173 47 acceptus
1017 764 86 47 in
1060 764 130 47 linea
1132 764 72 47 est

704 808 117 42 fixus
782 808 208 42 demonstratus
951 808 104 42 bis,
1015 808 65 42 &
1041 808 143 42 instans
1132 808 65 42 non

701 845 99 51 est
757 845 141 51 fixum,
856 845 127 51 neque
940 845 225 51 demonstratum
1109 845 85 51 bis,

695 883 111 49 D.d.
764 883 69 49 &
792 883 152 49 instans
903 883 97 49 est
958 883 152 49 punctus
1069 883 83 49 ex
1096 883 97 49 poten

693 921 104 49 tia,
758 921 78 49 i.
797 921 65 49 &
823 921 156 49 instans,
940 921 104 49 quia
1004 921 91 49 est
1056 921 91 49 non
1095 921 104 49 fixum,

698 965 104 46 ideo
763 965 91 46 est
815 965 78 46 in
855 965 170 46 potentia,
985 965 65 46 &
1011 965 157 46 punctus,
1116 965 78 46 quia

701 996 85 48 est
749 996 121 48 fixus,
834 996 85 48 est
882 996 72 48 in
918 996 109 48 actu:
991 996 60 48 &
1015 996 85 48 sic
1063 996 133 48 instans
1148 996 48 48 se

699 1037 162 45 cundum
812 1037 146 45 veram
909 1037 275 45 similitudinem
1120 1037 81 45 est

697 1076 157 49 punctus
811 1076 85 49 in
853 1076 185 49 potentia.
996 1076 114 49 D.d.
1067 1076 71 49 &
1081 1076 114 49 secun-

704 1115 84 51 dum
752 1115 96 51 quod
812 1115 131 51 instans
907 1115 84 51 est
955 1115 108 51 tale,
1027 1115 84 51 &c.
1075 1115 72 51 i.
1110 1115 60 51 &
1122 1115 84 51 secum

697 1156 95 51 dum
752 1156 108 51 quod
819 1156 149 51 instans
928 1156 122 51 ligat
1009 1156 149 51 tempus,
1118 1156 68 51 &
1131 1156 68 51 di-

702 1192 99 50 uidit
768 1192 110 50 illud,
846 1192 110 50 quando
923 1192 155 50 accipitur,
1044 1192 133 50 secundum
1133 1192 66 50 quod

695 1236 85 38 est
743 1236 158 38 diuidens,
865 1236 85 38 est
913 1236 85 38 duo
962 1236 146 38 secundum
1071 1236 158 38 terminos:

703 1270 85 52 est
751 1270 97 52 enim
812 1270 169 52 principium
944 1270 133 52 futuri,
1041 1270 60 52 &
1065 1270 109 52 finis
1126 1270 72 52 prae

699 1309 148 50 teriti:
806 1309 67 50 &
833 1309 188 50 principium
980 1309 94 50 est
1034 1309 121 50 aliud
1115 1309 67 50 a
1128 1309 67 50 fi-

696 1355 85 40 ne
738 1355 169 40 secundum
865 1355 240 40 definitionem,
1062 1355 70 40 &
1076 1355 113 40 secun-

700 1386 90 41 dum
751 1386 102 41 quod
815 1386 90 41 est
866 1386 205 41 differentia,
1033 1386 90 41 vel
1071 1386 128 41 terminus

699 1425 190 41 communis
841 1425 111 41 est
905 1425 142 41 idem.
1000 1425 79 41 &
1031 1425 111 41 hoc
1079 1425 126 41 inten-

695 1461 152 45 debat,
801 1461 106 45 cum
862 1461 152 45 dixit:
968 1461 76 45 &
998 1461 182 45 secundum
1119 1461 91 45 quod

696 1502 139 53 ligat
788 1502 108 53 est
850 1502 139 53 idem.
943 1502 108 53 Et,
1004 1502 124 53 quia
1082 1502 108 53 hoc
1128 1502 77 53 ma-

696 1542 180 45 nifestius
835 1542 97 45 est
890 1542 83 45 in
932 1542 139 45 puncto
1029 1542 97 45 cum
1070 1542 125 45 lineis,

703 1580 121 55 quam
778 1580 90 55 in
823 1580 181 55 instanti
959 1580 105 55 cum
1019 1580 181 55 tempore,
1140 1580 60 55 d.

697 1621 96 47 Et
745 1621 240 47 quemadmodum
937 1621 160 47 igitur
1048 1621 96 47 in
1080 1621 128 47 lineis

695 1661 241 44 mathematicis,
893 1661 85 44 et
936 1661 113 44 cae.
1007 1661 128 44 idest
1077 1661 128 44 quoniam

694 1701 118 45 non
762 1701 152 45 erunt
863 1701 135 45 idem
948 1701 186 45 omnibus
1066 1701 135 45 modis,

692 1741 174 50 scilicet
823 1741 116 50 quia
896 1741 102 50 est
954 1741 116 50 idem
1027 1741 102 50 vno
1085 1741 131 50 modo,
1157 1741 44 50 &

691 1781 81 46 &
723 1781 113 46 duo
788 1781 129 46 alio
868 1781 145 46 modo.
965 1781 177 46 D.dedit
1078 1781 129 46 modum,

698 1821 108 48 quo
759 1821 108 48 non
821 1821 124 48 sunt
898 1821 139 48 idem,
991 1821 77 48 &
1022 1821 154 48 dixit:
1114 1821 93 48 quo-

691 1858 135 56 niam,
781 1858 105 56 cum
841 1858 225 56 diuiserimus
1021 1858 165 56 lineam,
1126 1858 75 56 &c
