1416 2066
171 173 105 57 bro
231 173 90 57 de
276 173 225 57 Generatione
456 173 180 57 loquitur
591 173 90 57 de
621 173 75 57 sim

195 215 175 44 plicibus,
329 215 161 44 scilicet
450 215 81 44 de
490 215 134 44 formis
571 215 121 44 tantum,

189 260 105 51 quae
254 260 105 51 sunt
320 260 79 51 in
359 260 118 51 prima
438 260 157 51 materia.
556 260 66 51 a
582 260 79 51 Et
608 260 79 51 ista

196 290 134 48 olutio
289 290 94 48 non
343 290 160 48 sufficit
463 290 80 48 in
503 290 107 48 hoc,
570 290 107 48 quod
623 290 67 48 est

185 326 149 53 dictum
290 326 120 53 hic.
364 326 164 53 quoniam
484 326 120 53 hoc,
559 326 120 53 quod
618 326 75 53 est

190 363 131 50 dictum
281 363 104 50 hic,
347 363 104 50 quod
412 363 78 50 in
451 363 183 50 substantia
595 363 91 50 non
634 363 65 50 est

189 403 253 48 transmutatio,
397 403 119 48 quia
472 403 104 48 non
531 403 134 48 habet
606 403 89 48 con-

188 439 153 43 trarium,
303 439 89 43 est
354 439 114 43 sermo
430 439 153 43 ponentis
544 439 102 43 quod
608 439 76 43 in
633 439 64 43 sub

190 476 130 37 stantia
285 476 83 37 non
332 476 83 37 est
380 476 190 37 contrarietas
534 476 142 37 secundum
629 476 71 37 for-

188 518 109 37 mam,
256 518 95 37 aut
311 518 191 37 subiectum.
461 518 82 37 &,
501 518 82 37 si
542 518 82 37 in
570 518 123 37 substam

191 551 88 43 tia
242 551 114 43 esset
318 551 202 43 contrarietas
482 551 151 43 secundum
582 551 114 43 formam,

194 589 89 37 non
245 589 153 37 secundum
360 589 179 37 subiectum,
501 589 102 37 tunc
564 589 115 37 sermo
628 589 64 37 Ari

191 626 96 48 non
246 626 124 48 esset
329 626 124 48 verus
412 626 83 48 in
453 626 96 48 hoc
508 626 124 48 loco.
591 626 96 48 BEt
632 626 69 48 opi

192 669 134 44 nandum
285 669 94 44 est
339 669 107 44 quod
406 669 201 44 substantiae
554 669 147 44 simplices

194 701 95 45 sunt
254 701 166 45 contrariae
384 701 143 45 secundum
491 701 95 45 suas
539 701 154 45 qualitates,

196 738 65 40 &
222 738 156 40 propriae
339 738 182 40 qualitates
483 738 78 40 in
522 738 91 40 eis
574 738 91 40 non
613 738 78 40 sunt

194 775 207 39 substantiae,
362 775 65 39 &
388 775 78 39 si
427 775 207 39 assimilantur
582 775 116 39 substam

193 814 114 37 tijs.
269 814 140 37 quoniam
371 814 63 37 e
396 814 190 37 impossibile
549 814 89 37 est
599 814 76 37 vt
625 814 76 37 ali-

188 858 110 41 quid
257 858 83 41 in
298 858 138 41 aliquo
395 858 96 41 sit
450 858 83 41 de
491 858 138 41 aliquo
574 858 124 41 praedi-

199 886 83 48 ram
247 886 107 48 ento,
318 886 59 48 &
341 886 71 48 in
377 886 95 48 alio
436 886 71 48 de
472 886 107 48 aliol
543 886 95 48 ita,
602 886 95 48 quod
650 886 47 48 ca

189 925 96 40 lor
244 925 96 40 sit
299 925 82 40 in
340 925 137 40 homine
435 925 82 40 de
476 925 191 40 qualitate,
627 925 68 40 &
640 925 55 40 in

193 961 106 55 igne
259 961 80 55 de
299 961 199 55 substantia.
459 961 66 55 d
485 961 93 55 sed
538 961 93 55 est
592 961 80 55 in
618 961 80 55 igne

198 999 205 51 propinquius
363 999 219 51 substantiae.
540 999 68 51 &
568 999 109 51 ideo
623 999 68 51 ac-

198 1035 144 49 cipitur
303 1035 78 49 in
342 1035 196 49 definitione
499 1035 105 49 loco
551 1035 144 49 differen-

194 1073 115 52 tiae,
271 1073 64 52 e
297 1073 64 52 &
322 1073 77 52 in
360 1073 115 52 aliis
437 1073 179 52 compositis
565 1073 128 52 remotius

198 1111 68 43 i
226 1111 205 43 substantia.
390 1111 123 43 vtrum
472 1111 137 43 igitur
554 1111 137 43 sequatur

200 1156 170 40 ecessario
330 1156 131 40 dicere
422 1156 104 40 quod
487 1156 196 40 substantia,
631 1156 65 40 qua

199 1190 85 44 um
241 1190 156 44 propria
354 1190 113 44 sunt
425 1190 198 44 contraria,
567 1190 127 44 debeant

192 1223 97 41 esse
253 1223 183 41 contrariae,
399 1223 85 41 aut
448 1223 122 41 dicere
533 1223 97 41 quod
594 1223 85 41 non
630 1223 61 41 se-

188 1267 154 44 quitur,
300 1267 112 44 nisi
370 1267 84 44 vt
412 1267 126 44 solum
496 1267 112 44 modo
566 1267 112 44 sint
622 1267 70 44 di-

178 1298 161 53 uersae,
295 1298 102 53 est
354 1298 263 53 consyderandum,
573 1298 102 53 sed
617 1298 73 53 non

192 1336 112 52 hic.
262 1336 98 52 Cum
318 1336 140 52 igitur
416 1336 238 52 concesserimus
611 1336 112 52 quod

191 1372 80 44 in
231 1372 173 44 substant.
363 1372 66 44 a
390 1372 93 44 est
443 1372 226 44 conrrarietas,
615 1372 80 44 tunc

189 1413 122 38 sermo
270 1413 135 38 Arist.
364 1413 95 38 non
418 1413 108 38 erit
486 1413 135 38 verus.
580 1413 68 38 &
594 1413 95 38 verum

196 1448 155 53 sequitur
312 1448 77 53 ex
351 1448 90 53 hoc
402 1448 103 53 quod
467 1448 77 53 in
506 1448 181 53 substanria
635 1448 64 53 sit

190 1485 152 46 motus,
296 1485 136 46 sicut
387 1485 227 46 existimauit
554 1485 136 46 Alexan.

188 1525 115 45 adeo,
265 1525 103 45 quod
329 1525 141 45 diuisit
432 1525 192 45 substantiam
585 1525 77 45 in
611 1525 77 45 for-

190 1565 109 45 mam:
259 1565 68 45 &
286 1565 191 45 subiectum,
436 1565 164 45 scilicet
559 1565 109 45 quia
613 1565 82 45 con-

193 1599 136 43 cessit
289 1599 109 43 quod
357 1599 123 43 prima
438 1599 177 43 simplicia
575 1599 109 43 sunt
629 1599 68 43 com

189 1640 141 42 traria
288 1640 170 42 secundum
415 1640 156 42 formas,
528 1640 71 42 &
557 1640 99 42 non
599 1640 85 42 com.

189 1684 129 42 traria
280 1684 155 42 secundum
396 1684 168 42 materias.
525 1684 142 42 quoniam
615 1684 78 42 quo-

192 1715 198 40 modocunque
348 1715 156 40 fuerint
461 1715 156 40 positae
560 1715 128 40 substan

188 1756 110 39 tiae
257 1756 206 39 contrariae,
422 1756 96 39 non
476 1756 165 39 sequitur
600 1756 82 39 ex
627 1756 69 39 hoc

191 1790 81 52 vt
231 1790 81 52 in
271 1790 94 52 eis
325 1790 94 52 sit
378 1790 134 52 motus.
472 1790 161 52 Quoniam,
593 1790 81 52 si
620 1790 67 52 po

711 173 125 48 nantur
798 173 162 48 contraria
922 173 149 48 secundum
1034 173 125 48 formas
1109 173 112 48 tantum,

710 220 91 38 non
762 220 104 38 erit
827 220 91 38 in,
879 220 91 38 eis
931 220 130 38 motus,
1022 220 104 38 quia
1074 220 143 38 subiectum

706 253 123 52 eorum
788 253 96 52 est
843 253 82 52 in
884 253 178 52 potentia:
1021 253 96 52 T&,
1075 253 82 52 si
1103 253 109 52 essent

715 286 127 51 contraria
813 286 117 51 secundum
901 286 127 51 vtrumque,
998 286 117 51 scilicet
1086 286 117 51 secundum
1164 286 49 51 fpr

709 327 115 43 mam,
780 327 72 43 &
809 327 201 43 subiectum,
967 327 100 43 non
1024 327 129 43 esser
1111 327 86 43 in
1139 327 72 43 eis

707 373 275 29 transmutatio,
934 373 146 29 nedum
1031 373 162 29 motus.
1128 373 81 29 non

714 399 106 53 enim
780 399 173 53 fequitur,
913 399 80 53 si
953 399 186 53 posuerimus
1099 399 106 53 quod
1166 399 80 53 in

711 440 185 42 substantia
856 440 93 42 sit
909 440 225 42 contrarietas,
1095 440 79 42 vt
1135 440 79 42 in
1161 440 53 42 ea

711 476 103 44 sit
770 476 148 44 motus.
874 476 103 44 Et,
933 476 103 44 cum
992 476 207 44 Themistius
1139 476 74 44 cre

708 512 141 43 didit
802 512 125 43 hanc
880 512 266 43 consecutionem
1084 512 125 43 valere

717 550 172 53 respondit
849 550 106 53 quod
915 550 119 53 ignis
995 550 93 53 non
1035 550 185 53 transmutatur

711 588 89 51 ad
756 588 149 51 aquam,
860 588 119 51 nisi
935 588 104 51 per
994 588 164 51 medium.
1114 588 89 51 Et
1143 588 75 51 est

712 628 128 38 sermo
797 628 128 38 valde
883 628 171 38 debilis,
1011 628 100 38 cum
1068 628 114 38 hoc,
1125 628 85 38 quod

709 662 93 51 est
762 662 132 51 contra
854 662 172 51 Aristote.
987 662 79 51 in
1027 662 119 51 libro
1106 662 66 51 g
1133 662 79 51 de
1159 662 53 51 Ce

715 701 200 49 neratione,
872 701 71 49 &
901 701 229 49 Corruptione.
1072 701 143 49 quoniam,

716 743 93 40 cum
769 743 185 40 posuerimus
914 743 106 40 quod
981 743 79 40 in
1020 743 185 40 substantia
1153 743 66 40 est

718 773 215 46 contrarietas,
896 773 101 46 quia
959 773 114 46 ignis
1035 773 89 46 est
1073 773 152 46 contrarius

711 815 136 48 aquae,
806 815 68 48 &
833 815 108 48 ipse
901 815 217 48 transmutatur
1077 815 81 48 ad
1105 815 108 48 aquam,

712 850 71 48 &
740 850 99 48 non
797 850 170 48 destruit
924 850 99 48 hoc
981 850 141 48 dicere
1065 850 156 48 sermonem,

712 888 171 42 dicentem
840 888 114 42 quod
911 888 128 42 ignis
997 888 228 42 transmutatur
1168 888 57 42 in

709 926 129 43 aquam
794 926 100 43 per
852 926 157 43 medium,
966 926 114 43 quia
1037 926 114 43 ista
1109 926 100 43 est
1152 926 71 43 di-

716 963 175 54 spositio
847 963 233 54 contrariorum
1022 963 189 54 mediatorum,

713 999 137 44 scilicet
815 999 91 44 quod
872 999 103 44 motus
941 999 80 44 non
987 999 91 44 est,
1044 999 91 44 nisi
1101 999 69 44 in
1124 999 91 44 istis,

715 1037 113 50 ergo
785 1037 169 50 quaestio
912 1037 99 50 non
968 1037 211 50 dissoluetur
1123 1037 99 50 secun

709 1075 97 46 dum
765 1075 111 46 quod
834 1075 208 46 existimauit
1000 1075 194 46 Themistius
1138 1075 83 46 dis-

711 1117 113 38 solui,
790 1117 101 38 neque
857 1117 135 38 secundum
959 1117 90 38 quod
1015 1117 169 38 existimauit
1139 1117 79 38 Alex.

725 1149 90 51 Et
770 1149 180 51 quaestio
905 1149 105 51 non
965 1149 180 51 sequitur
1086 1149 135 51 omnino.

713 1189 158 40 quoniam
828 1189 101 40 non
885 1189 187 40 sequitur,
1029 1189 86 40 si
1058 1189 158 40 dixerimus

714 1222 102 51 quod
778 1222 76 51 in
816 1222 114 51 illo,
892 1222 76 51 in
930 1222 89 51 quo
981 1222 89 51 non
1032 1222 89 51 est
1070 1222 152 51 contrarie-

713 1260 105 50 tas,
778 1260 92 50 non
831 1260 92 50 est
883 1260 131 50 motus,
974 1260 78 50 vt
1014 1260 78 50 in
1053 1260 118 50 illo,
1131 1260 78 50 in
1158 1260 65 50 quo

714 1299 91 47 est
766 1299 221 47 contrarietas,
948 1299 91 47 sit
999 1299 130 47 motus.
1090 1299 78 47 in
1116 1299 91 47 ponen

712 1341 74 38 do
749 1341 123 38 igitur
835 1341 99 38 quod
897 1341 74 38 in
934 1341 173 38 substantia
1069 1341 86 38 est
1106 1341 111 38 contra-

717 1373 156 40 cietas,
830 1373 128 40 nihil
916 1373 128 40 malum
1001 1373 99 40 est
1058 1373 128 40 plus,
1129 1373 85 40 quam

706 1413 195 47 destruere
856 1413 180 47 iudicium
991 1413 165 47 Aristo.
1111 1413 75 47 &
1126 1413 90 47 quo-

708 1448 203 51 modocunque
868 1448 203 51 concedatur
1028 1448 116 51 quod
1101 1448 87 51 in
1130 1448 87 51 sub-

713 1486 147 44 stantia
819 1486 93 44 est
873 1486 227 44 contrarietas,
1046 1486 174 44 destruetur,

706 1523 149 47 sivnum
810 1523 193 47 Aristote.
959 1523 134 47 quare
1033 1523 179 47 solutiones

712 1561 172 41 Alexan.
838 1561 78 41 &
869 1561 203 41 Themistil
1025 1561 110 41 non
1072 1561 141 41 valent.

711 1598 86 44 Et
754 1598 114 44 ista
825 1598 243 44 demonstratio,
1025 1598 100 44 qua
1068 1598 143 44 declara-

715 1637 87 43 uit
764 1637 198 43 Aristoteles,
925 1637 99 43 quod
987 1637 74 43 in
1025 1637 174 43 substantia
1161 1637 87 43 non

712 1673 90 42 est
763 1673 128 42 motus,
853 1673 153 42 fundatur
968 1673 115 42 fuper
1045 1673 102 42 hoc,
1109 1673 102 42 quod
1160 1673 51 42 in

713 1713 198 42 substantia
869 1713 99 42 non
925 1713 99 42 est
982 1713 241 42 contrarietas,
1180 1713 71 42 &

711 1750 105 52 quod
776 1750 118 52 motus
855 1750 92 52 est
907 1750 78 52 in
946 1750 196 52 contrarijs.
1103 1750 78 52 Et
1129 1750 92 52 forte

711 1789 113 45 ista
782 1789 198 45 declaratio
938 1789 99 45 est
994 1789 156 45 famosa.
1108 1789 71 45 &
1122 1789 99 45 illa,
