1416 2066
183 181 120 55 bile
258 181 135 55 ipsum
348 181 165 55 volare.
469 181 90 55 &,
514 181 120 55 quia
574 181 135 55 tempus,

199 221 74 53 &
229 221 149 53 coelum
333 221 119 53 sunt
407 221 238 53 consequentia
601 221 104 53 se,
645 221 60 53 vt

197 265 121 47 ponit
277 265 215 47 aduersarius,
452 265 135 47 dicens
546 265 135 47 tempus
627 265 81 47 esse

201 301 123 45 motum
283 301 136 45 coeli,
378 301 150 45 necesse
487 301 109 45 est,
555 301 82 45 si
583 301 123 45 posuen-

200 341 94 45 mus
253 341 135 45 plures
348 341 135 45 coelos
442 341 121 45 esse,
523 341 81 45 vt
563 341 108 45 sint
617 341 94 45 plura

205 381 168 50 tempora:
331 381 98 50 sed
387 381 126 50 plura
472 381 154 50 tempora
584 381 112 50 esse
640 381 70 50 est

199 415 228 56 impossibile:
384 415 114 56 ergo
455 415 100 56 id,
512 415 85 56 ex
554 415 100 56 quo
597 415 114 56 sequi-

204 457 88 52 tur
255 457 88 52 hoc
305 457 200 52 impossibile,
467 457 88 52 est
517 457 200 52 impossibile:
667 457 38 52 &

198 494 103 45 est
257 494 148 45 tempus
361 494 118 45 esse
434 494 133 45 motum
508 494 118 45 coeli-

248 548 195 49 Vniuersi
394 548 146 49 autem
492 548 179 49 sphaera
605 548 98 49 visa

194 596 115 39 est
259 596 164 39 quidem
374 596 230 39 dicentibus
554 596 131 39 esse
620 596 82 39 tem

195 629 151 54 pus.
289 629 151 54 quia
384 629 94 54 &
421 629 113 54 in
478 629 207 54 tempore
610 629 94 54 om-

202 669 100 53 nia
259 669 129 53 sunt,
345 669 86 53 et
388 669 86 53 in
430 669 114 53 ipsa
502 669 172 53 vniuersi
616 669 86 53 sphs

200 725 110 44 ra.
263 725 110 44 Est
326 725 142 44 autem
421 725 189 44 stultius
562 725 126 44 quod
625 725 79 44 di-

198 756 132 55 ctum
280 756 132 55 est,
362 756 132 55 quam
445 756 99 55 vt
494 756 99 55 de
543 756 99 55 eo
576 756 132 55 impos-

179 799 202 51 sibilia
307 799 276 51 consyderemus.

247 838 106 60 Et
300 838 177 60 quidam
424 838 212 60 dixerunt
566 838 141 60 tempus

199 884 119 62 esse
274 884 179 62 sphaeram
407 884 164 62 totius.
526 884 74 62 &
541 884 164 62 existima-

197 934 151 52 uerunt
302 934 120 52 hoc,
378 934 120 52 quia
453 934 136 52 omnia
543 934 120 52 sunt
619 934 90 52 in
649 934 60 52 te

199 981 147 62 pore,
297 981 82 62 &
329 981 130 62 sunt
411 981 98 62 in
460 981 147 62 mundi
541 981 163 62 sphaera,

194 1031 99 67 Et
244 1031 132 67 iste
327 1031 149 67 sermo
426 1031 116 67 est
492 1031 149 67 magis
575 1031 132 67 vanus,

196 1083 131 63 quam
277 1083 196 63 indigeat
408 1083 212 63 probatione.

180 1149 126 45 Cum
252 1149 234 45 destruxit
432 1149 216 45 sermonem
575 1149 126 45 dicen

198 1193 123 40 tium
274 1193 153 40 tempus
381 1193 123 40 esse
458 1193 245 40 reuolutionem
642 1193 61 40 to

198 1229 98 53 tius
259 1229 123 53 coeli,
345 1229 147 53 incoepit
456 1229 147 53 inducere
566 1229 110 53 aliam
627 1229 74 53 opi-

198 1269 141 48 nionem
297 1269 212 48 debiliorem:
467 1269 71 48 &
495 1269 99 48 est
551 1269 141 48 opinio
636 1269 71 48 di-

203 1309 153 50 centium
314 1309 111 50 quod
384 1309 139 50 tempus
481 1309 97 50 est
536 1309 153 50 sphaera
634 1309 69 50 to-

204 1349 118 38 tius.
283 1349 66 38 &
309 1349 144 38 induxit
414 1349 158 38 rationem
532 1349 131 38 eorum.
611 1349 92 38 dice-

195 1388 102 51 bant
259 1388 102 51 enim
322 1388 102 51 quod
386 1388 114 51 omnia
462 1388 102 51 sunt
526 1388 76 51 in
564 1388 140 51 sphaera
653 1388 51 51 to

201 1432 127 38 tius:
285 1432 70 38 &
313 1432 127 38 omnia
398 1432 112 38 sunt
468 1432 84 38 in
510 1432 169 38 tempore:
623 1432 84 38 ergo

206 1464 137 51 tempus
302 1464 96 51 est
357 1464 137 51 sphera
452 1464 150 51 totius.
562 1464 82 51 Et
589 1464 123 51 decipre

208 1508 120 46 bantur
292 1508 72 46 in
328 1508 84 46 hoc
375 1508 96 46 quod
435 1508 96 46 duae
495 1508 191 46 affirmatiuae
638 1508 60 46 non

203 1541 106 58 conc
269 1541 119 58 udunt
348 1541 79 58 in
388 1541 146 58 secunda
494 1541 146 58 figura.
600 1541 66 58 &
613 1541 93 58 etiam

200 1581 144 54 dicere
300 1581 130 54 omnia
387 1581 115 54 esse
459 1581 86 54 in
502 1581 173 54 tempore,
632 1581 72 54 &
646 1581 58 54 in

200 1620 160 46 sphaera
317 1620 131 46 mundi
405 1620 102 46 non
463 1620 204 46 significat
609 1620 102 46 idem.

204 1660 70 46 &
232 1660 97 46 sic
288 1660 125 46 sermo
371 1660 125 46 eorum
455 1660 97 46 est
510 1660 83 46 in
552 1660 139 46 falsis
635 1660 70 46 pro

205 1703 224 43 positionibus,
389 1703 66 43 &
415 1703 145 43 figurae
508 1703 197 43 inconstantis.

198 1742 91 52 &,
243 1742 121 52 quia
319 1742 196 52 conclusio
470 1742 136 52 eorum
560 1742 106 52 est
605 1742 106 52 impro

207 1781 135 52 babilis
305 1781 86 52 per
354 1781 86 52 se,
404 1781 62 52 &
428 1781 111 52 etiam
502 1781 123 52 syltus
588 1781 111 52 eorum
650 1781 62 52 est

203 1822 128 45 falsus
293 1822 154 45 secundum
408 1822 141 45 formam,
511 1822 64 45 &
536 1822 167 45 materiam,
652 1822 51 45 di

203 1861 110 53 xit:
272 1861 82 53 Et
313 1861 110 53 iste
382 1861 137 53 sermo,
478 1861 96 53 &c.
533 1861 96 53 Et,
588 1861 110 53 quia
642 1861 69 53 ma

727 172 107 63 gis
788 172 214 63 sufficiens
956 172 168 63 istarum
1063 172 184 63 opinionuml

725 220 133 55 trium
814 220 89 55 de
859 220 163 55 tempore
977 220 104 55 est
1036 220 133 55 sermo
1110 220 119 55 dicen-

718 260 114 46 tium
789 260 129 46 ipsum
875 260 114 46 esse
946 260 143 46 motum,
1046 260 171 46 reuersus
1161 260 71 46 est

718 300 94 46 ad
765 300 282 46 contradicendum
1000 300 125 46 huic
1063 300 172 46 opinioni,

765 357 171 45 Quoniam
890 357 140 45 autem
983 357 187 45 videtelr
1108 357 124 45 maxime

721 396 149 61 motus
821 396 149 61 esse,
921 396 100 61 ac
970 396 183 61 mutatio
1087 396 149 61 quaedam

716 443 219 42 tempus,
875 443 139 42 hoc
935 443 299 42 consyderandum

716 484 141 57 erit.
810 484 266 57 Vniuscuiusque
1029 484 157 57 igitur
1123 484 110 57 muta-

724 524 112 54 tio,
794 524 70 54 &
822 524 126 54 motus
906 524 84 54 in
948 524 126 54 ipso,
1032 524 112 54 quid
1088 524 140 54 mutatur,

721 568 109 50 est
783 568 155 50 solum,
891 568 109 50 aut
953 568 109 50 vbi
1015 568 155 50 fuerit
1108 568 124 50 ipsum,

721 613 136 47 quod
806 613 204 47 mouetur,
959 613 85 47 &
994 613 204 47 mutatur:
1130 613 102 47 ten-

722 660 115 46 pus
787 660 148 46 autem
886 660 213 46 similiter
1050 660 82 46 &
1066 660 164 46 vbiquem,

717 696 90 51 &
753 696 144 51 apud
843 696 162 51 omnia
933 696 108 51 est.

774 733 108 69 Et,
835 733 123 69 quia
912 733 231 69 existimatur
1097 733 123 69 quod
1158 733 77 69 di-

721 785 141 60 gnius
815 785 109 60 est
878 785 94 60 vt
925 785 109 60 sit
987 785 156 60 motus,
1096 785 78 60 &
1112 785 125 60 trans-

725 837 174 57 mutatio,
855 837 160 57 oportet
971 837 102 57 nos
1029 837 174 57 intedere
1145 837 87 57 haec

722 885 96 62 in
770 885 304 62 perscrutatione,
1026 885 80 62 &
1042 885 192 62 consydera-

724 933 152 64 tione.
830 933 167 64 Dicamus
951 933 167 64 igitur,
1072 933 121 64 quod
1133 933 106 64 tras-

728 980 169 63 mutatio
851 980 108 63 est
912 980 92 63 in
958 980 138 63 omni,
1051 980 123 63 quod
1112 980 123 63 trans-

724 1028 185 62 mutatur,
863 1028 77 62 &
893 1028 139 62 motus
986 1028 124 62 eius
1063 1028 108 62 est
1125 1028 93 62 in
1156 1028 77 62 ip-

719 1077 107 64 so
773 1077 267 64 transmutato
986 1077 196 64 tantum:
1128 1077 89 64 &
1146 1077 89 64 vbi

715 1125 149 62 fuerit
819 1125 134 62 illud
909 1125 149 62 motum,
1013 1125 149 62 tempus
1117 1125 104 62 est
1162 1125 74 62 eo-

728 1173 94 61 dem
781 1173 107 61 modo
848 1173 80 61 in
888 1173 107 61 omni
955 1173 121 61 loco,
1036 1173 80 61 et
1076 1173 107 61 apud
1143 1173 121 61 quod

722 1217 155 57 libet,
830 1217 78 57 &
861 1217 93 57 in
908 1217 186 57 respectu
1032 1217 202 57 cuiuslibet.

763 1308 93 56 D.
809 1308 124 56 quod
886 1308 155 56 tempus
995 1308 108 56 est
1057 1308 170 56 dignior
1165 1308 62 56 vl

725 1350 211 44 existimetur
894 1350 113 44 quod
964 1350 99 44 sit
1021 1350 141 44 motus,
1105 1350 127 44 quoniam

719 1397 151 46 tempus
825 1397 227 46 impossibile
1006 1397 106 46 est
1067 1397 91 46 vt
1097 1397 136 46 imagine

718 1429 130 42 tur,
799 1429 130 42 nisi
880 1429 114 42 cum
945 1429 146 42 motu,
1043 1429 81 42 &
1059 1429 179 42 multonens

728 1468 195 53 existimatur
884 1468 104 53 quod
949 1468 130 53 illud,
1040 1468 104 53 quod
1092 1468 143 53 sequitur,

731 1517 111 29 tem,
800 1517 97 29 sit
856 1517 111 29 ipsa
925 1517 111 29 res.
994 1517 83 29 Et
1035 1517 83 29 in
1077 1517 97 29 hoc
1118 1517 111 29 sermo-

728 1545 89 51 ne
773 1545 119 51 sunt
847 1545 268 51 propositiones,
1070 1545 149 51 quarum
1160 1545 74 51 vna

724 1584 129 55 est,
805 1584 129 55 quod
885 1584 145 55 Omnis
982 1584 259 55 transmutatio
1193 1584 81 55 &

723 1629 146 37 omnis
820 1629 146 37 motus
918 1629 114 37 est
983 1629 97 37 in
1031 1629 146 37 moto:
1129 1629 81 37 &
1145 1629 81 37 om-

720 1663 86 52 ne
763 1663 129 52 motum
849 1663 101 52 est
906 1663 86 52 in
950 1663 144 52 aliquo
1050 1663 115 52 vbi:
1122 1663 115 52 ergo
1180 1663 57 52 om

726 1702 97 54 nis
781 1702 124 54 motus
864 1702 97 54 est
919 1702 83 54 in
961 1702 138 54 aliquo
1058 1702 110 54 vbi,
1127 1702 83 54 &,
1154 1702 83 54 quia

721 1741 152 52 plura.
827 1741 121 52 mota
903 1741 121 52 sunt
978 1741 91 52 in
1024 1741 182 52 pluribus
1145 1741 91 52 vbi,

724 1781 164 53 sequitur
847 1781 82 53 vt
888 1781 136 53 plures
984 1781 123 53 motus
1066 1781 109 53 sint
1134 1781 82 53 in
1161 1781 82 53 plu-

730 1821 138 44 ribus
822 1821 123 44 vbi.
899 1821 154 44 Deinde
1006 1821 200 44 coniungit
1145 1821 92 44 huic

727 1860 117 47 hanc
801 1860 264 47 propositionem,
1021 1860 176 47 dicentem
1153 1860 117 47 quod
