1416 2066
179 173 141 56 partes
277 173 127 56 eodem
362 173 112 56 modo
432 173 155 56 plusqua
544 173 84 56 in
587 173 98 56 vno
629 173 70 56 in-

185 218 141 40 stanti.
288 218 141 40 quoniam
390 218 115 40 omne,
467 218 102 40 quod
531 218 166 40 inuenitur
646 218 51 40 in

186 253 149 53 tempore
295 253 81 53 ex
336 253 136 53 istis,
431 253 176 53 inuenitur
566 253 81 53 in
593 253 109 53 diuisi

193 292 129 40 bili,
278 292 100 40 cum
336 292 114 40 omne
407 292 143 40 tempus
507 292 100 40 sit
550 292 143 40 diuisibi

190 327 93 43 le:
243 327 66 43 &
269 327 120 43 omne,
349 327 106 43 quod
416 327 173 43 inuenitur
549 327 80 43 in
575 327 120 43 tempore

191 368 155 42 diuisibili
313 368 133 42 secundum
413 368 111 42 prius,
490 368 55 42 &
513 368 155 42 posterius,
624 368 55 42 ne-

193 405 116 38 cesse
271 405 90 38 est
322 405 78 38 vt
361 405 116 38 verum
439 405 90 38 sit
490 405 129 38 dicere
581 405 78 38 de
619 405 78 38 eo
645 405 52 38 in

194 443 183 39 vnaquaque
335 443 127 39 parte
419 443 127 39 primi
504 443 183 39 temporis,
645 443 85 39 in

187 476 77 47 quo
231 476 87 47 est,
285 476 87 47 quod
340 476 131 47 secundum
439 476 98 47 omnes
504 476 109 47 partes
581 476 77 47 est
624 476 66 47 in
646 476 44 47 ea

188 517 95 44 dem
243 517 164 44 dispone:
366 517 68 44 &
393 517 109 44 quod
461 517 95 44 est
516 517 109 44 tale
584 517 95 44 est
625 517 68 44 que

189 553 136 47 scens.
284 553 108 47 D.d.
352 553 95 47 Et,
406 553 95 47 cum
461 553 95 47 hoc
515 553 95 47 non
569 553 95 47 sit
610 553 81 47 ita,

190 593 86 41 &c.
239 593 74 41 i.
276 593 74 41 &,
312 593 86 41 cum
362 593 86 41 sit
411 593 184 41 impossibile
558 593 74 41 vt
583 593 110 41 transmu

187 628 133 39 tatum
276 628 104 39 sit
335 628 89 39 in
380 628 133 39 eadem
454 628 237 39 transmutatione

188 666 84 40 in
230 666 168 40 instanti
356 666 112 40 post
426 666 140 40 aliud.
525 666 98 40 nam
581 666 98 40 hoc
623 666 70 40 est

198 703 188 50 quiescens:
345 703 148 50 necesse
453 703 94 50 est
507 703 81 50 vt
534 703 161 50 transmuta-

193 740 95 39 tum
248 740 95 39 sit
302 740 81 39 in
343 740 244 39 transmutatione
546 740 81 39 in
573 740 122 39 instan-

193 779 95 39 ti,
247 779 95 39 non
301 779 81 39 in
341 779 162 39 tempore.
463 779 108 39 D.d.
530 779 108 39 ergo
584 779 108 39 nullus

190 813 134 45 modus
280 813 283 45 transmutationis
518 813 104 45 est
578 813 89 45 in
608 813 89 45 tem-

196 861 112 44 pore,
270 861 87 44 sed
320 861 75 44 in
357 861 137 44 extremo
457 861 162 44 temporis.
581 861 99 44 D.d.
643 861 75 44 &,

196 889 101 42 cum
253 889 101 42 ita
311 889 115 42 sit,
383 889 101 42 non
440 889 115 42 erit
498 889 201 42 transmutatum

189 930 150 50 aliquo
294 930 120 50 modo
369 930 300 50 transmutationis,
609 930 90 50 quod

187 973 93 42 sit
240 973 80 42 in
280 973 160 42 tempore,
400 973 93 42 sed
454 973 107 42 erit
520 973 80 42 in
547 973 147 42 transmuta

191 1005 120 37 tione
271 1005 80 37 de
311 1005 134 37 initio
404 1005 80 37 ad
444 1005 120 37 finem
524 1005 80 37 in
551 1005 147 37 instanti.

188 1040 82 42 D.d.
239 1040 112 42 quoniam
321 1040 61 42 in
351 1040 123 42 instanti
443 1040 133 42 possibile
546 1040 82 42 est,
597 1040 72 42 &c.
638 1040 61 42 i.
668 1040 51 42 &

188 1078 84 53 ex
230 1078 112 53 ista
300 1078 182 53 positione
440 1078 98 53 non
496 1078 168 53 sequitur
608 1078 84 53 pri-

180 1125 103 37 mum
239 1125 236 37 impossibile.
431 1125 103 37 nam
476 1125 221 37 transmutatum,

187 1164 102 41 cum
246 1164 160 41 ponatur
362 1164 87 41 in
406 1164 262 41 transmutatione
610 1164 87 41 Tin-

187 1190 153 53 stanti,
298 1190 111 53 tunc
368 1190 153 53 positum
479 1190 97 53 est
534 1190 153 53 aliquod
632 1190 69 53 ens

198 1237 65 42 in
231 1237 76 42 eo,
274 1237 87 42 ita,
329 1237 87 42 quod
383 1237 76 42 non
427 1237 76 42 sit
470 1237 152 42 quiescens.
590 1237 87 42 ens,
634 1237 65 42 enim

195 1268 66 38 in
228 1268 133 38 instanti
328 1268 77 38 non
372 1268 77 38 est
416 1268 77 38 ens
461 1268 66 38 in
494 1268 77 38 eo,
538 1268 89 38 ita,
593 1268 89 38 quod
638 1268 55 38 sit

191 1305 184 51 quiescens,
335 1305 118 51 neque
414 1305 131 51 motum,
505 1305 92 51 sed
558 1305 105 51 tali
610 1305 79 51 modo

195 1342 172 51 essendi,
323 1342 86 51 in
366 1342 100 51 quo
423 1342 114 51 haec
495 1342 100 51 duo
538 1342 157 51 contraria

189 1381 103 51 falsa
257 1381 103 51 sunt.
326 1381 69 51 &,
361 1381 69 51 si
395 1381 126 51 dicatur
487 1381 115 51 quies,
568 1381 92 51 erit
614 1381 80 51 aequi

198 1428 127 31 toce.
283 1428 71 31 &
311 1428 99 31 hoc
368 1428 212 31 intendebat,
537 1428 99 31 cum
580 1428 113 31 dixit:

204 1453 105 50 uoniam
277 1453 63 50 in
308 1453 126 50 instanti
403 1453 136 50 possibile
507 1453 84 50 est,
560 1453 73 50 &c.
602 1453 84 50 D.d.
644 1453 52 50 sed

194 1492 131 51 dicere,
289 1492 83 51 &c.
337 1492 72 51 i.
373 1492 83 51 sed
421 1492 119 51 dicere
504 1492 131 51 aliquid
600 1492 95 51 esse
647 1492 48 51 in

188 1532 173 38 instanti
317 1532 86 38 in
361 1532 159 38 aliquo,
476 1532 202 38 quodammodo
620 1532 72 38 non

186 1568 87 50 est
235 1568 112 50 neque
310 1568 124 50 motus,
397 1568 112 50 neque
471 1568 124 50 quies,
558 1568 87 50 est
596 1568 99 50 verum.

191 1606 83 41 D.d.
243 1606 62 41 in
274 1606 125 41 tempore,
367 1606 93 41 vero,
429 1606 73 41 &c.
471 1606 62 41 i.
502 1606 52 41 &
523 1606 176 41 vniversaliter
658 1606 42 41 ap

194 1651 110 41 paret
267 1651 97 41 quod
328 1651 110 41 motum
401 1651 73 41 in
437 1651 97 41 motu
498 1651 183 41 impossibile
632 1651 61 41 est

195 1681 65 42 vt
228 1681 75 42 sit
271 1681 65 42 in
303 1681 97 42 tpere
367 1681 129 42 secundum
464 1681 108 42 modum,
540 1681 75 42 quo
583 1681 118 42 dicitur
658 1681 43 42 vt

188 1724 180 43 quiescens
327 1724 97 43 sit
382 1724 83 43 in
423 1724 166 43 tempore.
548 1724 83 43 Et
589 1724 111 43 haec
645 1724 55 43 de

192 1765 181 30 claratio
328 1765 106 30 est
388 1765 181 30 communis
524 1765 91 30 in
554 1765 136 30 omnibus

184 1803 329 31 transmutationibus.
468 1803 75 31 &
498 1803 135 31 nulla
573 1803 120 31 dubita

713 179 86 39 tio
762 179 135 39 accidit
860 179 74 39 ex
897 179 74 39 eo
933 179 74 39 in
970 179 123 39 motum,
1056 179 74 39 eo
1093 179 98 39 quod
1142 179 74 39 con-

717 215 166 43 tinuatio
842 215 83 43 in
883 215 111 43 motu
952 215 138 43 locali
1049 215 97 43 est
1091 215 124 43 manife-

714 255 83 49 sta
761 255 83 49 per
809 255 83 49 se,
856 255 59 49 &
880 255 95 49 quia
939 255 177 49 impossibile
1081 255 83 49 est
1116 255 95 49 imagi-

711 293 118 50 nari
785 293 162 50 aliquam
903 293 147 50 partem
1006 293 118 50 eius
1065 293 147 50 existere

709 326 147 44 subito.
816 326 80 44 in
856 326 161 44 caeteris
976 326 120 44 autem
1056 326 147 44 motibus
1150 326 67 44 est

718 370 137 47 quaestio
821 370 80 47 non
866 370 115 47 parua.
947 370 126 47 videtur
1038 370 92 47 enim
1095 370 92 47 quod
1141 370 69 47 alio

712 405 136 45 partes
808 405 122 45 eorum
889 405 163 45 existunt
1011 405 149 45 subito,
1120 405 68 45 &
1134 405 82 45 quod

714 442 199 41 continuatio
873 442 93 41 non
926 442 93 41 est
980 442 173 41 manifesta
1113 442 80 41 In
1139 442 80 41 eis.

710 482 75 48 &
740 482 104 48 nos
800 482 268 48 perscrutabimur
1023 482 89 48 de
1068 482 104 48 hoc
1113 482 104 48 soli-

713 517 99 37 cite
762 517 99 37 alias.

777 572 235 47 SVMMA
908 572 235 47 QVINTA.

774 621 153 37 Confutat
889 621 140 37 errores
991 621 140 37 quosdam
1080 621 89 37 circa

858 652 141 46 ipsum
937 652 125 46 motum.

710 701 120 54 Soluit
794 701 144 54 rationes
902 701 132 54 Tenonis
998 701 108 54 motum
1058 701 156 54 auferentes.

857 749 209 41 uap
947 749 119 41 1.

884 789 124 45 Eno
955 789 160 45 autem
1062 789 142 45 male
1132 789 89 45 ra-

885 833 213 41 tiocinatur.
1055 833 85 41 Si
1097 833 113 41 enim
1154 833 71 41 sem

891 873 234 49 persinquit
1059 873 167 49 quiescit

882 924 155 39 omne,
985 924 121 39 aut
1037 924 172 39 mouetur,

707 953 107 41 cum
768 953 107 41 est
829 953 183 41 secundum
966 953 183 41 aequale:
1103 953 107 41 est
1149 953 76 41 au-

712 997 105 37 tem
772 997 150 37 semper
877 997 105 37 id,
937 997 120 37 quod
1011 997 165 37 fertur,
1131 997 90 37 in
1161 997 60 37 ip

712 1037 85 37 so
754 1037 113 37 nunc
825 1037 169 37 secundum
952 1037 169 37 aequale:
1065 1037 155 37 immobilem

715 1077 98 54 eam
771 1077 112 54 esse
841 1077 182 54 sagittam,
981 1077 112 54 quae
1037 1077 126 54 fertur.

758 1138 134 62 gCeno
847 1138 119 62 vero
922 1138 178 62 fallitur
1055 1138 89 62 in
1085 1138 134 62 argumen

705 1193 111 54 to.
768 1193 142 54 Dicit
863 1193 127 54 enim
942 1193 174 54 quoniam
1069 1193 127 54 omne
1132 1193 95 54 est.

714 1230 79 61 in
753 1230 131 61 aliquo
845 1230 105 61 sibi
911 1230 157 61 aequali,
1028 1230 92 61 aut
1068 1230 144 61 quiescit,

705 1277 112 53 aut
769 1277 176 53 mouetur
897 1277 96 53 in
945 1277 112 53 eo:
1010 1277 80 53 &
1026 1277 192 53 translatum

715 1325 140 69 semper
813 1325 98 69 est
869 1325 84 69 in
911 1325 182 69 instanti:
1051 1325 112 69 ergo
1107 1325 112 69 sagit-

703 1376 94 42 ta
750 1376 204 42 translata
908 1376 110 42 non
955 1376 157 42 mouetur.

747 1421 95 49 Et
795 1421 127 49 &eno
874 1421 111 49 cum
937 1421 270 49 aequiuocatioe
1144 1421 79 49 vta

710 1460 94 38 tur
763 1460 80 38 in
803 1460 121 38 illo,
884 1460 94 38 quo
937 1460 107 38 vult
1005 1460 174 38 destruere
1125 1460 94 38 motum

711 1500 156 47 cilicet
824 1500 113 47 quia
895 1500 128 47 motum
980 1500 99 47 per
1023 1500 198 47 magnitudinem

708 1532 99 50 est
764 1532 85 50 in
807 1532 169 50 instanti
934 1532 85 50 in
976 1532 212 50 longitudine
1131 1532 99 50 aequa

716 1572 81 47 li
756 1572 121 47 sibi,
837 1572 108 47 ideo
904 1572 188 47 argumentum
1052 1572 108 47 eius
1119 1572 94 47 est
1160 1572 67 47 so-

719 1608 177 39 phisticum.
858 1608 101 39 D.d.
921 1608 114 39 Dicit
997 1608 101 39 enim
1060 1608 88 39 &c.
1110 1608 76 39 i.
1136 1608 88 39 dicit

715 1648 103 49 enim
779 1648 103 49 quod
843 1648 115 49 notum
920 1648 90 49 est
972 1648 64 49 &
997 1648 128 49 primum
1087 1648 103 49 quod
1151 1648 103 49 quod

708 1683 126 39 libet
792 1683 153 39 corpus,
903 1683 98 39 cum
959 1683 139 39 fuerit
1057 1683 84 39 in
1099 1683 98 39 vbi
1140 1683 84 39 sibi

716 1720 150 46 equali,
826 1720 96 46 aut
880 1720 150 46 ponetur
990 1720 82 46 in
1031 1720 82 46 eo
1058 1720 164 46 quiescens,

705 1759 90 51 aut
757 1759 129 51 motum:
847 1759 90 51 sed
899 1759 194 51 impossibile
1054 1759 90 51 est
1106 1759 116 51 posii
1170 1759 52 51 in

707 1797 223 53 longitudine
885 1797 119 53 sibi
960 1797 163 53 aequali
1078 1797 149 53 morum:
1168 1797 59 53 er
