1416 2066
187 173 91 46 se,
239 173 91 46 non
291 173 156 46 sequitur
408 173 78 46 ex
447 173 104 46 hoc,
511 173 104 46 quod
563 173 143 46 postremum

194 219 165 43 mouetur,
318 219 69 43 &
346 219 96 43 non
401 219 138 43 mouet,
497 219 110 43 hoc,
566 219 110 43 quod
621 219 83 43 pri-

199 253 106 45 mum
260 253 167 45 moueat,
381 253 76 45 &
411 253 106 45 non
472 253 182 45 moueatur
609 253 76 45 &
624 253 76 45 ide

200 293 140 48 addidit
302 293 114 48 illis
378 293 127 48 duobus
467 293 165 48 propriis,
595 293 102 48 quod
645 293 64 48 po-

202 330 87 41 suit
257 330 87 41 quod
311 330 120 41 primum,
398 330 54 41 &
420 330 163 41 principium,
551 330 131 41 secundum
638 330 65 41 quod

194 371 84 46 est
242 371 180 46 principium,
386 371 84 46 est
434 371 156 46 separatum
554 371 72 46 in
590 371 108 46 esse,
650 371 60 46 non

200 405 73 50 in
236 405 182 50 definitione
382 405 121 50 taneu.
467 405 85 50 Cum
516 405 121 50 igitur
589 405 121 50 posuerit

203 440 137 41 ipsecundm
309 440 85 41 esse
362 440 137 41 separatum
468 440 63 41 in
499 440 85 41 esse
552 440 74 41 cum
594 440 95 41 illis
647 440 53 41 duo

198 478 95 52 bus,
258 478 143 52 propriis
365 478 107 52 modis
436 478 107 52 moti,
508 478 60 52 &
531 478 107 52 eius,
603 478 83 52 per
639 478 71 52 quod

198 517 76 48 fit
242 517 109 48 motus,
318 517 174 48 declarabitur
460 517 87 48 tunc
514 517 131 48 tertium,
601 517 109 48 proprium

196 554 115 53 quod
267 554 100 53 est
325 554 186 53 quaesitum
468 554 86 53 in
511 554 129 53 primo
582 554 129 53 motore.

192 597 83 37 Et
234 597 96 37 non
289 597 165 37 sufficit
413 597 83 37 in
454 597 96 37 hac
495 597 207 37 declaratione,

200 637 99 37 quod
261 637 123 37 primus
348 637 111 37 motor
422 637 86 37 sit
471 637 160 37 separatus
594 637 74 37 in
619 637 86 37 esse.

209 668 98 46 quoim
274 668 109 46 potest
350 668 120 46 aliquis
437 668 120 46 dicere,
524 668 98 46 licet
589 668 76 46 sit
622 668 76 46 sepa-

199 702 102 52 ratus
267 702 57 52 I
289 702 102 52 esse,
357 702 102 52 tamen
425 702 79 52 est
470 702 113 52 mixtum
550 702 79 52 cum
595 702 79 52 eo,
640 702 91 52 quod

201 744 142 42 mouetur
304 744 77 42 ab
343 744 77 42 eo
381 744 103 42 tali
446 744 167 42 mixtione,
574 744 103 42 quod
639 744 90 42 non

200 781 111 45 pont
269 781 152 45 euadere
380 781 111 45 quin
449 781 166 45 moueatur
574 781 97 45 cum
615 781 83 45 motu

198 819 109 39 moti.
271 819 109 39 sicut
343 819 73 39 si
379 819 133 39 aliquis
476 819 145 39 dixerit,
585 819 97 39 quod
634 819 61 39 ele

198 853 118 45 menta
277 853 145 45 nunquae
382 853 211 45 inueniuntur,
553 853 105 45 nisi
606 853 92 45 mixta

208 892 79 52 Cum
253 892 113 52 igitur
332 892 113 52 fuerit
412 892 136 52 positum,
514 892 136 52 proprium
605 892 102 52 postre-

203 940 85 38 mi,
252 940 61 38 &
276 940 85 38 est
325 940 110 38 ipsum
398 940 97 38 esse
459 940 158 38 separatum
580 940 61 38 a
592 940 110 38 motore,

200 973 99 46 tunc
262 973 223 46 verificabitur,
447 973 149 46 proprium
559 973 111 46 primi
620 973 87 46 prin-

208 1005 93 53 cipii,
273 1005 111 53 secundum
356 1005 74 53 quod
402 1005 65 53 est
439 1005 93 53 motor,
504 1005 46 53 &
523 1005 130 53 principium
615 1005 93 53 scilicet

205 1050 86 44 quod
259 1050 75 44 non
302 1050 129 44 mouetur.
399 1050 75 44 Et,
442 1050 65 44 si
474 1050 97 44 etiam
539 1050 108 44 fuerit
603 1050 97 44 positum

205 1085 150 46 porprium
318 1085 163 46 postremi,
443 1085 63 46 &
468 1085 88 46 non
518 1085 125 46 fuerit
593 1085 113 46 positum

202 1125 135 42 propriu
300 1125 160 42 pricipii,
423 1125 86 42 non
472 1125 185 42 complebitur
608 1125 98 42 demtra

199 1165 102 29 tio,
263 1165 115 29 sicut
340 1165 115 29 fecit
417 1165 179 29 Themistius
557 1165 77 29 in
596 1165 90 29 sua
634 1165 64 29 ex-

200 1197 170 47 positione.
334 1197 73 47 Et
370 1197 134 47 vocauit
468 1197 158 47 quaesitum
577 1197 122 47 tertium,

197 1234 104 48 quia
262 1234 91 48 est
314 1234 143 48 tertium
418 1234 130 48 eorum,
509 1234 104 48 quae
574 1234 130 48 posuit
652 1234 52 48 ex

200 1269 269 53 propositionibus,
428 1269 94 53 non
482 1269 107 53 quia
549 1269 94 53 est
589 1269 121 53 tertium

197 1316 115 38 trium
274 1316 153 38 generum,
389 1316 89 38 sed
440 1316 89 38 est
491 1316 128 38 primum
580 1316 128 38 eorum.
670 1316 64 38 &

206 1348 163 38 postremum
332 1348 88 38 est
382 1348 138 38 tertium
482 1348 125 38 motum,
569 1348 63 38 &
582 1348 125 38 secundum

204 1385 101 52 est
261 1385 159 52 medium,
377 1385 101 52 aut
435 1385 144 52 media.
536 1385 87 52 Et
579 1385 116 52 quia
637 1385 72 52 Ana

197 1422 93 44 xa.
250 1422 107 44 fuit
317 1422 134 44 primus
410 1422 134 44 eorum,
504 1422 93 44 qui
544 1422 160 44 inuenerunt

204 1461 100 51 hoc,
267 1461 150 51 proprium
380 1461 75 51 de
417 1461 113 51 primo
492 1461 163 51 principio
605 1461 100 51 dixit:

208 1501 73 39 Et
244 1501 97 39 ideo
305 1501 121 39 Anaxa.
390 1501 85 39 &c.
438 1501 61 39 &
463 1501 170 39 intendebat
596 1501 85 39 per
632 1501 73 39 hoc,

197 1538 100 49 quod
260 1538 125 49 dixit,
348 1538 88 49 non
398 1538 150 49 recipies
510 1538 175 49 passionem,
635 1538 63 49 non

200 1582 199 37 alterabile,
359 1582 93 37 nec
412 1582 238 37 transmutabile.
610 1582 66 37 &
637 1582 93 37 in

201 1612 146 50 tendit
304 1612 102 50 per
362 1612 102 50 non
421 1612 161 50 mixtum,
538 1612 102 50 non
582 1612 117 50 corpus

199 1653 124 45 neque
282 1653 82 45 in
323 1653 165 45 corpore.
447 1653 110 45 D.d.
515 1653 165 45 Secundum
625 1653 69 45 igi

196 1685 108 46 tur
257 1685 123 46 hunc
334 1685 139 46 modum
427 1685 139 46 solum
519 1685 123 46 erit
581 1685 123 46 motor,

203 1729 86 48 i.
246 1729 172 48 secundum
375 1729 143 48 igitur
475 1729 115 48 hunc
546 1729 129 48 modum
618 1729 86 48 erit

195 1764 121 38 motor
275 1764 162 38 vltimus,
397 1764 162 38 scilicet
518 1764 81 38 vt
559 1764 94 38 non
613 1764 94 38 sit
653 1764 54 38 mo

204 1804 108 54 tum
265 1804 154 54 aliquo
373 1804 123 54 modo
434 1804 277 54 transmutationum,

727 173 53 41 &
749 173 85 41 quod
802 173 181 41 vniversaliter
951 173 75 41 non
994 173 149 41 admiscetur
1100 173 107 41 materia.

719 212 130 38 D.d.
800 212 81 38 &
832 212 194 38 secundum
978 212 130 38 hunc
1059 212 146 38 modum
1140 212 97 38 erit

721 256 169 42 dominans.
851 256 78 42 i.
890 256 143 42 demuans
993 256 91 42 res
1045 256 169 42 passiuas,
1162 256 65 42 ge-

720 288 176 42 nerabiles,
859 288 63 42 &
884 288 227 42 corruptibiles.
1073 288 101 42 nam,
1136 288 76 42 si
1161 288 76 42 esse

722 328 85 49 in
764 328 170 49 materia,
892 328 184 49 pateretur
1034 328 71 49 a
1062 328 142 49 rebus,
1147 328 85 49 quas

719 363 149 53 mouet,
823 363 75 53 &
853 363 104 53 sic
913 363 224 53 contingeret
1077 363 149 53 transmu-

720 404 140 54 tatio,
818 404 70 54 &
846 404 196 54 corruptio,
999 404 70 54 &
1027 404 98 54 non
1083 404 126 54 esset
1167 404 98 54 mo

729 444 83 38 or
757 444 152 38 aeternus.

763 492 75 55 At
801 492 113 55 vero,
877 492 75 55 si
914 492 88 55 non
965 492 151 55 secundum
1078 492 138 55 accins,
1178 492 88 55 sed

715 534 101 53 ex
766 534 252 53 necessitate
967 534 184 53 mouetur
1084 534 151 53 mouens,

717 581 102 37 si
768 581 154 37 autem
871 581 119 37 non
939 581 222 37 moueatur,
1110 581 119 37 non
1161 581 68 37 v-

725 621 130 53 tique
811 621 174 53 mouebit,
942 621 159 53 necesse
1057 621 101 53 est
1101 621 130 53 mouens,

719 656 199 59 quatenus
869 656 199 59 mouetur,
1018 656 116 59 aut
1085 656 116 59 sic
1134 656 100 59 moue

723 708 102 41 ri,
782 708 88 41 vt
826 708 175 41 secundum
957 708 146 41 eandem
1060 708 117 41 spem
1118 708 117 41 motus,

719 740 92 54 aut
772 740 158 54 secundum
890 740 158 54 alteram.
1009 740 105 54 dico
1075 740 119 54 autem
1141 740 105 54 quale-

723 782 108 44 est
784 782 108 44 aut
846 782 231 44 calefaciens
1030 782 77 44 &
1061 782 139 44 ipsum
1138 782 108 44 cale.

717 820 157 46 fieri,
827 820 78 46 &
859 820 157 46 sanans
968 820 173 46 sanari,
1094 820 78 46 &
1110 820 126 46 ferens

725 861 133 45 ferri,
818 861 93 45 aut
871 861 133 45 sanans
964 861 133 45 ferri,
1057 861 133 45 ferens
1137 861 93 45 autem

720 901 156 45 augeri.
833 901 99 45 Sed
890 901 198 45 manifestum
1045 901 99 45 est
1102 901 113 45 quod
1158 901 71 45 im-

726 949 184 41 possibile
868 949 113 41 est.
938 949 156 41 oportet
1052 949 142 41 igitur
1137 949 99 41 vsque

718 989 96 37 ad
766 989 208 37 indiuidua
926 989 224 37 diuidentem
1085 989 144 37 dicere.

725 1023 92 43 vt
771 1023 92 43 si
817 1023 123 43 quid
893 1023 138 43 docet
985 1023 214 43 Geometrice
1138 1023 92 43 ope-

716 1068 149 39 rari,
816 1068 116 39 hoc
882 1068 149 39 docet
982 1068 232 39 Ceometrice
1148 1068 83 39 opa

720 1105 57 41 ri
749 1105 114 41 secundum
835 1105 86 41 idem:
892 1105 76 41 aut,
940 1105 67 41 si,
978 1105 124 41 proficit,
1073 1105 105 41 profici
1140 1105 95 41 secundum

715 1148 171 38 eundem
835 1148 171 38 modum,
954 1148 257 38 piectionis.
1142 1148 86 38 Aut

725 1183 92 43 non
778 1183 92 43 sic
830 1183 145 43 quidem,
936 1183 92 43 sed
989 1183 158 43 secundum
1107 1183 119 43 aliud
1173 1183 53 43 ex

722 1229 110 54 alio
791 1229 151 54 genere.
900 1229 82 54 vt
941 1229 110 54 quod
1010 1229 110 54 fert
1078 1229 137 54 quidem
1161 1229 68 54 au-

720 1269 132 49 geri:
809 1269 118 49 quod
882 1269 132 49 autem
970 1269 103 49 hoc
1029 1269 147 49 auget,
1117 1269 118 49 altera

721 1309 92 45 ri
767 1309 92 45 ab
812 1309 137 45 alio:
904 1309 122 45 quod
980 1309 137 45 autem
1072 1309 107 45 hoc
1117 1309 107 45 alte-

728 1348 104 41 rat,
793 1348 155 41 secundum
909 1348 117 41 alium
987 1348 142 41 quendam
1091 1348 129 41 moueri
1168 1348 65 41 mo-

725 1389 101 46 tum.
788 1389 88 46 sed
839 1389 138 46 necesse
939 1389 88 46 est
990 1389 126 46 stare.
1078 1389 126 46 finiti
1153 1389 76 46 enim

718 1432 110 42 sunt
787 1432 124 42 motus
870 1432 124 42 ipsi.
952 1432 138 42 Rursus
1048 1432 124 42 autem
1117 1432 110 42 reffe-

723 1474 138 41 ctere,
820 1474 69 41 &
847 1474 166 41 alterans
972 1474 138 41 dicere
1068 1474 138 41 ferri,
1151 1474 83 41 idem

721 1517 147 48 facere
824 1517 117 48 est,
897 1517 88 48 ac
941 1517 88 48 si
986 1517 103 48 mox
1044 1517 132 48 dicat
1118 1517 117 48 ferens

721 1557 146 39 ferri,
824 1557 73 39 &
853 1557 146 39 doceri
956 1557 161 39 docens.
1058 1557 176 39 manifestum

724 1605 113 37 enim
794 1605 99 37 est
851 1605 113 37 quod
921 1605 71 37 &
950 1605 71 37 a
978 1605 183 37 superiore
1105 1605 127 37 mouente

712 1645 205 48 mouetur
861 1645 130 48 id,
936 1645 149 48 quod
1029 1645 205 48 mouetur
1159 1645 75 48 om

720 1678 116 44 ne,
787 1678 83 44 &
820 1678 149 44 magis
919 1678 83 44 a
952 1678 149 44 primo
1035 1678 198 44 mouentium.

720 1719 104 43 At
772 1719 139 43 vero
859 1719 122 43 hoc
928 1719 174 43 quidem
1033 1719 191 43 impossibi

721 1763 81 45 le
762 1763 108 45 est.
830 1763 135 45 docens
924 1763 108 45 enim
992 1763 149 45 accidit
1087 1763 135 45 discere,

722 1807 141 50 quorum
821 1807 99 50 hoc
877 1807 141 50 quidem
975 1807 99 50 non
1032 1807 155 50 habere,
1130 1807 99 50 illud
