1416 2066
167 181 91 45 re,
219 181 78 45 in
258 181 91 45 quo
311 181 104 45 per,
376 181 117 45 neque
454 181 78 45 in
493 181 131 45 aliquo
572 181 104 45 ipsius

179 221 103 54 prper
247 221 126 54 aliquid
339 221 115 54 ipsius
420 221 69 54 c,
454 221 138 54 secundum
557 221 92 54 quod
603 221 69 54 ana,

174 260 140 47 logum
268 260 109 47 est
330 260 93 47 ad
376 260 140 47 totam
470 260 93 47 c,
516 260 93 47 vt
563 260 124 47 Aest
625 260 62 47 ad

171 301 88 45 E.
215 301 147 45 omnino
319 301 118 45 enim
392 301 88 45 si
437 301 221 45 contigerit,
613 301 103 45 non

171 340 162 53 mouebit
289 340 176 53 aliquid,
421 340 88 53 si
465 340 118 53 enim
539 340 118 53 tota
598 340 88 53 vir-

176 391 122 36 tus
245 391 122 36 per
315 391 157 36 totam
420 391 174 36 mouit,
524 391 157 36 dimidia

176 429 102 44 non
234 429 174 44 mouebit,
364 429 131 44 neque
451 429 102 44 per
495 429 189 44 quantamuis,

174 477 84 44 ne
216 477 112 44 quod
286 477 84 44 in
328 477 196 44 quantouis.
482 477 112 44 vnus
552 477 112 44 enim
608 477 70 44 mo-

177 508 133 53 uebit
266 508 147 53 nauem,
369 508 88 53 si
413 508 133 53 nauem
501 508 147 53 quidem
590 508 88 53 tra-

178 542 171 45 hentium
303 542 202 45 diuidatur
458 542 155 45 virtus
567 542 93 45 in
598 542 78 45 nu-

176 596 172 40 merum,
296 596 86 40 &
331 596 103 40 in
382 596 293 40 longitudinem,
606 596 86 40 per

180 629 123 44 quam
256 629 138 44 omnes
348 629 199 44 mouerunt.
501 629 168 44 Propter
608 629 77 44 hoc

184 668 153 45 Cenonis
295 668 125 45 ratio
379 668 97 45 non
434 668 97 45 est
490 668 125 45 vera,
573 668 111 45 quod
628 668 56 45 so

183 709 100 45 net
240 709 129 45 milum
326 709 157 45 quaeuis
440 709 129 45 pars.
526 709 129 45 nihil
597 709 86 45 enim

179 757 203 47 prohibet
331 757 119 47 non
399 757 169 47 mouere
518 757 119 47 eum
568 757 119 47 aerem

174 794 104 45 in
226 794 139 45 vllo
312 794 208 45 tempore,
469 794 139 45 quem
538 794 139 45 mouit,

178 830 110 52 dum
241 830 173 52 caderet
367 830 142 52 totus
462 830 173 52 modius.
572 830 110 52 neque

688 172 129 46 itaque
779 172 104 46 pers
843 172 142 46 tamtum,
947 172 142 46 quantum
1051 172 142 46 mouebit
1141 172 65 46 cum

702 213 117 54 toto,
780 213 78 54 si
819 213 91 54 sit
872 213 91 54 per
924 213 91 54 se,
976 213 104 54 7hoc
1041 213 131 54 mouet.
1120 213 91 54 neque

704 267 105 40 enim
770 267 105 40 vlla
835 267 105 40 est,
901 267 105 40 nisi
967 267 158 40 potentia
1086 267 79 40 in
1112 267 92 40 toto-

743 308 120 47 Et,
811 308 103 47 si
863 308 172 47 Hmouet
983 308 103 47 S,
1034 308 103 47 in
1069 308 137 47 tempor

698 341 135 61 D,per
788 341 165 61 spatium
908 341 90 61 c,
953 341 165 61 necesse
1074 341 105 61 est
1134 341 90 61 vt
1164 341 45 61 f

699 388 131 62 illo
781 388 180 62 tempore
912 388 115 62 non
977 388 164 62 moueat
1076 388 131 62 duplum

695 437 93 61 a,
741 437 93 61 in
787 437 170 61 dimidio
911 437 139 61 spatu
1004 437 93 61 C.
1050 437 93 61 Si
1081 437 124 61 igitur

698 485 172 53 Amouet
818 485 189 53 pondus,
956 485 138 53 quod
1042 485 120 53 est
1111 485 103 53 B,
1145 485 69 53 in

696 533 160 66 tempore
813 533 131 66 D,per
901 533 146 66 spatiu
1003 533 88 66 c,
1047 533 131 66 tunc,
1119 533 88 66 quae

699 580 107 46 do
753 580 89 46 a
789 580 233 46 medietate
967 580 89 46 A
985 580 215 46 diminuitu,

695 629 135 54 pars,
785 629 135 54 cuius
875 629 195 54 quantitas
1024 629 90 54 ex
1069 629 120 54 toto
1129 629 75 54 est

701 684 218 47 quantitas,
873 684 125 47 quae
950 684 156 47 mouet,
1059 684 125 47 tunc
1122 684 93 47 illa

703 717 120 61 pars
778 717 210 61 singularis
943 717 105 61 non
1004 717 105 61 per
1064 717 90 61 se
1094 717 120 61 mouebi

706 765 128 61 tur.
786 765 144 61 Nibil
882 765 128 61 enim
962 765 144 61 aliud
1058 765 128 61 est,
1122 765 96 61 nisi

700 812 113 70 quod
770 812 99 70 est
827 812 85 70 in
869 812 169 70 potentia
996 812 85 70 in
1024 812 113 70 tanto.

223 1637 143 46 Dicebat
327 1637 104 46 Seno
392 1637 104 46 quod
457 1637 104 46 mina
522 1637 130 46 milii,
600 1637 91 46 quia,

187 1673 85 48 cum
236 1673 122 48 cadit,
321 1673 110 48 facit
394 1673 122 48 sonum,
480 1673 134 48 necesse
577 1673 85 48 est
614 1673 73 48 quod

182 1710 162 44 quodlibet
306 1710 125 44 granum
394 1710 87 44 per
444 1710 75 44 se
481 1710 125 44 faciat
568 1710 125 44 sonum.
656 1710 62 44 &

184 1746 165 48 similitet
311 1746 127 48 gurtae
400 1746 114 48 aquae
476 1746 190 48 succedentes
615 1746 76 48 su

183 1789 84 53 per
231 1789 145 53 lapidem,
340 1789 96 53 ita,
400 1789 96 53 quod
460 1789 133 53 faciant
556 1789 72 53 in
593 1789 96 53 ipso
641 1789 60 53 fo

271 1619 96 23 m

713 1636 122 51 leam,
795 1636 149 51 necesse
903 1636 95 51 est
958 1636 81 51 vt
998 1636 190 51 vnaquaeque
1134 1636 95 51 earum

707 1673 146 53 operetur
816 1673 73 53 in
853 1673 134 53 lapide.
950 1673 146 53 quoniam,
1059 1673 73 53 si
1095 1673 109 53 nulla
1156 1673 73 53 ope-

712 1711 124 43 tatur.
798 1711 99 43 ergo
860 1711 86 43 nec
909 1711 111 43 omnes
983 1711 173 43 operantur.
1119 1711 74 43 Et
1144 1711 74 43 iste

711 1740 114 60 sermo
787 1740 89 60 est
838 1740 203 60 sophisticus.
1003 1740 140 60 quoniam
1105 1740 89 60 vna
1143 1740 76 60 pars

702 1789 93 54 non
755 1789 160 54 operatur
875 1789 80 54 in
915 1789 120 54 actu,
995 1789 93 54 sed
1048 1789 80 54 in
1075 1789 146 54 potentia.
