1416 2066
188 180 180 62 Quoniam
319 180 147 62 eadem
417 180 147 62 ratio
515 180 115 62 est
581 180 98 62 in
614 180 98 62 hoc,

204 229 131 60 praeter
299 229 83 60 hoc
347 229 143 60 scilicet
454 229 71 60 in
490 229 83 60 quo
537 229 60 60 d
561 229 143 60 fferunt,
656 229 60 60 quo

200 276 115 47 niam
271 276 115 47 duae
343 276 186 47 actiones,
487 276 72 47 &
515 276 86 47 si
558 276 115 47 sint
630 276 115 47 duae

203 320 83 59 ex
245 320 111 59 illo
314 320 139 59 eodem:
411 320 152 59 necesse
522 320 97 59 est
577 320 83 59 vt
605 320 111 59 formae

199 370 126 57 etiam
283 370 126 57 sint,
366 370 126 57 sicut
450 370 126 57 illae
534 370 112 57 duae
603 370 84 57 in
631 370 84 57 nume

198 413 113 61 ro.
262 413 177 61 quoniam
391 413 145 61 eadem
488 413 145 61 actio
585 413 97 61 in
617 413 97 61 nume

198 460 83 59 ro
240 460 97 59 est
295 460 152 59 eiusdem
405 460 83 59 in
447 460 152 59 numero.
557 460 97 59 Et,
612 460 83 59 si
640 460 69 59 for

202 509 94 45 ma
249 509 156 45 fuerit
359 509 156 45 eadem,
468 509 172 45 dignius
593 509 125 45 est,
656 509 63 45 vt

197 552 150 59 nullus
302 552 195 59 existimet
452 552 120 59 quod
527 552 135 59 actio
602 552 105 59 etiam

194 597 110 53 est
257 597 157 53 eadem.
367 597 173 53 quoniam
493 597 141 53 homo,
587 597 110 53 cum
634 597 79 53 cel

204 645 163 46 sauerit
323 645 89 46 ab
367 645 192 46 ambulare,
515 645 104 46 non
574 645 118 46 erit
633 645 74 46 suc

199 689 144 61 illud
295 689 128 61 apud
375 689 144 61 ipsum
470 689 224 61 ambulatio:
646 689 80 61 &

199 733 114 50 cum
264 733 244 50 reuertitur,
459 733 81 50 &
491 733 195 50 ambulat,
621 733 98 50 tunc

199 778 119 64 erit
274 778 209 64 ambulatio.
438 778 89 64 Si
482 778 149 64 igitur
572 778 134 64 ambula.

200 825 97 57 tio
256 825 97 57 est
311 825 139 57 eadem:
408 825 180 57 possibile
547 825 97 57 est
602 825 83 57 vt
630 825 83 57 idem

200 868 272 62 corrumpatur,
421 868 85 62 &
455 868 221 62 generetur
608 868 102 62 mul-

210 916 151 63 totiens.
324 916 88 63 Sed
374 916 114 63 istae
450 916 189 63 quaestiones
601 916 101 63 sunt
652 916 63 63 ex-

206 973 180 51 trinsecae
345 973 83 51 ab
386 973 97 51 hac
428 973 235 51 perscrutatione.

241 1010 87 45 Cum
290 1010 149 45 narrauit
402 1010 99 45 quod
463 1010 74 45 in
501 1010 99 45 hoc,
562 1010 99 45 quod
612 1010 99 45 formae

212 1052 128 36 etiam
297 1052 114 36 sunt
368 1052 142 36 eaedem
468 1052 85 36 in
511 1052 157 36 numero,
610 1052 100 36 acci-

206 1084 87 52 dit
255 1084 100 52 quod
318 1084 137 52 similis
417 1084 87 52 ei,
467 1084 100 52 quae
529 1084 137 52 accidit
629 1084 75 52 ex
654 1084 62 52 hoc

203 1122 91 40 in
248 1122 152 40 eisdem
355 1122 167 40 motibus
476 1122 197 40 innumero,
628 1122 76 40 &
643 1122 61 40 de

206 1161 91 42 dit
258 1161 221 42 similitudinem
440 1161 117 42 inter
518 1161 117 42 ista,
583 1161 130 42 incoepit

209 1196 109 51 dare
277 1196 231 51 differentiam,
467 1196 68 51 &
495 1196 136 51 dixit:
590 1196 109 51 Qnam
644 1196 68 51 ea-

212 1232 88 50 dem
263 1232 113 50 ratio
338 1232 100 50 est,
400 1232 88 50 &c.
450 1232 75 50 i.
488 1232 75 50 in
525 1232 100 50 hoc,
588 1232 100 50 quod
638 1232 75 50 com-

206 1273 134 43 tingit
299 1273 80 43 in
340 1273 147 43 formis,
447 1273 67 43 &
474 1273 80 43 in
514 1273 121 43 ipsis
581 1273 134 43 motibus.

210 1310 111 44 Qui,
280 1310 83 44 si
321 1310 125 44 forma
405 1310 153 44 iterata
516 1310 97 44 est
571 1310 139 44 eadem,
654 1310 56 44 mo

211 1348 88 38 tus.
266 1348 77 38 qui
310 1348 77 38 est
353 1348 153 38 huiusmodi,
474 1348 77 38 est
518 1348 99 38 idem,
584 1348 66 38 &,
616 1348 66 38 si
638 1348 77 38 forma

209 1385 98 48 quae
270 1385 86 48 est
319 1385 172 48 huiusmodi,
455 1385 86 48 est
504 1385 98 48 plus
566 1385 98 48 vna,
615 1385 86 48 motus

214 1421 88 56 qui
265 1421 88 56 est
315 1421 175 56 huiusmodi,
452 1421 113 56 erunt
527 1421 125 56 plures
615 1421 100 56 vno.
677 1421 63 56 &

209 1461 143 37 similiter
319 1461 165 37 econtrario.
451 1461 66 37 &,
483 1461 66 37 si
516 1461 110 37 forma,
593 1461 88 37 quae
637 1461 77 37 habet

206 1488 155 62 continuum
326 1488 108 62 esse,
397 1488 120 62 fuerit
481 1488 96 62 vna,
541 1488 84 62 cum
588 1488 96 62 hoc,
636 1488 72 62 quod

213 1533 110 45 suum
282 1533 179 45 subiectum
420 1533 96 45 est
475 1533 138 45 semper
571 1533 83 45 in
599 1533 110 45 trani-

205 1573 183 39 mutatione:
349 1573 92 39 ita
401 1573 118 39 motus
480 1573 170 39 continuus
610 1573 78 39 in
637 1573 78 39 esse

205 1610 101 48 erit
269 1610 101 48 vnus
332 1610 76 48 in
370 1610 139 48 numero,
471 1610 88 48 cum
521 1610 101 48 hoc,
585 1610 101 48 quod
635 1610 76 48 suum

209 1648 176 41 subiectum
345 1648 217 41 demonstratum
521 1648 95 41 est
562 1648 149 41 transimu-

211 1683 110 47 tatum.
288 1683 66 47 &,
321 1683 66 47 si
354 1683 99 47 ille,
420 1683 77 47 qui
464 1683 77 47 est
508 1683 154 47 huiusmodi,
618 1683 88 47 fuerit

213 1724 137 48 plusquae
315 1724 103 48 vnus,
384 1724 126 48 formae,
475 1724 91 48 quae
532 1724 91 48 sunt
578 1724 137 48 huiusmodi,

215 1761 116 51 erunt
293 1761 142 51 plures.
396 1761 103 51 Quia
461 1761 129 51 igitur
551 1761 116 51 inter
616 1761 90 51 motus

204 1796 71 39 &
232 1796 143 39 formas
332 1796 100 39 est
390 1796 114 39 ista
461 1796 172 39 silitudo
575 1796 129 39 manife

733 180 110 41 sta,
802 180 96 41 non
857 180 96 41 est
912 180 207 41 differentia
1078 180 124 41 inter
1147 180 110 41 motus,

736 222 66 45 &
762 222 132 45 formas
854 222 79 45 in
894 222 171 45 quodnibus
1026 222 211 45 accidentibus
1197 222 79 45 in

734 260 99 39 eis,
796 260 174 39 praeterque
932 260 75 39 in
970 260 99 39 hoc,
1032 260 99 39 quod
1094 260 149 39 adunatio
1193 260 50 39 in

735 295 173 44 motibus,
865 295 72 44 &
893 295 144 44 formis
994 295 101 44 non
1052 295 101 44 est
1110 295 87 44 in
1139 295 101 44 rebus

736 341 226 37 comsequentibus.
926 341 95 37 Qum,
986 341 83 37 cum
1033 341 107 37 actio
1104 341 143 37 scilicet
1199 341 48 37 mo

731 369 96 44 tus
786 369 138 44 fuerit
883 369 138 44 eadem,
979 369 165 44 sequitur
1103 369 83 44 vt
1131 369 110 44 formae

736 409 169 41 subiectae
866 409 130 41 illius
957 409 156 41 actionis
1074 409 104 41 sint
1126 409 117 41 eaedem.

737 448 66 42 &
763 448 171 42 similiter
894 448 118 42 forma
973 448 118 42 agens
1052 448 131 42 illam.
1144 448 92 42 Et,
1183 448 66 42 cum

732 486 128 49 forma
817 486 142 49 fuerit
917 486 142 49 eadem,
1016 486 100 49 non
1073 486 171 49 sequitur
1187 486 57 49 vt

734 532 112 30 motus
808 532 87 30 sit
858 532 112 30 idem,
933 532 149 30 quoniam,
1045 532 87 30 cum
1095 532 125 30 Socra.
1169 532 75 30 ambu

733 560 100 38 lat
790 560 143 38 hodic,
890 560 72 38 &
919 560 186 38 ambulauit
1063 560 129 38 heri,
1134 560 115 38 subie-

731 599 113 49 ctum
801 599 99 49 est
858 599 127 49 idem,
943 599 71 49 &
971 599 127 49 motus
1056 599 113 49 sunt
1112 599 127 49 plures.

733 637 70 45 &
761 637 181 45 similiter
900 637 84 45 ab
942 637 126 45 eadem
1026 637 126 45 forma
1096 637 153 45 inuenium-

736 673 94 48 tur
789 673 134 48 plures
883 673 161 48 actiones
1004 673 80 48 in
1044 673 188 48 temporibus
1178 673 67 48 di-

740 709 135 58 uersis.
838 709 74 58 Si
875 709 123 58 igitur
960 709 135 58 diceret
1058 709 172 58 praeterque
1193 709 74 58 in

731 746 101 53 hoc,
795 746 101 53 quod
858 746 177 53 differunt.
997 746 139 53 quoniam
1098 746 126 53 actio,
1174 746 63 53 cum

735 788 135 38 fuerit
830 788 95 38 vna
884 788 135 38 forma,
979 788 108 38 erit
1047 788 108 38 vna,
1114 788 95 38 cum
1155 788 81 38 vero

736 823 114 51 forma
812 823 127 51 fuerit
901 823 101 51 vna,
964 823 89 51 non
1015 823 152 51 sequitur
1129 823 76 51 vt
1154 823 89 51 actio

733 861 96 36 sit
788 861 110 36 vna,
857 861 110 36 tunc
926 861 124 36 sermo
1009 861 124 36 esset
1078 861 165 36 manifestus

738 898 81 49 per
785 898 81 49 se,
831 898 81 49 sed
877 898 115 49 dixit,
957 898 173 49 praeterque,
1096 898 81 49 &c.
1142 898 69 49 Et
1165 898 69 49 iste

731 940 120 46 sermo,
815 940 72 46 vt
851 940 143 46 apparet,
958 940 84 46 non
1006 940 84 46 est
1054 940 131 46 vertis.
1137 940 120 46 quoniams

735 972 101 49 non
792 972 188 49 sequitur,
937 972 101 49 cum
995 972 174 49 actiones
1111 972 130 49 fuerint

733 1009 135 46 plures
828 1009 81 46 in
869 1009 149 46 numeno,
977 1009 81 46 vt
1017 1009 135 46 formae
1098 1009 149 46 subiectae

733 1045 130 45 illius
824 1045 156 45 actionis
941 1045 104 45 sint
1005 1045 130 45 plures
1096 1045 78 45 in
1122 1045 117 45 numero,

727 1083 123 52 neque
809 1083 137 52 formae
905 1083 164 52 agentes.
1028 1083 123 52 neque
1097 1083 150 52 sequitur,

732 1125 81 47 ad
772 1125 107 47 hoc,
839 1125 121 47 quod,
920 1125 81 47 si
960 1125 121 47 eadem
1041 1125 121 47 actio
1121 1125 81 47 in
1148 1125 94 47 nume-

734 1162 98 48 ro,
790 1162 155 48 pouenit
903 1162 84 48 ab
945 1162 127 48 eadem
1029 1162 141 48 forma,
1128 1162 98 48 aut
1170 1162 70 48 est

731 1196 89 52 in
776 1196 134 52 eadem
865 1196 149 52 forma,
970 1196 119 52 quod
1044 1196 164 52 necesse
1149 1196 89 52 est,

737 1244 84 31 vt
779 1244 140 31 plures
877 1244 168 31 actiones
1002 1244 224 31 inueniantur,
1170 1244 70 31 aut

730 1270 64 44 a
756 1270 153 44 pluribus
870 1270 140 44 formis,
972 1270 89 44 aut
1023 1270 76 44 in
1062 1270 153 44 pluribus
1164 1270 76 44 for-

731 1308 98 39 mis.
792 1308 98 39 nisi
853 1308 110 39 esset
927 1308 110 39 verum
1001 1308 98 39 quod
1062 1308 123 39 posset
1136 1308 98 39 conuer

732 1347 77 39 ti
771 1347 180 39 consecutio
912 1347 64 39 a
938 1347 205 39 destructione
1092 1347 141 39 antecedem

734 1389 90 37 tis.
790 1389 79 37 Sed
835 1389 90 37 ista
892 1389 170 37 differentia
1028 1389 124 37 videtur
1107 1389 124 37 differen-

735 1420 85 52 tia
783 1420 109 52 inter
856 1420 97 52 hoc,
916 1420 97 52 quod
977 1420 133 52 accidit
1074 1420 73 52 in
1110 1420 109 52 primo
1171 1420 61 52 as-

731 1460 149 47 pectu.
835 1460 224 47 existimatur
1014 1460 119 47 enim
1089 1460 134 47 quod,
1163 1460 75 47 cum

736 1500 117 38 vnus
810 1500 132 38 motus
898 1500 88 38 in
942 1500 147 38 numero
1044 1500 147 38 fuerit
1132 1500 103 38 vnius

733 1533 140 50 subiecti
838 1533 128 50 numero,
932 1533 93 50 quod
990 1533 152 50 sequitur,
1107 1533 93 50 quod
1153 1533 82 50 plu

726 1571 99 39 res
782 1571 127 39 motus
867 1571 113 39 sunt
937 1571 155 39 plurium
1036 1571 197 39 subiectorum.

727 1610 180 41 existimatur
871 1610 108 41 tamen
943 1610 96 41 quod
1003 1610 84 41 non
1051 1610 72 41 ex
1087 1610 108 41 eadem
1147 1610 84 41 forma

728 1652 97 38 aut
784 1652 83 38 in
825 1652 125 38 eadem
909 1652 125 38 forma
992 1652 97 38 est
1047 1652 125 38 eadem
1117 1652 111 38 actio.

731 1687 80 36 Et
771 1687 93 36 sic
824 1687 107 36 iste
891 1687 120 36 sermo
971 1687 120 36 habet
1050 1687 107 36 duas
1104 1687 133 36 differem

736 1721 84 50 tias.
792 1721 150 50 differentiam
913 1721 112 50 scilicet
997 1721 112 50 secundum
1081 1721 75 50 hoc,
1128 1721 75 50 quod
1166 1721 65 50 acci-

726 1760 96 49 dit
781 1760 82 49 in
822 1760 123 49 primo
904 1760 164 49 aspectu,
1028 1760 68 49 &
1041 1760 192 49 differentiam

725 1798 134 53 secundum
825 1798 100 53 ipsam
892 1798 89 53 rem.
948 1798 56 53 &
970 1798 89 53 ideo
1025 1798 111 53 dixit,
1103 1798 122 53 dignius
1181 1798 56 53 est
