1416 2066
173 140 123 47 tate,
255 140 192 47 densitate,
406 140 68 47 &
434 140 178 47 raritate,
570 140 82 47 et
598 140 82 47 eis.

185 176 109 58 quae
253 176 109 58 sunt
322 176 123 58 inter
403 176 109 58 ista
471 176 136 58 quonia
567 176 95 58 per
607 176 82 58 ista

181 221 161 45 differut
301 221 147 45 corpora
408 221 187 45 sesibilia,
555 221 94 45 aut
595 221 94 45 secum

187 267 88 61 du
231 267 131 61 magis
319 267 73 61 &
348 267 131 61 minus
436 267 73 61 i
465 267 146 61 aliquo
553 267 131 61 istorum

187 310 104 60 aut
246 310 163 60 secudum
365 310 119 60 quod
439 310 178 60 patiutur
558 310 133 60 aliquod

183 361 177 57 istorum.
316 361 162 57 corpora
434 361 118 57 enim
508 361 177 57 animata,
626 361 59 57 et

188 401 182 57 similiter
328 401 196 57 inanimata,
481 401 84 57 et
523 401 140 57 illud,
607 401 84 57 quod

183 449 106 57 est
244 449 91 57 ex
289 449 182 57 partibus
426 449 228 57 animatorum,
608 449 106 57 non

178 493 207 61 animatum,
337 493 159 61 quando
449 493 207 61 calefacta
592 493 96 61 sunt

187 541 102 61 aut
246 541 232 61 infrigidata,
434 541 102 61 aut
478 541 203 61 amarificata.

180 589 109 61 aut
243 589 233 61 dulcefacta,
429 589 109 61 aut
491 589 140 61 passa
569 589 124 61 aliqua

186 636 242 54 praedictorum,
385 636 171 54 alterata
499 636 100 54 sunt.

228 684 90 38 Cum
280 684 180 38 declarauit
421 684 168 38 quodomnis
550 684 116 38 motor
615 684 77 38 motu

192 716 79 51 loc
237 716 90 51 ali,
293 716 90 51 ita,
349 716 90 51 quod
406 716 79 51 sit
451 716 101 51 causa
518 716 113 51 agens,
597 716 79 51 non
631 716 56 51 est

191 763 144 32 medium
291 763 129 32 inter
377 763 144 32 illud,
478 763 115 32 quod
549 763 144 32 mouet,
650 763 72 32 &

190 791 132 43 illud,
282 791 105 43 quod
348 791 145 43 mouetur
453 791 79 43 ab
493 791 92 43 eo,
545 791 105 43 vult
598 791 92 43 decla

197 829 94 50 rare
256 829 106 50 etiam
327 829 82 50 hoc
374 829 71 50 in
409 829 188 50 alteratione.
562 829 59 50 a
586 829 82 50 Et,
621 829 71 50 quia

192 869 190 45 qualitatum
342 869 218 45 attributarum
505 869 177 45 alterationi

188 907 110 46 aliae
261 907 98 46 sunt
323 907 135 46 primae,
421 907 74 46 vt
458 907 172 46 caliditas,
581 907 110 46 frigidi

191 947 100 31 tas,
254 947 175 31 humiditas,
392 947 63 31 &
417 947 163 31 siccitas,
542 947 63 31 &
567 947 113 31 aliae
630 947 50 31 se

189 984 129 34 cundae,
283 984 59 34 &
306 984 94 34 sunt
365 984 117 34 illae,
447 984 94 34 quae
505 984 105 34 fiunt
576 984 70 34 ex
599 984 82 34 istis

190 1014 75 43 v.
227 1014 75 43 g.
264 1014 125 43 desum,
352 1014 62 43 &
376 1014 125 43 rarum,
464 1014 62 43 &
489 1014 125 43 color,
576 1014 62 43 &
588 1014 100 43 sapor.

193 1056 94 46 Et,
246 1056 107 46 quia
313 1056 94 46 hoc
366 1056 94 46 non
420 1056 147 46 apparet
513 1056 174 46 inductions,

188 1089 95 42 nisi
248 1089 167 42 concedatur
379 1089 95 42 quod
439 1089 107 42 istae
510 1089 143 42 secundae
606 1089 83 42 fiunt

187 1126 86 52 ex
230 1126 159 52 primis,
345 1126 144 52 deinde
446 1126 159 52 ponatur
561 1126 101 52 per
605 1126 86 52 indu

186 1163 130 39 ctionem
281 1163 95 39 quod
340 1163 119 39 primae
423 1163 83 39 non
471 1163 119 39 fiant,
554 1163 95 39 nisi
601 1163 83 39 motor

186 1202 138 48 tangat
283 1202 138 48 motum,
380 1202 97 48 Bv.
435 1202 83 48 g.
477 1202 207 48 calefaciens
629 1202 55 48 ca

191 1237 142 49 lefactum,
300 1237 131 49 incaepit
398 1237 109 49 dicere
475 1237 120 49 quomodo
562 1237 131 49 sequitur
649 1237 44 49 ex

188 1273 92 51 hoc,
246 1273 69 51 si
281 1273 127 51 aliquod
373 1273 115 51 corpus
454 1273 184 51 condensetur,
603 1273 69 51 vt
626 1273 58 51 con

193 1311 111 51 densans
273 1311 101 51 tangat
344 1311 111 51 ipscum,
424 1311 121 51 secundum
515 1311 81 51 quod
555 1311 131 51 infrigidans

193 1348 91 52 tagit
253 1348 171 52 infrigidatum:
395 1348 50 52 &
415 1348 131 52 similiter
516 1348 101 52 illdm,
586 1348 81 52 quid
627 1348 61 52 rare

195 1385 78 47 sit,
244 1385 58 47 vt
273 1385 117 47 tangatur
361 1385 49 47 a
380 1385 166 47 rarefaciente,
517 1385 117 47 secundum
604 1385 78 47 quod
643 1385 49 47 est

192 1427 187 32 calefaciens.
344 1427 59 32 &
368 1427 94 32 ideo
426 1427 117 32 dixit:
508 1427 105 32 desum
579 1427 94 32 enim
625 1427 59 32 &c.

192 1460 73 38 .I.
233 1460 104 38 densum
306 1460 83 38 enim
359 1460 104 38 affert
432 1460 115 38 quodnem
515 1460 63 38 in
546 1460 83 38 hoc,
588 1460 94 38 quoniam

196 1496 95 50 pont
256 1496 131 50 aliquis
351 1496 119 50 dicere
434 1496 95 50 quod
494 1496 83 50 non
541 1496 83 50 est
577 1496 107 50 necesse

193 1533 67 43 vt
226 1533 112 43 illud,
304 1533 89 43 quid
360 1533 134 43 densatur
461 1533 78 43 non
505 1533 145 43 densetur,
606 1533 78 43 donec

184 1570 167 51 tangatur
309 1570 83 51 ap
351 1570 111 51 alio
420 1570 125 51 deso.
503 1570 69 51 c
531 1570 69 51 &
559 1570 125 51 adhuc
628 1570 56 51 de

188 1605 72 45 sum
229 1605 72 45 non
270 1605 144 45 alteratur,
383 1605 82 45 nisi
435 1605 124 45 secundum
528 1605 82 45 quod
579 1605 72 45 est
610 1605 72 45 sensi

192 1647 95 50 bile,
255 1647 53 50 &
276 1647 126 50 secundum
370 1647 84 50 quod
423 1647 74 50 est
465 1647 63 50 in
496 1647 95 50 capho
549 1647 137 50 qualitatis,

189 1682 88 48 non
240 1682 76 48 in
278 1682 114 48 caplo
353 1682 189 48 positionis.
505 1682 76 48 &,
543 1682 88 48 cum
593 1682 88 48 sit
644 1682 76 48 in

181 1719 124 51 caplo
264 1719 207 51 qualitatis,
429 1719 110 51 tunc
498 1719 193 51 principium
636 1719 55 51 mo

706 124 83 46 tus
754 124 95 46 eius
813 124 95 46 erit
872 124 83 46 aut
920 124 59 46 a
943 124 178 46 caliditate,
1086 124 83 46 aut
1133 124 59 46 a
1145 124 71 46 fri-

708 171 159 45 giditate:
830 171 61 45 &
855 171 172 45 caliditas,
990 171 61 45 &
1014 171 172 45 frigiditas
1137 171 74 45 sunt

706 204 146 43 pricipia
815 204 207 43 alterationis:
985 204 61 43 &
1010 204 146 43 alterans
1107 204 97 43 neces-

708 238 112 44 satio
782 238 87 44 est
832 238 87 44 cum
882 238 162 44 alterato.
1007 238 100 44 D.d.
1069 238 75 44 Et
1094 238 112 44 sensibi

702 277 94 50 lia
755 277 121 50 sunt,
836 277 94 50 &c.
889 277 67 50 &
916 277 161 50 intendit
1037 277 121 50 corpa
1104 277 107 50 consi-

708 317 109 37 milium
785 317 131 37 partium.
883 317 55 37 d
905 317 131 37 diiturae
1003 317 87 37 enim
1058 317 120 37 istorum
1134 317 77 37 sunt,

702 353 71 49 in
738 353 189 49 sensibilibus
892 353 83 49 per
939 353 95 49 qui,
998 353 83 49 que
1045 353 130 49 sensus:
1140 353 59 49 &
1152 353 59 49 pri

702 397 86 40 ma
745 397 201 40 sensibilia
902 397 115 40 sunt
974 397 143 40 primae
1060 397 143 40 qualita-

701 431 91 38 tes
753 431 143 38 actiuae
857 431 130 38 earum:
948 431 65 38 &
975 431 104 38 sunt
1040 431 182 38 caliditas,
1170 431 39 38 &

707 464 177 42 frigiditas,
849 464 59 42 &
873 464 177 42 humniditas,
1015 464 59 42 &
1038 464 154 42 ficcitas.
1145 464 59 42 Et,

706 507 97 39 quia
766 507 145 39 intendit
875 507 181 39 syllogitare
1020 507 97 39 quod
1080 507 133 39 demsum,
1177 507 60 39 &

702 538 118 40 rarum
780 538 105 40 sunt
846 538 196 40 qualitates,
1003 538 92 40 non
1042 538 157 40 positiones

708 572 87 38 sic
757 572 137 38 densum,
857 572 62 38 &
881 572 112 38 rarum
956 572 99 38 sunt
1018 572 137 38 vltimae
1105 572 99 38 dietra

702 613 139 49 corporum
807 613 186 49 consimilium:
958 613 58 49 &
981 613 151 49 diciturae
1086 613 116 49 corporum

703 646 192 52 consimilium
857 646 102 52 sunt
921 646 192 52 sensibiles:
1074 646 102 52 ergo
1125 646 77 52 den-

710 684 108 38 sum,
777 684 68 38 &
804 684 122 38 rarum
885 684 108 38 sunt
953 684 81 38 de
993 684 189 38 qualitate.
1142 684 68 38 e
1169 684 68 38 &

709 722 172 48 grauitas,
841 722 66 48 &
867 722 145 48 leuitas
973 722 106 48 sunt
1039 722 172 48 nuneratae
1158 722 53 48 in

706 757 113 40 tactu,
785 757 56 40 &
807 757 147 40 similiter
920 757 147 40 durities,
1033 757 56 40 &
1055 757 158 40 mollities,
1168 757 34 40 &

705 796 126 41 sonus,
794 796 63 41 &
819 796 164 41 silentium
946 796 76 41 in
983 796 139 41 auditu,
1085 796 63 41 &
1097 796 114 41 albedo,

704 837 70 44 &
732 837 154 44 nigredo
844 837 84 44 in
886 837 126 44 visu,
969 837 70 44 &
997 837 168 44 dulcedo,
1123 837 70 44 &
1137 837 70 44 ama

706 876 131 43 ritudo
797 876 78 43 in
836 876 131 43 gustu.
928 876 65 43 &
954 876 131 43 voluit
1045 876 144 43 nuerare
1137 876 65 43 eas

707 916 69 37 vt
741 916 137 37 appareat
844 916 80 37 per
890 916 172 37 inductionem
1027 916 92 37 quod
1073 916 137 37 vnaquaeque

703 946 89 45 earu
758 946 78 45 non
803 946 155 45 completur,
925 946 89 45 nisi
980 946 78 45 per
1024 946 189 45 alterationem:
1180 946 55 45 &

705 981 77 46 in
744 981 193 46 alteratione
898 981 154 46 alterans
1014 981 129 46 semper
1104 981 90 46 est
1143 981 64 46 cum

707 1014 136 44 alterato.
811 1014 83 44 D.d.
863 1014 73 44 aut
905 1014 125 44 secundum
998 1014 83 44 quod
1051 1014 136 44 patiuntur
1144 1014 63 44 ali-

707 1061 96 37 quod
767 1061 144 37 istorum.
875 1061 72 37 i.
911 1061 60 37 &
935 1061 96 37 quod
994 1061 108 37 omnia
1066 1061 132 37 corpora
1150 1061 48 37 mo

708 1094 63 37 ta
740 1094 74 37 non
782 1094 169 37 diuersantur,
920 1094 85 37 nisi
973 1094 116 37 panendo
1057 1094 127 37 secundum
1142 1094 63 37 ali-

707 1132 99 42 quam
769 1132 136 42 istarum
868 1132 186 42 qualitatum:
1016 1132 99 42 siue
1078 1132 111 42 corpa
1140 1132 62 42 fue

710 1165 73 45 rit
751 1165 125 45 animata,
845 1165 73 45 aut
887 1165 62 45 in
918 1165 125 45 animata.
1012 1165 52 45 &
1032 1165 94 45 dixit
1095 1165 83 45 hoc,
1137 1165 62 45 quod

704 1202 118 48 corpus
787 1202 82 48 non
834 1202 94 48 acit
893 1202 130 48 aliquam
987 1202 130 48 istarum
1069 1202 130 48 qualita

708 1237 83 37 tum,
760 1237 83 37 nisi
812 1237 83 37 quia
864 1237 146 37 disponitur
978 1237 73 37 per
1020 1237 104 37 illam.
1093 1237 73 37 Et,
1134 1237 73 37 cum
1165 1237 42 37 po

706 1272 82 49 suit
757 1272 82 49 quod
808 1272 92 49 istae
870 1272 82 49 sunt
921 1272 133 49 diciturae
1024 1272 164 49 sensibilium,
1157 1272 51 49 &
1167 1272 41 49 fu

710 1309 60 50 it
740 1309 140 50 manifestum
850 1309 60 50 in
880 1309 120 50 omnibus,
969 1309 110 50 quoniam
1049 1309 120 50 indioent
1139 1309 60 50 in
1159 1309 50 50 hoc

717 1338 72 59 per
758 1338 134 59 pariantur
861 1338 124 59 secundum
954 1338 155 59 vnanquamque
1078 1338 114 59 istarum
1150 1338 52 59 qua

705 1381 129 46 litatum,
802 1381 64 46 vt
834 1381 150 46 calefiant,
952 1381 75 46 aut
995 1381 182 46 infrigidentur
1145 1381 75 46 fed

708 1427 88 45 quia
763 1427 177 45 calefaciens,
907 1427 55 45 &
929 1427 166 45 infrigidans
1061 1427 110 45 tangit
1128 1427 66 45 cale

705 1458 131 42 factum,
800 1458 60 42 &
824 1458 191 42 ifrigidatum,
979 1458 179 42 verificauit
1111 1458 95 42 illud,

706 1495 92 48 quod
764 1495 161 48 intendebat
891 1495 161 48 declarare,
1017 1495 58 48 &
1040 1495 92 48 est,
1098 1495 92 48 quod
1144 1495 69 48 omne

703 1533 143 50 alterans
811 1533 120 50 tangit
894 1533 167 50 alteratum.
1026 1533 60 50 &
1050 1533 84 50 hoc
1085 1533 120 50 intende-

711 1572 88 39 bat,
766 1572 77 39 cum
810 1572 110 39 dixit:
887 1572 99 39 corpa
953 1572 88 39 enim
1009 1572 132 39 animata,
1108 1572 77 39 &c.
1152 1572 66 39 i.
1174 1572 33 39 &

707 1612 137 38 necesse
806 1612 87 38 est
856 1612 75 38 vt
893 1612 100 38 isti
956 1612 100 38 sint
1018 1612 100 38 modi
1068 1612 137 38 alteratio

707 1652 98 39 nis.
768 1652 98 39 quia
830 1652 98 39 omne
891 1652 123 39 corpus
977 1652 160 39 animatum,
1100 1652 86 39 aut
1137 1652 74 39 ina-

706 1681 142 41 nimatum
810 1681 91 41 non
861 1681 142 41 dicitur
965 1681 168 41 alterari,
1094 1681 104 41 nisi
1146 1681 65 41 cum

700 1718 153 44 calefit,
815 1718 89 44 aut
866 1718 217 44 infrigidatur,
1045 1718 89 44 aut
1083 1718 128 44 patitur,
