1416 2066
185 181 116 45 D.d.
257 181 72 45 &
286 181 116 45 ideo
358 181 101 45 est
416 181 173 45 delatum,
546 181 101 45 &c.
604 181 87 45 i.
647 181 87 45 &,

197 225 116 42 quia
270 225 189 42 subiectum
415 225 189 42 recipiens
546 225 160 42 infinitum

202 261 88 45 est
253 261 164 45 conclusum
379 261 76 45 in
417 261 114 45 toto,
493 261 101 45 ideo
556 261 139 45 existit
657 261 76 45 in

202 300 118 46 alio,
281 300 79 46 i.
320 300 79 46 in
359 300 184 46 composito,
504 300 66 46 &
530 300 92 46 non
583 300 92 46 est
622 300 79 46 exi-

209 340 93 52 stens
271 340 73 52 per
312 340 73 52 se,
354 340 73 52 sed
396 340 125 52 secundum
489 340 83 52 quod
541 340 114 52 recipit
614 340 93 52 infini-

209 380 85 53 tum:
263 380 53 53 &
284 380 75 53 hoc
327 380 75 53 est
369 380 128 53 secundum
466 380 85 53 quod
519 380 75 53 est
562 380 128 53 materia.
658 380 53 53 a
679 380 53 53 &

202 421 128 49 causa
287 421 85 49 in
329 421 99 49 hoc
386 421 113 49 est,
457 421 113 49 quia
528 421 156 49 materia
641 421 99 49 non

198 456 131 42 habet
286 456 160 42 formam.
403 456 117 42 nam,
476 456 88 42 si
519 456 160 42 haberet
621 456 88 42 for-

200 500 101 46 mam,
264 500 114 46 esset
340 500 89 46 per
390 500 76 46 se
428 500 63 46 b
454 500 89 46 non
504 500 127 46 delata
593 500 76 46 in
618 500 89 46 alio-

207 537 87 42 &,
250 537 116 42 quia
322 537 101 42 non
380 537 130 42 habet
467 537 159 42 formam,
583 537 116 42 ideo
641 537 72 42 est

208 578 136 52 delata
304 578 82 52 in
345 578 123 52 alio.
426 578 82 52 Et
467 578 123 52 debes
535 578 177 52 intelligere

208 615 83 43 hic
256 615 83 43 per
303 615 131 43 delatum
399 615 83 43 non
446 615 119 43 illud,
529 615 95 43 quod
589 615 131 43 dicitur
672 615 36 43 i

209 654 150 44 ubiecto,
321 654 87 44 aut
371 654 87 44 dae
420 654 162 44 subiecto.
545 654 137 44 materia
632 654 75 44 enim

206 693 78 55 non
250 693 122 55 dicitur
339 693 66 55 in
372 693 144 55 subiecto,
483 693 100 55 neque
549 693 66 55 de
571 693 111 55 subiecto

210 734 74 52 ed
247 734 135 52 delatum
345 734 160 52 accipitur
467 734 86 52 hic
517 734 98 52 loco
578 734 110 52 eius,
639 734 74 52 quid

203 773 88 40 non
254 773 177 40 inuenitur,
393 773 101 40 nisi
456 773 76 40 in
494 773 114 40 alio.
570 773 63 40 &
595 773 101 40 haec
646 773 63 40 est

206 812 197 54 dispositio
361 812 70 54 c
389 812 183 54 materiae,
530 812 70 54 &
544 812 169 54 dispositio

198 854 224 43 accidentium,
380 854 70 43 &
408 854 182 43 formarum.
548 854 98 43 sed
590 854 126 43 accidem

200 901 111 29 tia,
269 901 69 29 &
297 901 139 29 formae
394 901 180 29 differunt
533 901 69 29 a
561 901 152 29 materia
658 901 55 29 in

198 933 100 37 hoc,
260 933 100 37 quod
323 933 100 37 sunt
385 933 75 37 in
423 933 163 37 subiecto,
548 933 88 37 aut
598 933 75 37 de
623 933 88 37 subie

199 971 103 39 cto:
264 971 142 39 materia
367 971 116 39 autem
445 971 90 39 est
496 971 116 39 ipsum
561 971 142 39 subiectum

202 1008 194 54 Intendebat
355 1008 139 54 igitur
452 1008 97 54 per
508 1008 153 54 delatum
605 1008 97 54 illud

200 1050 88 40 in
244 1050 102 40 quo
303 1050 161 40 materia
419 1050 175 40 conuenit
551 1050 102 40 cum
595 1050 102 40 acci-

200 1087 182 43 dentibus,
340 1087 70 43 &
368 1087 154 43 formis:
479 1087 70 43 &
507 1087 112 43 quod
577 1087 98 43 non
619 1087 84 43 inue

204 1126 91 53 nitur
265 1126 71 53 per
305 1126 71 53 se,
346 1126 71 53 sed
386 1126 61 53 in
417 1126 101 53 aliquo
488 1126 122 53 scilicet
579 1126 61 53 in
600 1126 101 53 composi-

203 1165 78 46 to,
247 1165 55 46 &
269 1165 78 46 cum
314 1165 111 46 aliquo
391 1165 133 46 scilicet
491 1165 78 46 cum
536 1165 111 46 forma.
613 1165 78 46 sed
658 1165 55 46 d
669 1165 44 46 ma

203 1206 98 44 teria
269 1206 142 44 inuenitur
378 1206 77 44 per
422 1206 120 44 formam,
509 1206 131 44 secundum
608 1206 87 44 quod
651 1206 66 44 fora

196 1253 87 37 est
245 1253 161 37 perfectio
369 1253 111 37 eius,
443 1253 111 37 forma
517 1253 111 37 autem
579 1253 136 37 inuenitur

203 1286 81 45 per
250 1286 139 45 materiam
354 1286 139 45 secundum
458 1286 93 45 hoc,
516 1286 93 45 quod
574 1286 127 45 materia
655 1286 58 45 est

200 1324 161 46 subiectum
324 1324 112 46 eius,
398 1324 62 46 &
423 1324 161 46 similiter
535 1324 161 46 accidentia.

242 1372 147 62 Quare
340 1372 229 62 manifestum
519 1372 114 62 est
584 1372 131 62 quod
650 1372 65 62 ma

195 1417 114 50 gis
260 1417 98 50 in
309 1417 163 50 partis
423 1417 180 50 ratione
537 1417 180 50 infinitum

192 1468 112 38 sit,
262 1468 112 38 quam
332 1468 84 38 in
374 1468 154 38 totius.
485 1468 112 38 pars
555 1468 112 38 enim
611 1468 98 38 mate-

200 1501 95 46 ria
255 1501 135 46 totius
349 1501 108 46 est,
417 1501 122 46 sicut
498 1501 95 46 aes
552 1501 135 46 aeneae
633 1501 81 46 sta-

200 1544 113 43 tuae.
275 1544 150 43 quoniam,
387 1544 75 43 si
425 1544 150 43 continet
537 1544 75 43 in
562 1544 150 43 sensibili-

195 1589 128 45 bus,
275 1589 80 45 &
307 1589 96 45 in
354 1589 319 45 intelligibilibus
609 1589 112 45 ipsum

195 1638 212 44 magnum,
349 1638 97 44 &
388 1638 193 44 paruum
504 1638 212 44 oportebat

191 1676 195 56 continere
341 1676 285 56 intelligibilia.
566 1676 150 56 inconue-

194 1716 150 46 niens
295 1716 167 46 autem,
411 1716 84 46 &
445 1716 251 46 impossibile
629 1716 84 46 est

195 1760 202 43 ignotum,
347 1760 84 43 &
380 1760 303 43 indeterminatum
616 1760 101 43 com-

189 1804 183 39 tinere,
322 1804 83 39 &
339 1804 232 39 determinare.

243 1842 170 64 Apparet
366 1842 124 64 ergo
444 1842 93 64 ex
490 1842 108 64 hoc
552 1842 124 64 quod
630 1842 108 64 in

188 1893 158 69 finitu
299 1893 142 69 magis
393 1893 110 69 est
456 1893 142 69 quasi
551 1893 142 69 pars,
629 1893 95 69 quam

723 178 132 64 quasi
811 178 147 64 totum.
914 178 161 64 materia
1031 178 117 64 enim
1105 178 103 64 est
1163 178 117 64 pars
1222 178 44 64 R

727 235 179 56 totius,
857 235 245 56 quemadmodum
1053 235 163 56 cuprum
1151 235 82 56 est

724 277 114 61 pars
795 277 156 61 statuae
908 277 170 61 cupreae.
1036 277 85 61 &,
1079 277 85 61 si
1107 277 114 61 illud,

735 327 114 59 quod
806 327 171 59 continet
934 327 214 59 sensibilia,
1105 327 71 59 &
1119 327 114 59 intel-

731 377 222 66 ligibilia,
906 377 143 66 esset
1001 377 175 66 magnum,
1128 377 79 66 &
1144 377 95 66 par-

722 428 114 47 uum,
793 428 114 47 tunc
864 428 128 47 illud
949 428 199 47 contineret
1091 428 142 47 intelli-

733 473 171 66 ribilia.
861 473 100 66 sed
918 473 214 66 improbabile
1089 473 114 66 est,
1160 473 71 66 &
1174 473 57 66 im

731 524 201 63 possibile
885 524 93 63 vt
932 524 170 63 ignotum
1055 524 108 63 non
1102 524 139 63 termina

722 588 115 30 tum
787 588 213 30 contineat
934 588 213 30 terminatum.

770 620 96 39 Et,
825 620 83 39 si
867 620 124 39 illud
949 620 193 39 infinitum,
1101 620 110 39 quod
1170 620 110 39 con
1225 620 41 39 &

724 660 111 53 tinet
798 660 185 53 sensibilia,
946 660 62 53 &
971 660 235 53 intelligibilia,
1156 660 87 53 esset

724 701 152 50 magnum,
834 701 69 50 &
862 701 138 50 paruum
958 701 165 50 secundum
1069 701 165 50 sententiam

725 740 186 36 Platonis,
868 740 143 36 quorum
968 740 143 36 natura
1068 740 100 36 non
1125 740 100 36 est
1168 740 71 36 ter

729 780 151 46 minata,
839 780 123 46 neque
921 780 123 46 nota,
1003 780 110 46 tunc
1072 780 137 46 illud,
1154 780 82 46 quod

725 818 148 49 terminat
835 818 184 49 terminatum,
983 818 61 49 &
1007 818 111 49 notum
1081 818 148 49 scilicet
1180 818 61 49 in-

726 857 243 53 telligibilia,
926 857 129 53 esset
1012 857 100 53 non
1054 857 172 53 terminatum

733 902 119 37 neque
812 902 133 37 notum.
905 902 66 37 &
932 902 199 37 inopinabile
1091 902 93 37 est
1144 902 80 37 vt
1171 902 66 37 non

734 937 189 44 erminatum,
882 937 122 44 neque
963 937 122 44 notum
1044 937 162 44 terminet
1152 937 81 44 ter-

726 973 191 45 minatum,
869 973 80 45 &
901 973 159 45 notum.
1013 973 96 45 Et
1061 973 112 45 hoc
1109 973 127 45 contin

724 1013 97 56 git
780 1013 166 56 Platoni,
904 1013 111 56 quia
974 1013 111 56 ipse
1043 1013 125 56 ponit
1112 1013 125 56 magnum,

727 1053 71 45 &
755 1053 143 45 paruum
855 1053 114 45 esse
927 1053 200 45 infinitum,
1084 1053 71 45 &
1112 1053 129 45 ponit
1184 1053 57 45 ea

724 1093 197 45 terminantia
881 1093 92 45 res
934 1093 197 45 sensibiles,
1091 1093 66 45 &
1104 1093 131 45 intelli-

734 1133 148 52 gibiles.
845 1133 62 52 &
870 1133 111 52 facit
944 1133 99 52 bene
1005 1133 74 52 in
1042 1133 99 52 hoc,
1104 1133 99 52 quod
1154 1133 86 52 ponit

729 1173 197 52 infinitum
881 1173 91 52 in
926 1173 152 52 magno,
1032 1173 76 52 &
1063 1173 152 52 paruo,
1154 1173 91 52 quia

724 1213 159 51 magnum,
839 1213 72 51 &
868 1213 145 51 paruum
969 1213 116 51 sunt
1042 1213 173 51 secundum
1157 1213 87 51 mate

730 1253 124 37 riam,
813 1253 96 37 sed
868 1253 179 37 infinitum
1006 1253 96 37 non
1061 1253 179 37 inuenitur
1185 1253 55 37 in

738 1289 78 55 ma
777 1289 104 55 gno,
842 1289 104 55 nisi
908 1289 157 55 secundum
1025 1289 183 55 additionem
1156 1289 91 55 mensu

730 1333 116 37 rae,
803 1333 116 37 quae
876 1333 102 37 est
934 1333 189 37 conuersum
1065 1333 174 37 diminutio-

730 1370 106 49 nis.
796 1370 66 49 &
823 1370 133 49 peccat
915 1370 80 49 in
955 1370 106 49 hoc,
1022 1370 106 49 quod
1088 1370 119 49 ponit
1154 1370 93 49 ipsum

725 1409 244 49 determinare
904 1409 130 49 totum.

731 1469 158 50 Redditur
849 1469 132 50 causa,
941 1469 145 50 propter
1047 1469 105 50 quam
1112 1469 92 50 non
1152 1469 105 50 potess

783 1509 138 53 reperiri
887 1509 150 53 infinitum
1002 1509 69 53 in
1037 1509 104 53 actu,
1106 1509 81 53 sed
1152 1509 69 53 in

842 1554 207 49 potentia.
1001 1554 128 49 Cap.
1065 1554 64 49 1.

794 1588 174 46 Ecundum
920 1588 189 46 rationem
1063 1588 142 46 autem
1142 1588 111 46 acci-

802 1631 110 56 dit,
871 1631 82 56 vt
912 1631 68 56 &
939 1631 110 56 quod
1008 1631 96 56 est
1062 1631 164 56 secundum
1172 1631 82 56 appo

736 1651 240 77 Ositionem
920 1651 129 77 non
994 1651 148 77 esse
1068 1651 184 77 videatur

730 1719 195 43 infinitum
880 1719 120 43 sic,
955 1719 90 43 vt
1001 1719 135 43 omnem
1091 1719 165 43 excedat
1196 1719 60 43 ma

728 1764 228 51 gnitudinem,
910 1764 91 51 in
955 1764 197 51 diuisione
1107 1764 137 51 autem
1183 1764 76 51 es-

736 1804 107 43 se.
797 1804 213 43 continetur
964 1804 122 43 enim
1041 1804 137 43 sicut
1117 1804 137 43 materia

731 1845 162 54 intus,
844 1845 81 54 &
877 1845 227 54 infinitum,
1055 1845 195 54 continet
1185 1845 81 54 au-

726 1893 147 46 tem
789 1893 168 46 forma.
