1416 2066
203 173 211 58 aliquid,
362 173 88 58 &
397 173 159 58 aliud
503 173 176 58 quidem
609 173 123 58 prius

216 219 205 47 significat,
381 219 123 47 aliud
463 219 123 47 autem
545 219 192 47 posterius.
682 219 41 47 3

211 263 223 43 mutabitur
383 263 137 43 quid
468 263 189 43 mutatur
589 263 137 43 quadri

208 301 197 45 fariam.
351 301 125 45 Aut
423 301 143 45 enim
512 301 107 45 ex
548 301 179 45 subiecto

210 341 101 45 in
261 341 235 45 subiectum,
445 341 118 45 Aut
513 341 101 45 ex
563 341 118 45 non
613 341 118 45 subie

213 381 123 46 cto
284 381 105 46 in
336 381 123 46 non
407 381 246 46 subiectum,
600 381 123 46 Aut
653 381 70 46 ex

215 421 116 51 non
282 421 200 51 subiecto
432 421 100 51 in
482 421 233 51 subiectum,
648 421 83 51 Aut

218 462 101 45 ex
269 462 201 45 subiecto
419 462 101 45 in
470 462 117 45 non
520 462 201 45 subiectum.

214 501 151 53 dico
309 501 170 53 autem
422 501 265 53 Subiectum,
611 501 114 53 quod

217 544 270 43 affirmatione
436 544 253 43 monstratur.
622 544 101 43 Qua-

218 583 90 43 re
263 583 165 43 necesse
383 583 105 43 est
443 583 90 43 ex
487 583 120 43 ijs,
562 583 120 43 quae
622 583 105 43 dicta

214 624 145 42 sunt,
310 624 129 42 tres
391 624 129 42 esse
471 624 241 42 mutationes,
649 624 80 42 eam

219 666 112 47 quae
289 666 98 47 est
345 666 98 47 ex.
402 666 169 47 subiecto
528 666 84 47 in
556 666 169 47 subiectum,

222 709 81 48 &
254 709 129 48 eam,
335 709 129 48 quae
416 709 97 48 ex
464 709 194 48 subiecto
610 709 97 48 in
642 709 81 48 non

214 754 238 32 subiectum,
401 754 85 32 &
435 754 136 32 eam,
519 754 136 32 quae
604 754 102 32 ex
638 754 85 32 non

214 789 185 52 subiecto
352 789 92 52 in
398 789 215 52 subiectum,
567 789 123 52 quae
629 789 92 52 enim

214 827 118 39 est
281 827 101 39 ex
332 827 118 39 non
399 827 185 39 subecto
533 827 101 39 in
584 827 118 39 non
634 827 84 39 sub

219 873 165 41 iectum
334 873 115 41 non
400 873 115 41 est
466 873 198 41 mutatio,
597 873 132 41 propte

215 913 88 42 rea
266 913 101 42 quod
329 913 88 42 non
379 913 88 42 est
430 913 151 42 secundum
531 913 189 42 oppositionem,

210 952 164 50 neque
319 952 145 50 enim
410 952 255 50 contraria,
592 952 127 50 neque

215 990 246 56 contradictio
414 990 123 56 est.
491 990 123 56 Quae
568 990 153 56 igitur
660 990 61 56 ex

210 1029 119 45 non
278 1029 204 45 subiecto
431 1029 119 45 est
498 1029 102 45 in
532 1029 187 45 subiectum

217 1071 179 43 mutatio
347 1071 195 43 secundum
477 1071 244 43 contradictio-

210 1111 117 44 nem
277 1111 218 44 generatio
445 1111 134 44 est.
528 1111 134 44 alia
595 1111 134 44 quidem

212 1152 245 42 simpliciter
408 1152 196 42 simplex,
555 1152 131 42 alia
620 1152 98 42 vero

213 1193 187 44 quaedam
349 1193 221 44 cuiusdam.
519 1193 102 44 vt
570 1193 119 44 ea,
621 1193 102 44 quae

211 1232 101 43 ex
262 1232 118 43 non
329 1232 135 43 albo
413 1232 101 43 in
464 1232 168 43 album,
565 1232 151 43 genera-

214 1282 112 32 tio
278 1282 144 32 huius
374 1282 128 32 est:
454 1282 96 32 ea
503 1282 144 32 vero,
599 1282 128 32 quae
663 1282 64 32 ex

205 1309 110 45 eo,
268 1309 125 45 quod
346 1309 110 45 non
409 1309 125 45 est.
487 1309 235 45 simpliciter
659 1309 63 45 in

213 1354 260 41 substantiam,
424 1354 211 41 generatio
571 1354 146 41 simpli-

215 1390 151 44 citer
316 1390 134 44 est,
399 1390 201 44 secundum
550 1390 134 44 quam
617 1390 100 44 sim-

213 1432 180 51 pliciter
348 1432 150 51 fieri,
453 1432 75 51 &
484 1432 105 51 non
544 1432 165 51 aliquid
649 1432 75 51 fie

212 1471 102 43 ri
263 1471 204 43 dicimus.
416 1471 136 43 Quae
500 1471 136 43 vero
585 1471 102 43 ex
619 1471 102 43 sub-

215 1515 152 40 lecto
317 1515 102 40 in
367 1515 119 40 non
435 1515 220 40 subiectum
588 1515 135 40 corru-

214 1554 113 48 ptio
284 1554 113 48 est,
355 1554 212 48 simpliciter
524 1554 155 48 quidem,
637 1554 113 48 quae

219 1593 98 43 ex
268 1593 230 43 substantia
448 1593 98 43 ad
497 1593 148 43 ipsum
596 1593 115 43 non
645 1593 82 43 es-

209 1637 97 47 se
257 1637 129 47 est:
338 1637 177 47 quaedam
466 1637 145 47 autem
563 1637 113 47 ea,
627 1637 129 47 quae

216 1669 124 57 est
287 1669 106 57 in
340 1669 230 57 oppositam
499 1669 212 57 negationem

216 1710 152 53 sicut
317 1710 169 53 dictum
435 1710 118 53 est
503 1710 84 53 &
537 1710 101 53 in
570 1710 152 53 genera

199 1754 144 40 tione.

781 180 120 63 Et,
849 180 137 63 quia
935 180 154 63 omnis
1020 180 239 63 transmutatio

740 229 112 61 est
804 229 96 61 de
852 229 160 61 aliquo
964 229 96 61 in
1012 229 192 61 aliquid,
1156 229 80 61 &
1172 229 80 61 hoc

735 277 207 56 significat
898 277 118 56 suum
971 277 148 56 nomen.
1060 277 192 56 significat,

739 324 106 51 enim
805 324 80 51 in
845 324 159 51 idiomate
964 324 146 51 Graeco,
1070 324 106 51 quod
1137 324 93 51 est
1176 324 80 51 ali-

738 373 127 54 quid,
823 373 113 54 quod
893 373 99 54 sit
950 373 99 54 per
1006 373 141 54 aliud,
1105 373 71 54 &
1133 373 99 54 sic
1175 373 71 54 si-

739 418 176 58 gnificat
872 418 162 58 aliquid
989 418 162 58 fuisse,
1107 418 74 58 &
1122 418 132 58 aliquid

737 469 114 47 fore.
814 469 76 47 et
852 469 127 47 esmne,
941 469 102 47 quod
1004 469 216 47 transmutatur,
1170 469 76 47 tral

735 509 183 58 mutatur
869 509 183 58 quatuor
1002 509 167 58 modis.
1119 509 117 58 Aut
1169 509 83 58 de.

733 556 176 54 subiecto
866 556 88 54 in
910 556 191 54 subiectu,
1057 556 103 54 Aut
1116 556 88 54 de
1145 556 103 54 subie

737 601 112 57 cto
801 601 96 57 in
849 601 112 57 non
912 601 223 57 subiectum,
1088 601 112 57 Aut
1151 601 96 57 de
1183 601 64 57 no

739 648 193 50 subiecto,
887 648 89 50 in
932 648 207 50 subiectum,
1095 648 104 50 Aut
1154 648 74 50 a
1169 648 74 50 non

740 692 178 53 subiecto
874 692 89 53 in
918 692 104 53 non
978 692 208 53 subiectum.
1141 692 74 53 &
1171 692 104 53 in

740 740 163 63 telligo
859 740 104 63 per
918 740 193 63 subiectum
1067 740 149 63 illud,
1156 740 104 63 quod:

741 789 244 54 significatur
939 789 107 54 per
984 789 244 54 affirmationem.

742 830 118 65 ergo
816 830 163 65 necesse
934 830 104 65 est
994 830 89 65 ex
1038 830 118 65 hoc,
1112 830 118 65 quod
1171 830 74 65 di-

737 877 163 62 ximus,
851 877 131 62 quod
933 877 131 62 modi
998 877 245 62 transmutatio-

734 924 111 57 nis
798 924 127 57 sunt
877 924 143 57 tres,
973 924 175 57 quoniam
1084 924 159 57 transmu-

742 972 125 54 tatio
826 972 83 54 de
867 972 97 54 non
923 972 167 54 subiecto
1048 972 83 54 in
1090 972 97 54 non
1132 972 111 54 subie-

736 1018 123 48 ctum
812 1018 107 48 non
874 1018 107 48 est
935 1018 261 48 transmutatio.
1135 1018 107 48 quia,

740 1065 110 64 non
803 1065 125 64 sunt
881 1065 204 64 opposita,
1038 1065 172 64 quoniam
1164 1065 110 64 non

745 1109 104 61 sunt
810 1109 181 61 contraria,
952 1109 129 61 neque,
1030 1109 207 61 cotradictoria.

736 1158 244 59 rransmutatio
934 1158 152 59 igitur
1040 1158 91 59 de
1086 1158 107 59 non
1131 1158 107 59 subie

736 1202 105 57 cto
796 1202 90 57 in
841 1202 195 57 subiectum
991 1202 180 57 secundum
1110 1202 135 57 contra-

732 1249 190 50 dictionem
879 1249 103 50 est
937 1249 205 50 oeneratio.
1099 1249 88 50 et
1128 1249 117 50 trans-

732 1282 157 75 mutatio
846 1282 214 75 simpliciter
1018 1282 114 75 erit
1075 1282 157 75 simplici-

733 1340 119 63 ter,
808 1340 75 63 &
837 1340 119 63 quod
912 1340 104 63 est
972 1340 239 63 transmutatio
1151 1340 89 63 ali-

739 1397 99 52 qua
796 1397 99 52 est
852 1397 85 52 in
895 1397 156 52 aliquo.
1009 1397 114 52 ver.
1080 1397 85 52 g.
1108 1397 128 52 quoniam

737 1434 246 56 transmutatio
937 1434 92 56 de
983 1434 108 56 non
1044 1434 123 56 albo
1121 1434 92 56 in
1152 1434 92 56 albu

732 1480 107 59 est
793 1480 199 59 generatio
946 1480 138 59 albi:
1022 1480 214 59 transmutatio

743 1524 115 62 vero
814 1524 86 62 de
857 1524 144 62 nihilo
958 1524 215 62 simpliciter
1130 1524 86 62 ad
1159 1524 86 62 ali-

741 1573 118 61 quam
815 1573 206 61 essentiam,
977 1573 103 61 est
1036 1573 191 61 generatio
1168 1573 74 61 sim

730 1620 210 54 pliciter:
891 1620 81 54 &
924 1620 97 54 de
972 1620 113 54 hoc
1037 1620 178 54 dicimus
1150 1620 97 54 sim-

735 1669 178 61 pliciter
869 1669 163 61 aliquid
988 1669 193 61 generari.
1121 1669 119 61 Trasmu

741 1713 122 57 tatio
823 1713 108 57 vero
891 1713 81 57 de
931 1713 163 57 subtecto
1053 1713 81 57 in
1094 1713 95 57 non
1135 1713 108 57 subie-

741 1756 121 63 ctum,
821 1756 94 63 aut
875 1756 94 63 est
929 1756 175 63 corruptio
1050 1756 188 63 simpliciter,
