1416 2066
205 180 105 48 sed
265 180 225 48 attribuitur
445 180 135 48 motui
536 180 90 48 in
566 180 165 48 quantita-

223 225 78 33 te
262 225 91 33 per
314 225 91 33 se,
366 225 91 33 cum
418 225 143 33 diuisio
523 225 91 33 sit
562 225 169 33 essentialis

220 254 221 52 quantitati,
397 254 74 52 &
426 254 221 52 attribuitur
603 254 132 52 motui
676 254 59 52 in

233 292 171 54 qualitate
364 292 92 54 per
417 292 171 54 accidens.
549 292 79 54 Et
575 292 158 54 intelligen

223 333 103 46 dum
282 333 103 46 est
341 333 103 46 hoc
400 333 88 46 de
444 333 206 46 quantitate
605 333 103 46 cum
650 333 73 46 mo-

220 365 110 45 tue
283 365 204 45 augmenti,
440 365 78 45 &
471 365 266 45 diminutionis,
690 365 78 45 &

222 414 126 28 motu
301 414 174 28 locali.
427 414 142 28 locus
522 414 126 28 enim
585 414 142 28 numera-

216 452 100 30 tur
273 452 86 30 in
316 452 157 30 quanto,
430 452 72 30 &
459 452 157 30 accidet
574 452 86 30 ei
602 452 129 30 diuisio

223 485 263 35 essentialiter.
443 485 146 35 Deinde
545 485 161 35 induxit
647 485 88 35 exem

228 516 108 40 plum
296 516 81 40 de
337 516 162 40 literis.
458 516 68 40 &
486 516 122 40 sermo
567 516 108 40 eius
634 516 81 40 in
661 516 68 40 hoc

218 552 97 44 est
274 552 208 44 manifestus.
440 552 69 44 &
468 552 166 44 intentio
592 552 111 44 eius
648 552 83 44 est,

222 594 92 40 si
268 594 214 40 posuerimus
436 594 123 40 quod
513 594 168 40 aliquis
620 594 107 40 totus

224 636 135 39 motus
314 636 105 39 est
374 636 90 39 in
419 636 150 39 aliquo
523 636 120 39 toto
583 636 150 39 tempore,

216 664 176 42 medietas
348 664 117 42 erit
421 664 88 42 in
465 664 205 42 medietate,
626 664 73 42 &
641 664 88 42 vni-

225 702 203 37 uersaliter
384 702 130 37 minor
471 702 87 37 in
514 702 159 37 minori.
630 702 87 37 &,
659 702 72 37 si-

217 741 101 37 cut
274 741 130 37 motus
361 741 188 37 diuiditur
505 741 101 37 per
548 741 188 37 diuisionem,

216 775 192 43 temporis,
364 775 192 43 similiter
512 775 148 43 tempus
600 775 133 43 diuidi-

219 813 109 45 tur
282 813 109 45 per
344 813 218 45 diuisionem
500 813 124 45 motus.

260 884 178 56 Eodem
379 884 178 56 autem
498 884 178 56 modo,
617 884 99 56 &
637 884 99 56 ip-

216 923 104 47 sum
276 923 149 47 moueri
380 923 208 47 diuidetur.
544 923 104 47 Sit
603 923 119 47 enim
677 923 89 47 in

218 972 95 50 quo
273 972 81 50 c,
313 972 122 50 ipsum
394 972 149 50 moueri.
503 972 162 50 secundum
611 972 122 50 igitur,

225 1007 201 43 dimidium
376 1007 151 43 motum
476 1007 151 43 minus
576 1007 134 43 erit
643 1007 84 43 to-

222 1046 98 53 to,
278 1046 70 53 &
306 1046 140 53 rursus
404 1046 168 53 secundum
529 1046 154 53 dimidum
627 1046 98 53 dimi-

217 1086 166 52 dium,
327 1086 110 52 T4
382 1086 92 52 &
419 1086 129 52 sic
493 1086 202 52 semper.
622 1086 110 52 TEst

219 1125 158 46 autem
325 1125 105 46 &,
378 1125 123 46 cum
448 1125 141 46 quis
518 1125 211 46 designaue-

222 1178 103 35 rit
281 1178 132 35 ipsum
369 1178 176 35 secundum
502 1178 176 35 vtrunque
619 1178 118 35 motuum

214 1213 158 45 moueri,
328 1213 86 45 vt
371 1213 172 45 secundum
501 1213 100 45 pc,
558 1213 72 45 &
587 1213 100 45 Ce,
630 1213 100 45 dice

742 172 97 46 re
790 172 129 46 quod
871 172 145 46 totum
968 172 129 46 erit
1048 172 194 46 secundum
1177 172 97 46 to

753 228 117 36 tum.
827 228 88 36 si
871 228 117 36 enim
944 228 147 36 aliud,
1047 228 132 36 plura
1135 228 132 36 erunt
1208 228 59 36 mo

746 264 144 36 ueri
836 264 216 36 secundum
998 264 180 36 eundem
1105 264 144 36 motum.

747 301 158 43 sicut
852 301 315 43 determinauimus
1114 301 88 43 &
1132 301 123 43 motum

743 344 270 51 diuisibilem
959 344 108 51 in
1013 344 198 51 partium
1139 344 126 51 motus

749 388 117 38 esse.
827 388 142 38 accepto
930 388 104 38 enim
995 388 104 38 ipso
1060 388 129 38 moueri
1138 388 129 38 secundum

742 421 211 41 vtrunque,
904 421 211 41 continuum
1067 421 130 41 erit
1132 421 130 41 totum.

787 459 100 46 Et
837 459 199 46 secundum
987 459 133 46 hunc
1070 459 149 46 modum
1153 459 116 46 estam

745 501 210 65 diuiditur
906 501 161 65 motum.
1019 501 113 65 Sit
1084 501 161 65 igitur
1180 501 81 65 mo-

749 547 105 66 tum
809 547 90 66 &:
854 547 90 66 in
900 547 196 66 medietate
1050 547 151 66 igitur
1141 547 120 66 istius

743 612 159 47 motus
850 612 142 47 erit
938 612 159 47 motum
1044 612 177 47 minus,
1151 612 106 47 quam

745 644 141 63 totum
839 644 156 63 motum,
949 644 203 63 similiter
1105 644 94 63 in
1136 644 125 63 medie-

743 692 132 56 tate
825 692 247 56 medietatis,
1022 692 82 56 &
1055 692 115 56 sic
1105 692 148 56 semper.

744 732 103 63 Et
795 732 188 63 debemus
932 732 154 63 etiam
1035 732 188 63 ponere,
1171 732 86 63 &
1189 732 86 63 di-

742 781 128 65 cere
822 781 128 65 quod
902 781 144 65 motum
998 781 176 65 vtroque
1109 781 144 65 motuum,

745 833 167 57 verbi
857 833 186 57 gratia
987 833 130 57 CD,
1061 833 93 57 &
1098 833 167 57 motum
1191 833 74 57 D.

748 877 155 62 Htotum
856 877 140 62 etiam
949 877 109 62 est
1011 877 155 62 illud,
1120 877 124 62 quod
1182 877 78 62 est

752 924 125 64 totius
840 924 138 64 illius,
940 924 138 64 quonia,
1040 924 75 64 si
1078 924 125 64 fuerit
1153 924 100 64 aliud,

748 967 142 61 tunc
837 967 213 61 plusquam
997 967 142 61 vnum
1068 967 195 61 mouebitur

753 1016 114 50 vno
818 1016 147 50 motu,
916 1016 98 50 vt
965 1016 278 50 declarauimus,
1177 1016 82 50 cum

744 1061 149 49 motus
843 1061 149 49 etiam
942 1061 215 49 diuidatur
1107 1061 99 49 in
1140 1061 116 49 motus

748 1109 208 59 partium.
903 1109 208 59 quoniam,
1059 1109 104 59 si
1094 1109 173 59 partitio

751 1164 225 46 accipiatur
928 1164 177 46 vtroque
1056 1164 161 46 eorum,
1153 1164 112 46 totum

751 1213 124 37 erit
814 1213 186 37 continuum.
