1416 2066
130 170 92 33 nisi
188 170 69 33 in
223 170 185 33 Metaphysica:
373 170 92 33 ergo
431 170 104 33 prior
500 170 115 33 opinio
569 170 81 33 vera,

136 204 76 30 Et
174 204 76 30 ad
212 204 88 30 hoc
263 204 139 30 dicimus
364 204 88 30 cum
414 204 114 30 Aris.
490 204 126 30 nostro
578 204 63 30 &
591 204 63 30 The

136 232 114 36 mistio,
219 232 52 36 &
239 232 93 36 Auer.
302 232 62 36 2.
333 232 104 36 poste.
405 232 83 36 tex.
457 232 83 36 com.
509 232 62 36 9.
540 232 83 36 quod
581 232 73 36 talia

131 266 151 33 subiecta
244 266 188 33 scientiarum
395 266 188 33 demonstrari
546 266 88 33 non
584 266 75 33 pos-

129 300 103 30 sunt:
197 300 91 30 sed,
254 300 69 30 si
288 300 148 30 indigeant
403 300 114 30 aliqua
471 300 183 30 notificatione,

136 328 96 34 illa
196 328 84 34 non
244 328 96 34 erit
304 328 204 34 demonsttatio,
471 328 84 34 sed
519 328 144 34 inferior
615 328 48 34 ad

135 362 127 32 illam,
224 362 63 32 &
249 362 76 32 ad
287 362 190 32 syllogismum
439 362 202 32 categoricum.
591 362 63 32 vnu

138 396 166 37 Themis.ibi
268 396 107 37 habet
339 396 95 37 ista
399 396 107 37 aurea
470 396 118 37 verba,
552 396 95 37 quae
600 396 59 37 vo-

128 423 91 35 lui
180 423 156 35 adducere
297 423 143 35 propter
401 423 143 35 quosdam
492 423 169 35 peruersores

141 457 99 33 Arist.
211 457 50 33 &
231 457 109 33 bonarum
310 457 139 33 literarum.
419 457 99 33 inquit
489 457 80 33 enim
539 457 60 33 in
568 457 70 33 ri.
598 457 50 33 ca.

137 487 87 36 haec
191 487 109 36 verba.
267 487 65 36 At
300 487 87 36 quae
354 487 76 36 per
398 487 65 36 se
430 487 98 36 sunt,
495 487 76 36 nec
539 487 65 36 in
571 487 87 36 alio
615 487 43 36 in

136 517 99 38 sunt,
202 517 66 38 in
235 517 77 38 his
280 517 99 38 eadem
346 517 99 38 ratio
412 517 144 38 obseruari
522 517 77 38 non
556 517 99 38 potesti

143 557 84 36 quod
195 557 136 36 videlicet
300 557 157 36 demonstrari
425 557 115 36 possint
509 557 84 36 quod
562 557 84 36 sint
604 557 52 36 res

135 588 111 31 alteri
213 588 177 31 inhaerentes,
357 588 67 31 de
390 588 111 31 quibus
468 588 100 31 supra
534 588 111 31 locuts
601 588 55 31 fue

136 615 96 35 rat:
196 615 72 35 in
232 615 120 35 verbis
315 615 155 35 immediate
435 615 227 35 praecedentibus.
614 615 48 35 Et

133 652 139 32 reddens
235 652 127 32 causam
323 652 139 32 subdit,
425 652 101 32 quia
488 652 127 32 causam
564 652 89 32 supe-

140 677 108 39 riorem
216 677 76 39 non
259 677 119 39 habent,
346 677 76 39 per
389 677 86 39 quam
443 677 173 39 monstrentur,
573 677 86 39 cuius-

135 709 86 32 modi
189 709 86 32 sunt
243 709 76 32 sua
287 709 141 32 scientijs
395 709 130 32 singulis
492 709 141 32 subiecta,
589 709 65 32 quae

140 741 74 30 tum
182 741 63 30 vt
213 741 95 30 fint,
276 741 74 30 tum
318 741 84 30 quid
371 741 84 30 sint
423 741 116 30 certum,
507 741 53 30 &
518 741 137 30 constitutum

134 772 94 41 esse
193 772 129 41 necesse
286 772 94 41 est:
345 772 82 41 nec
392 772 94 41 alio
450 772 94 41 modo
497 772 152 41 cognoscibi-

136 802 96 33 liora
200 802 118 33 euadunt
286 802 86 33 quae
339 802 75 33 aut
382 802 160 33 inductione,
510 802 75 33 aut
553 802 86 33 fide
596 802 64 33 ali-

134 834 98 33 qua,
195 834 85 33 aut
244 834 158 33 pericuio,
365 834 134 33 demrone
463 834 85 33 non
512 834 146 33 euadunt.
621 834 61 33 &

136 864 72 34 hoc
177 864 82 34 est,
228 864 82 34 quod
279 864 92 34 dicit
340 864 82 34 Com.
391 864 102 34 etiam.
463 864 61 34 4.
493 864 102 34 coeli.
565 864 82 34 com.
606 864 51 34 12.

135 895 89 35 Alia
191 895 78 35 est
235 895 145 35 latentia,
347 895 89 35 quae
403 895 123 35 indiget
492 895 168 35 syllogismo,
626 895 56 35 &

138 926 91 37 alia
195 926 80 37 est
240 926 137 37 latentia
343 926 91 37 quae
401 926 126 37 indiget
492 926 171 37 inductione.
618 926 34 37 &

135 959 124 34 secundo
225 959 90 34 phy.
281 959 124 34 commen.
371 959 68 34 3.
405 959 101 34 dixit
473 959 90 34 quod
518 959 135 34 syllogismi

136 988 171 38 hypporetici
273 988 80 38 per
318 988 126 38 naturam
409 988 137 38 sumuntur
512 988 68 38 in
535 988 114 38 declara-

136 1028 104 31 tione
206 1028 138 31 illorum,
309 1028 92 31 quae
367 1028 138 31 indigent
471 1028 138 31 modicula
563 1028 92 31 innui-

145 1053 102 34 tione:
216 1053 92 34 sicut
277 1053 122 34 vlitatur
369 1053 112 34 diuisio
451 1053 51 34 &
471 1053 133 34 inductio.
573 1053 71 34 per
604 1053 51 34 ta-

139 1084 69 38 lia
178 1084 79 38 enim
228 1084 98 38 nullum
296 1084 98 38 omnino
365 1084 108 38 ignotum
444 1084 147 38 naturaliter
562 1084 79 38 ondi
601 1084 49 38 pot

138 1117 93 34 quia
197 1117 105 34 autem
267 1117 140 34 implicat
371 1117 221 34 contradictionem
546 1117 105 34 aliquod

137 1147 134 39 subiectum
240 1147 62 39 in
271 1147 134 39 scientia,
374 1147 62 39 in
405 1147 72 39 qua
446 1147 72 39 est
488 1147 145 39 subiectum,
591 1147 62 39 esse

143 1179 103 39 omnino
215 1179 114 39 ignotum
298 1179 186 39 naturalilitur,
452 1179 83 39 quia
504 1179 83 39 tunc
556 1179 72 39 non
587 1179 72 39 esset

134 1210 169 32 subiectum,
267 1210 85 32 cum
315 1210 72 32 de
351 1210 145 32 subiecto
460 1210 133 32 oportet
544 1210 109 32 praeco-

134 1245 130 37 gnoscere
232 1245 97 37 quid,
297 1245 54 37 &
318 1245 97 37 quia:
383 1245 65 37 si
416 1245 97 37 tamen
481 1245 141 37 contingat
578 1245 76 37 subie

139 1277 85 33 ctum
192 1277 95 33 illud
256 1277 159 33 aliqualitur
383 1277 127 33 indigere
478 1277 106 33 aliqua
541 1277 106 33 declara-

143 1301 102 46 tione,
214 1301 92 46 illud
276 1301 82 46 fiet
327 1301 72 46 per
368 1301 154 46 disciplinae
491 1301 133 46 maneriem,
594 1301 51 46 &
604 1301 51 46 non

143 1340 81 30 per
190 1340 93 30 viam
248 1340 162 30 doctrinae,
375 1340 104 30 sicut
445 1340 81 30 est
491 1340 127 30 triplex
572 1340 81 30 genus

136 1366 162 38 demronis.
260 1366 75 38 Et
297 1366 87 38 hoc
347 1366 112 38 etiam
422 1366 87 38 est
472 1366 75 38 de
497 1366 149 38 intentione

140 1399 110 35 Auerr.
217 1399 143 35 manifeste
327 1399 77 35 in.
371 1399 66 35 i.
405 1399 121 35 priorum
493 1399 66 35 in
515 1399 132 35 digressio-

137 1436 72 30 ne
173 1436 72 30 de
209 1436 179 30 syllogismis
352 1436 203 30 hypotheticis.
520 1436 131 30 Dicamus
603 1436 48 30 er

142 1468 71 31 go
178 1468 131 31 Diuinum
273 1468 154 31 subiectum
392 1468 95 31 suum
451 1468 143 31 formale:
546 1468 107 31 habito,

138 1495 58 36 &
162 1495 128 36 recepto
255 1495 82 36 pro
301 1495 151 36 constanti
418 1495 58 36 a
441 1495 140 36 Naturali
534 1495 117 36 subiecto

136 1526 82 36 suo
183 1526 163 36 materiali,
311 1526 151 36 declarare
428 1526 105 36 illud
498 1526 105 36 posse
556 1526 93 36 aliqua

146 1556 102 43 fide,
214 1556 114 43 aliquo
293 1556 148 43 periculo,
407 1556 114 43 aliqua
487 1556 170 43 inductione,
612 1556 45 43 vt

138 1588 95 37 dicit
202 1588 106 37 Arist.
276 1588 53 37 &
297 1588 95 37 Them.
361 1588 95 37 locis
424 1588 148 37 allegatis:
541 1588 74 37 sed
573 1588 74 37 dici-

140 1618 87 39 mus
189 1618 112 39 ipsum
264 1618 100 39 tale
326 1618 187 39 demonstrare
476 1618 87 39 non
526 1618 125 39 posse.
600 1618 50 39 Vn

144 1654 62 38 de
175 1654 82 38 Com.
226 1654 82 38 com.
277 1654 62 38 3.
308 1654 72 38 12.
349 1654 92 38 mera.
411 1654 92 38 dicit
472 1654 82 38 quod
524 1654 103 38 primus
585 1654 62 38 Phi-

146 1684 125 30 losophus
239 1684 125 30 declarat
333 1684 146 30 abstractum
447 1684 83 30 esse
499 1684 83 30 quod
551 1684 73 30 est
582 1684 73 30 prin-

145 1717 108 30 cipium
221 1717 162 30 substantiae
350 1717 162 30 sensibilis,
480 1717 76 30 sed
523 1717 130 30 postquam
610 1717 43 30 ac

142 1747 105 43 cepit
212 1747 82 43 pro
259 1747 140 43 concesso
364 1747 152 43 huiusmodi
481 1747 94 43 esse
528 1747 117 43 substant

146 1776 95 33 tiam
205 1776 59 33 a
229 1776 154 33 Naturali.
347 1776 95 33 ecce
406 1776 95 33 quod
466 1776 106 33 dicit
525 1776 118 33 declarat

140 1807 53 37 &
161 1807 74 37 non
203 1807 158 37 demonstrat.
329 1807 84 37 quia
381 1807 126 37 secundum
476 1807 105 37 Arist.
539 1807 116 37 expresse.

140 1844 61 30 a.
170 1844 101 30 poste.
241 1844 81 30 tex.
292 1844 81 30 com.
342 1844 61 30 9.
373 1844 91 30 talia
433 1844 111 30 oportet
514 1844 142 30 supponere,
616 1844 40 30 vt

144 1870 102 34 sint,
212 1870 57 34 &
234 1870 91 34 quid
291 1870 102 34 sint.
359 1870 57 34 &
381 1870 68 34 si
415 1870 147 34 indigeant
529 1870 113 34 aliqua
596 1870 57 34 de-

139 1899 165 47 claratione,
271 1899 121 47 oportet
359 1899 66 47 ea
392 1899 88 47 alio
448 1899 99 47 modo,
514 1899 121 47 supple,
591 1899 66 47 quae

673 165 225 45 demonstratiuo,
860 165 75 45 ea
897 165 100 45 nota
960 165 137 45 facere,
1060 165 112 45 sicut
1122 165 75 45 bene

673 201 150 33 exposuit
785 201 87 33 ibi
835 201 112 33 Them.
910 201 62 33 &
935 201 100 33 Com.
997 201 100 33 vnde
1060 201 75 33 si
1085 201 112 33 quaeras

674 237 175 30 exemiplum
808 237 94 30 quo
862 237 108 30 modo
930 237 94 30 pot
983 237 175 30 declarare
1105 237 94 30 Diui-

676 268 79 39 nus
721 268 68 39 ex
755 268 204 39 consyderatione
925 268 170 39 substantiae
1060 268 68 39 vt
1094 268 90 39 ens,
1139 268 57 39 pri

672 296 97 34 mam
727 296 138 34 formam
824 296 124 34 esse,
907 296 110 34 dico
976 296 97 34 per
1017 296 180 34 syllogismum

674 328 190 34 hypotheticum
828 328 83 34 per
876 328 142 34 naturam,
983 328 83 34 sic
1030 328 154 34 arguendo.
1137 328 59 34 si-

677 359 177 42 substantiae,
821 359 89 42 quae
876 359 89 42 sunt
931 359 100 42 entia
998 359 77 42 per
1031 359 166 42 participatio-

671 392 103 34 nem,
735 392 115 34 sunt,
812 392 128 34 primum
902 392 90 34 ens
953 392 103 34 est,
1017 392 64 34 &
1043 392 115 34 prima
1107 392 90 34 forma

677 429 92 29 est:
735 429 81 29 sed
781 429 173 29 substantiae
919 429 81 29 per
966 429 219 29 participationem
1138 429 58 29 en-

675 452 82 38 tes
722 452 106 38 sunt:
793 452 94 38 ergo
852 452 118 38 primum
934 452 82 38 ens
981 452 94 38 est,
1040 452 59 38 &
1064 452 106 38 prima
1122 452 71 38 for-

673 487 71 35 ma
709 487 94 35 est.
767 487 94 35 ista
826 487 82 35 est
873 487 177 35 declaratio,
1014 487 82 35 non
1050 487 141 35 demonstra-

681 517 82 45 tio,
732 517 71 45 est
773 517 133 45 intuitio,
875 517 71 45 est
915 517 92 45 fides
977 517 112 45 aliqua,
1058 517 71 45 non
1099 517 82 45 vera
1140 517 51 45 pro

674 548 117 38 batio.
756 548 93 38 quia
814 548 175 38 syllogismus
954 548 93 38 iste
1012 548 105 38 habet
1082 548 117 38 adduci
1152 548 47 38 ad

675 583 195 39 confirmandum
833 583 85 39 ea,
882 583 98 39 quae
943 583 146 39 indigent
1053 583 122 39 aliqua
1126 583 73 39 sua-

675 613 111 37 sione,
753 613 78 37 non
797 613 67 37 ad
830 613 144 37 probandum
941 613 166 37 naturalitur
1063 613 100 37 ignota.

707 646 212 30 Trigesimatertia
885 646 167 30 contradict.
1019 646 78 30 est
1063 646 67 30 in
1097 646 89 30 com.
1141 646 56 30 7O.

680 677 75 32 vbi
723 677 97 32 dicit
788 677 86 32 quod
841 677 129 32 potentia
938 677 129 32 materiae
1034 677 75 32 non
1077 677 75 32 est
1120 677 64 32 de
1141 677 54 32 es-

681 707 103 31 sentia
753 707 134 31 materiae.
856 707 72 31 Et.
898 707 62 31 I.
929 707 72 31 ca.
970 707 62 31 de
1001 707 124 31 substan.
1094 707 93 31 orhis
1145 707 52 31 di-

681 736 72 34 cit
722 736 145 34 oppositum:
836 736 103 34 inquit
908 736 83 34 enim
959 736 83 34 quod
1011 736 124 34 potentia
1104 736 72 34 est
1135 736 62 34 dif-

670 769 146 34 ferentia
779 769 206 34 substantialis
949 769 158 34 materiae.
1071 769 73 34 Et
1107 769 73 34 ad
1131 769 61 34 hoc

675 802 131 32 quidam
766 802 196 32 Auerroistae
923 802 157 32 dixerunt
1041 802 78 32 in
1067 802 118 32 materia

674 834 143 33 duplicem
781 834 95 33 esse
841 834 167 33 potentiam,
972 834 107 33 vnam,
1043 834 95 33 quae
1103 834 83 33 est
1138 834 48 33 po

676 865 110 40 tentia
753 865 143 40 receptiua
863 865 121 40 formae,
951 865 55 40 &
973 865 77 40 est
1017 865 110 40 altera
1094 865 88 40 pars
1138 865 55 40 com

675 897 118 37 positi:
761 897 54 37 &
783 897 86 37 illa
836 897 129 37 potentia
933 897 75 37 est
976 897 150 37 substantia
1083 897 107 37 materiae

673 926 57 36 &
695 926 137 36 essentia
799 926 103 36 eius.
867 926 57 36 &
890 926 69 36 de
925 926 80 36 hac
970 926 126 36 locutus
1062 926 92 36 fuit
1108 926 80 36 Philo

674 958 119 34 sophus.
761 958 65 34 S.
794 958 98 34 meta.
859 958 87 34 tex.
913 958 87 34 com.
967 958 76 34 13.
1011 958 76 34 vbi
1054 958 119 34 reddens
1130 958 65 34 cau-

671 988 89 38 sam,
727 988 122 38 quomodo
816 988 67 38 ex
849 988 122 38 materia
938 988 56 38 &
960 988 100 38 forma
1027 988 89 38 fiat
1083 988 100 38 vnum,
1138 988 56 38 di-

676 1022 72 37 cit
717 1022 82 37 quod
768 1022 92 37 nulla
830 1022 82 37 alia
881 1022 82 37 est,
932 1022 82 37 nisi
984 1022 82 37 quia
1035 1022 113 37 materia
1117 1022 72 37 est
1148 1022 41 37 po

674 1060 120 36 tentia,
761 1060 55 36 &
783 1060 98 36 forma
849 1060 76 36 est
892 1060 109 36 actus.
969 1060 65 36 ex
1001 1060 87 36 actu
1056 1060 98 36 autem
1122 1060 55 36 &
1132 1060 55 36 po-

673 1086 116 37 tentia
755 1086 81 37 fit
801 1086 81 37 per
848 1086 70 37 se
882 1086 105 37 vnum,
952 1086 58 37 &
975 1086 70 37 de
1010 1086 81 37 hac
1057 1086 128 37 locutus
1138 1086 58 37 est

674 1117 83 32 Com.
726 1117 63 32 I.
757 1117 83 32 cap.
809 1117 63 32 de
840 1117 146 32 substantia
955 1117 104 32 orbis,
1028 1117 104 32 quando
1101 1117 94 32 dixit
1153 1117 42 32 po

676 1149 114 32 tentiam
758 1149 83 32 esse
810 1149 103 32 diriam
883 1149 176 32 substantialem
1027 1149 135 32 materiae.
1121 1149 72 32 Aliam

679 1180 138 31 lixerunt
783 1180 150 31 potentiam
899 1180 92 31 esse
956 1180 69 31 in
991 1180 138 31 materia,
1095 1180 81 31 qua
1129 1180 58 31 re-

671 1211 119 39 spicit
754 1211 131 39 potenti
850 1211 71 39 am
885 1211 131 39 actiuam
981 1211 143 39 agentis,
1088 1211 83 39 per
1124 1211 71 39 quam

679 1241 150 36 potentia
791 1241 163 36 deducitur
916 1241 75 36 de
954 1241 150 36 potentia
1066 1241 75 36 in
1091 1241 100 36 actum,

678 1276 68 40 vt
712 1276 91 40 actu
768 1276 158 40 imprimatur
893 1276 91 40 sibi
949 1276 113 40 forma.
1029 1276 57 40 &
1051 1276 91 40 illa
1096 1276 91 40 poten-

675 1304 84 45 tia,
727 1304 73 45 qua
769 1304 73 45 sic
811 1304 126 45 respicit
905 1304 105 45 agens,
978 1304 73 45 est
1020 1304 63 45 de
1051 1304 105 45 genere
1114 1304 73 45 rela-

667 1337 131 33 tionis:
762 1337 60 33 &
786 1337 83 33 est
834 1337 131 33 quaedam
929 1337 167 33 proprietas
1048 1337 143 33 consequens

671 1369 150 32 essentiam
787 1369 150 32 materiae.
903 1369 58 32 &
926 1369 69 32 de
961 1369 81 32 hac
1007 1369 139 32 potentia
1099 1369 93 32 dicunt

673 1398 129 35 locutum
767 1398 118 35 fuisse
850 1398 129 35 Auerro.
944 1398 71 35 in
979 1398 82 35 hoc
1026 1398 94 35 com.
1085 1398 82 35 79.
1120 1398 71 35 duni

670 1429 101 37 dixit
737 1429 90 37 quod
793 1429 135 37 potentia
895 1429 79 37 non
940 1429 79 37 est
985 1429 67 37 in
1018 1429 135 37 essentia
1108 1429 79 37 mate-

673 1463 104 44 riae:
742 1463 92 44 quia
799 1463 92 44 tunc
857 1463 127 44 materia
949 1463 104 44 esset
1018 1463 69 44 de
1041 1463 150 44 praedicamen

668 1494 69 36 to
703 1494 69 36 ad
738 1494 139 36 aliquid.
842 1494 92 36 Alii
899 1494 139 36 dixerunt
1003 1494 69 36 in
1038 1494 127 36 materia
1119 1494 69 36 du

674 1524 124 39 plicem
760 1524 99 39 esse
822 1524 173 39 potentiam,
958 1524 136 39 remotam
1057 1524 62 39 &
1069 1524 111 39 propin-

682 1555 98 42 quam:
748 1555 98 42 sicut
813 1555 77 42 est
857 1555 142 42 sententia
966 1555 87 42 Com.
1021 1555 66 42 I.
1054 1555 109 42 coeli.
1119 1555 66 42 com.

670 1596 93 30 120.
729 1596 70 30 &.
764 1596 70 30 4.
799 1596 117 30 physi.
880 1596 93 30 com.
938 1596 93 30 120.
997 1596 58 30 &
1020 1596 93 30 tunc
1066 1596 117 30 dixerunt

667 1617 163 42 potentiam
793 1617 138 42 remotam
893 1617 100 42 esse
956 1617 75 42 de
993 1617 150 42 essentia
1093 1617 88 42 mate-

671 1655 98 27 riae.
737 1655 131 27 secundam
835 1655 87 27 vero
890 1655 131 27 dixerunt
988 1655 87 27 esse
1043 1655 164 27 relationem:

670 1684 62 32 &
694 1684 86 32 sic
744 1684 172 32 concordant
879 1684 111 32 dicta
953 1684 99 32 Com.
1015 1684 99 32 Alii
1064 1684 123 32 dixerunt

672 1715 201 31 distinguentes
838 1715 71 31 de
873 1715 130 31 duplici
968 1715 154 31 potentia.
1086 1715 83 31 vna
1122 1715 59 31 est

667 1751 157 35 absoluta:
788 1751 60 35 &
812 1751 97 35 hanc
873 1751 121 35 dicunt
957 1751 97 35 esse
1018 1751 145 35 propriam
1115 1751 60 35 ma-

669 1776 114 34 teriae
748 1776 171 34 passionenm.
885 1776 57 34 &
908 1776 114 34 dicunt
988 1776 80 34 eam
1034 1776 91 34 esse
1079 1776 103 34 absolu-

671 1809 97 43 tam,
732 1809 85 43 non
780 1809 97 43 quia
841 1809 85 43 per
889 1809 109 43 talem
962 1809 134 43 materia
1060 1809 109 43 nulla
1120 1809 61 43 ra-

671 1840 95 40 tione
735 1840 127 40 relatiua
830 1840 74 40 sit
873 1840 64 40 ad
905 1840 170 40 operationem,
1042 1840 74 40 sed
1085 1840 64 40 eo
1116 1840 85 40 quod

672 1876 149 30 respicit
783 1876 173 30 generatim,
919 1876 62 30 &
944 1876 210 30 indifferenter
1105 1876 74 30 omne

663 1906 118 40 genus,
746 1906 142 40 omnemque
852 1906 142 40 speciem,
959 1906 71 40 ac
994 1906 95 40 omne
1041 1906 142 40 indiuiduum
