1416 2066
187 181 116 37 tio,
260 181 73 37 &
289 181 189 37 respectus
434 181 174 37 causarum
565 181 87 37 ad
594 181 116 37 causa-

199 221 81 39 ta
240 221 95 39 non
294 221 135 39 esset,
389 221 68 39 &
416 221 95 39 sic
470 221 190 39 auferretur
606 221 108 39 natura

203 256 160 49 necessaril.
331 256 64 49 Et
363 256 96 49 etiam
427 256 149 49 declaratum
544 256 75 49 est
587 256 85 49 quod
630 256 85 49 illdm,

206 292 92 53 quod
264 292 81 53 fit
310 292 104 53 casu,
379 292 81 53 sit
426 292 58 53 a
449 292 115 53 causis
529 292 138 53 inuentis
622 292 92 53 perper

199 340 151 42 aliquam
309 340 137 42 causam
405 340 192 42 naturalem,
556 340 69 42 &
584 340 82 42 in
611 340 96 42 maio-

199 373 73 48 ri
235 373 121 48 parte,
320 373 121 48 quando
405 373 182 48 impediuntur
551 373 73 48 ab
575 373 134 48 inuenien-

206 407 79 43 do
245 407 158 43 causatum
363 407 79 43 ab
403 407 105 43 eis,
469 407 105 43 quod
534 407 92 43 non
587 407 92 43 est
639 407 92 43 in¬

202 452 115 39 natum
279 452 115 39 fieri
355 452 76 39 ab
393 452 102 39 eis.
457 452 89 39 Et,
508 452 89 39 cum
559 452 89 39 ita
610 452 102 39 sit,
661 452 51 39 ne

203 492 122 38 cesse
285 492 108 38 est,
352 492 81 38 si
393 492 108 38 homo
460 492 176 38 generatur
595 492 122 38 casu,
663 492 54 38 vt

204 521 166 49 generetur
332 521 64 49 a
357 521 140 49 causis,
460 521 102 49 quae
523 521 140 49 fuerunt
613 521 102 49 perper

194 559 172 51 aliquam
319 559 187 51 speciem,
460 559 78 51 &
475 559 234 51 impediebantur

202 596 68 51 a
230 596 205 51 generatione
394 596 137 51 illius
490 596 164 51 speciei.
613 596 68 51 &
627 596 82 51 ideo

203 643 122 32 causae
288 643 110 32 eius,
362 643 98 32 quid
423 643 86 32 est
472 643 110 32 casu,
546 643 86 32 non
595 643 98 32 sunt
644 643 73 32 ter-

197 670 150 54 minatae.
310 670 88 54 Et,
360 670 88 54 cum
410 670 88 54 ita
461 670 100 54 sit,
523 670 113 54 esset
586 670 125 54 possibi-

202 710 82 50 le
243 710 82 50 vt
284 710 109 50 homo
353 710 205 50 generaretur
517 710 82 50 ex
558 710 137 50 semine
640 710 68 50 ast

207 741 74 45 ni,
250 741 74 45 aut
292 741 63 45 ex
323 741 105 45 semine
397 741 95 45 equi,
460 741 53 45 &
481 741 179 45 vniversaliter
629 741 63 45 ex
650 741 63 45 infi

206 789 124 36 nitis
289 789 178 36 materijs.
426 789 69 36 &
453 789 110 36 ideo
522 789 124 36 nulla
591 789 124 36 species

198 820 168 51 inuenitur
327 820 116 51 casu:
404 820 90 51 sed
456 820 116 51 illa,
533 820 103 51 quae
585 820 129 51 inueniun

202 861 105 37 tur
262 861 135 37 casu,
352 861 120 37 sunt
427 861 210 37 monstruosa
591 861 105 37 non
636 861 75 37 na-

201 892 170 53 turalia.
329 892 71 53 &
357 892 128 53 totum
442 892 99 53 hoc
499 892 199 53 manifestum
641 892 71 53 est

208 932 98 51 per
264 932 98 51 se.
320 932 98 51 Sed
377 932 155 51 diximus
489 932 112 51 ista
559 932 141 51 contra
644 932 56 51 ne

204 973 129 50 gantes
295 973 90 50 hoc
346 973 103 50 esse
411 973 181 50 manifestum
553 973 90 50 per
605 973 90 50 se:
643 973 65 50 si-

210 1012 81 38 cut
257 1012 104 38 Auic.
326 1012 81 38 qui
372 1012 104 38 dicit
441 1012 150 38 possibile
557 1012 92 38 esse
603 1012 104 38 hominem

213 1046 153 50 generari
328 1046 64 50 a
354 1046 128 50 terra,
443 1046 90 50 sed
495 1046 217 50 conuenientius
661 1046 51 50 in

213 1084 143 47 matrice.
320 1084 59 47 &
344 1084 95 47 iste
403 1084 119 47 serimo
486 1084 71 47 ab
522 1084 131 47 homine,
617 1084 83 47 qui
653 1084 59 47 dat

212 1123 66 50 se
245 1123 132 50 sceniae,
344 1123 77 50 est
388 1123 99 50 valde
454 1123 121 50 fatuus.
542 1123 66 50 Si
575 1123 110 50 igitur
641 1123 66 50 dica

206 1165 91 47 tur
258 1165 104 47 quod
323 1165 91 47 non
375 1165 143 47 apparet
479 1165 78 47 ex
518 1165 117 47 istis
583 1165 130 47 generabi

208 1196 92 49 libus
269 1196 82 49 quod
320 1196 82 49 sunt
371 1196 122 49 aeterna,
463 1196 82 49 nisi
513 1196 122 49 secundum
595 1196 112 49 praeteri-

211 1238 112 44 tum:
281 1238 70 44 &
309 1238 127 44 demro
394 1238 98 44 non
450 1238 225 44 complebitur,
619 1238 84 44 nisi

210 1282 143 38 ponantur
317 1282 131 38 aeterna
412 1282 71 38 in
448 1282 178 38 praeterito,
590 1282 59 38 &
614 1282 71 38 in
638 1282 59 38 fu-

206 1309 111 38 turo:
280 1309 136 38 dicemus
379 1309 74 38 ad
416 1309 99 38 hoc,
477 1309 148 38 quoniam,
589 1309 86 38 cum
626 1309 86 38 decla

201 1340 105 46 ratum
271 1340 82 46 sit
318 1340 93 46 quod
376 1340 175 46 impossibile
517 1340 82 46 est
563 1340 70 46 vt
587 1340 128 46 deficiant

208 1388 69 47 in
243 1388 127 47 pterito
335 1388 150 47 infinito,
450 1388 184 47 declarabitur
600 1388 92 47 quod
646 1388 58 47 est

202 1421 199 46 impossibile
361 1421 80 46 in
401 1421 93 46 eis
454 1421 80 46 vt
494 1421 173 46 deficiant
626 1421 80 46 in
653 1421 53 46 fu

209 1462 102 37 turo.
277 1462 137 37 quoniam,
379 1462 68 37 si
413 1462 159 37 deficerent
539 1462 68 37 in
573 1462 125 37 futuro,
652 1462 46 37 de

211 1497 132 42 ficerent
310 1497 66 42 in
343 1497 121 42 pterito
431 1497 143 42 infinito,
541 1497 121 42 quoniam
618 1497 88 42 illud,

211 1533 79 51 in
250 1533 93 51 quo
303 1533 93 51 est
356 1533 159 51 potentia
475 1533 172 51 infinita,
607 1533 93 51 non
647 1533 66 51 est

210 1573 203 53 determinatum
376 1573 114 53 magis
452 1573 76 53 ad
490 1573 102 53 vnu:
553 1573 140 53 estpus,
642 1573 64 53 qui

207 1608 76 51 ad
245 1608 127 51 aliud.
334 1608 76 51 &,
373 1608 76 51 si
411 1608 178 51 deficerent
550 1608 76 51 in
576 1608 127 51 pterito,

215 1648 84 49 non
263 1648 121 49 essent
348 1648 108 49 nunc:
420 1648 96 49 eroo
480 1648 181 49 impossibile
625 1648 84 49 est
661 1648 48 49 vt

215 1685 170 49 leficiant
346 1685 144 49 omnino.
450 1685 65 49 a
477 1685 78 49 Si
516 1685 131 49 igitur
594 1685 118 49 aliquis

216 1724 124 46 dixerit
306 1724 101 46 quod,
373 1724 79 46 cum
418 1724 157 46 declaratum
542 1724 79 46 sit
587 1724 67 46 de
609 1724 90 46 natura

202 1764 139 47 istorum,
306 1764 92 47 quod
364 1764 116 47 nunque
445 1764 150 47 deficiunt
561 1764 127 47 genere,
642 1764 69 47 quid

208 1799 173 51 iudigent
337 1799 158 51 motore,
452 1799 72 51 &
481 1799 129 51 moto,
567 1799 115 51 quae
639 1799 101 51 non

732 181 156 38 deficiunt
852 181 144 38 secundum
960 181 192 38 indiuiduum:s
1116 181 72 38 &,
1152 181 72 38 si
1188 181 84 38 in¬

727 220 127 50 digent
816 220 89 50 hoc
867 220 76 50 de
906 220 204 50 necessitate,
1071 220 153 50 quomodo:
1173 220 64 50 Di-

729 261 128 46 camus
814 261 85 46 ad
857 261 100 46 hoc
914 261 114 46 quod
985 261 114 46 ista
1056 261 171 46 indigent
1170 261 71 46 mo-

733 293 101 53 tore
797 293 190 53 extrinseco,
948 293 76 53 vt
986 293 164 53 largiatur
1113 293 88 53 eis
1151 293 88 53 esse,

730 329 105 49 nedum
800 329 82 49 per
847 329 175 49 petuitatem.
987 329 140 49 quoniam,
1092 329 70 49 si
1126 329 93 49 ista
1185 329 82 49 non

734 375 162 35 haberent
856 375 135 35 causam
951 375 135 35 primam
1046 375 81 35 in
1086 375 122 35 motu,
1154 375 81 35 tunc

733 412 75 45 non
776 412 117 45 essent.
861 412 64 45 &,
893 412 64 45 si
925 412 117 45 essent,
1010 412 96 45 esset
1074 412 139 45 possibile
1181 412 64 45 vt
1202 412 43 45 de

731 445 154 51 ficerent,
850 445 130 51 quoniam
944 445 130 51 quaedam
1039 445 118 51 essent
1122 445 95 51 tunc
1169 445 71 51 cau-

725 482 92 49 sae
777 482 170 49 quorundam
908 482 92 49 per
961 482 170 49 accidens:
1092 482 66 49 &
1118 482 105 49 quod
1170 482 66 49 est

732 516 87 48 per
781 516 162 48 accidens,
906 516 87 48 non
955 516 87 48 est
1005 516 137 48 semper,
1104 516 87 48 nec
1142 516 99 48 ieces-

731 556 128 52 sarium.
825 556 128 52 Quomodo
918 556 105 52 autem
988 556 140 52 indigent
1093 556 70 52 de
1116 556 117 52 necessi-

732 597 113 38 tate
803 597 142 38 motore
902 597 113 38 moto
973 597 85 38 ex
1015 597 85 38 se
1044 597 184 38 extrinseco,

730 637 100 41 qui
787 637 142 41 semper
886 637 157 41 moueat,
1000 637 100 41 aut
1057 637 100 41 qui
1100 637 142 41 continet

726 677 153 35 totum?
833 677 168 35 Dicamus
955 677 122 35 quod
1031 677 122 35 mota
1108 677 107 35 non
1154 677 76 35 ge-

731 709 167 50 nerabilia
860 709 180 50 manifestum
1001 709 90 50 est
1053 709 103 50 quod
1104 709 129 50 indigent

728 749 115 47 apud
800 749 230 47 generationem
987 749 115 47 moto
1058 749 86 47 ex
1102 749 101 47 se.
1145 749 86 47 gene

731 781 89 53 ratio
790 781 79 53 enim
840 781 59 53 in
869 781 69 53 eis
909 781 69 53 non
948 781 69 53 est
988 781 59 53 ex
1018 781 109 53 scipsis
1097 781 119 53 scilicet
1176 781 59 53 quod

731 826 109 48 est,
800 826 109 48 quia
868 826 150 48 quaedam
977 826 96 48 non
1032 826 164 48 generant
1141 826 96 48 quae-

736 861 102 47 dam.
800 861 64 47 &
825 861 102 47 ideo
889 861 102 47 esse
953 861 140 47 istorum
1055 861 89 47 non
1106 861 102 47 fuit
1157 861 76 47 per-

734 899 154 47 petuum.
846 899 84 47 In
888 899 238 47 generabilibus
1083 899 126 47 autem
1153 899 84 47 gene

732 932 97 46 rans
792 932 170 46 propinquum
926 932 85 46 est
974 932 73 46 in
1011 932 121 46 ipsis,
1096 932 61 46 &
1120 932 97 46 ideo
1168 932 73 46 fuit

735 972 120 47 aeternum
825 972 120 47 scilicet
915 972 80 47 quod
965 972 120 47 generans
1055 972 60 47 in
1085 972 90 47 istis
1145 972 70 47 non
1175 972 60 47 dat,

729 1009 110 52 nisi
798 1009 193 52 principium
950 1009 234 52 generationis,
1129 1009 110 52 deinde

738 1045 161 54 limittit
858 1045 201 54 generabile,
1019 1045 161 54 quousque
1126 1045 107 54 perfi-

739 1084 119 51 ciatur
822 1084 83 51 sua
870 1084 167 51 generatio,
1001 1084 131 51 necesse
1096 1084 83 51 est
1144 1084 71 51 vt
1168 1084 71 51 sit.

726 1122 102 40 hic
785 1122 175 40 complens
916 1122 131 40 illud
1004 1122 190 40 generatum
1149 1122 88 40 ex
1179 1122 58 40 se

732 1165 86 45 per
781 1165 184 45 principium,
928 1165 98 45 quid
990 1165 86 45 est
1039 1165 74 45 in
1075 1165 86 45 eo,
1125 1165 61 45 &
1137 1165 98 45 conser

728 1204 112 44 uans
798 1204 140 44 ipsum.
896 1204 70 44 &
924 1204 98 44 hoc
980 1204 112 44 erit
1051 1204 182 44 largiendo
1177 1204 56 44 ca

730 1236 112 40 lorem
804 1236 137 40 similem
904 1236 137 40 calori,
1003 1236 99 40 quem
1065 1236 149 40 largitus
1165 1236 62 40 est

734 1273 134 50 primus
828 1273 175 50 generans,
962 1273 94 50 aut
1016 1273 202 50 conseruando
1164 1273 67 50 il-

730 1309 95 53 sum
785 1309 163 53 calorem,
907 1309 95 53 per
962 1309 109 53 quem
1030 1309 177 53 generatum
1153 1309 95 53 fuitl

733 1348 171 49 generatum
864 1348 79 49 ex
904 1348 92 49 se.
957 1348 158 49 quoniam,
1062 1348 171 49 quemadmodum

720 1383 128 53 motum
805 1383 85 53 in
848 1383 128 53 loco,
933 1383 99 53 hoc
990 1383 85 53 ex
1032 1383 85 53 se
1075 1383 156 53 indiget
1174 1383 57 53 mo

728 1420 106 53 tore
794 1420 199 53 extrinseco,
954 1420 93 53 ita
1007 1420 93 53 est
1060 1420 80 53 in
1087 1420 146 53 generabi-

730 1460 100 39 libus
796 1460 67 39 ex
830 1460 78 39 se.
874 1460 78 39 Et,
918 1460 78 39 cum
963 1460 78 39 ita
1007 1460 89 39 sit,
1063 1460 122 39 necesse
1151 1460 78 39 est
1185 1460 44 39 vt

724 1501 104 48 non
784 1501 209 48 compleatur
948 1501 194 48 generatio
1082 1501 149 48 alicuius

733 1533 106 55 eorum,
808 1533 85 55 quae
861 1533 128 55 generant
957 1533 75 55 se,
999 1533 85 55 nisi
1053 1533 75 55 sit
1095 1533 96 55 illic
1148 1533 75 55 gene-

727 1573 89 45 rans
783 1573 157 45 extrisecum
906 1573 123 45 prarter
995 1573 145 45 generans,
1096 1573 134 45 propiquum,

728 1609 97 51 quod
789 1609 85 51 est
837 1609 73 51 in
874 1609 97 51 ipso
934 1609 158 51 generato,
1056 1609 85 51 per
1105 1609 97 51 quod
1153 1609 73 51 gene

730 1646 95 44 ratum
794 1646 84 44 fuit
847 1646 137 44 generatum
952 1646 63 44 ex
984 1646 74 44 se,
1026 1646 127 44 scilicet
1121 1646 84 44 quod
1163 1646 74 44 dedit

729 1685 201 52 principium
887 1685 201 52 generandi.
1044 1685 100 52 Et,
1102 1685 115 52 quia
1159 1685 72 52 ge-

729 1724 138 38 nerans
826 1724 207 38 extrinsecum
991 1724 96 38 est
1046 1724 165 38 alterans
1156 1724 69 38 ne-

732 1759 136 51 cessario,
836 1759 115 51 necesse
920 1759 84 51 est,
972 1759 125 51 secundum
1066 1759 84 51 quod
1108 1759 115 51 sequitur,

730 1805 76 44 vt
768 1805 165 44 alteratio
895 1805 101 44 eius
959 1805 89 44 sit
1009 1805 165 44 alteratio
1124 1805 101 44 tempe
