1416 2066
189 180 139 47 cireulos.
296 180 96 47 omnis
361 180 86 47 enim
414 180 118 47 punctus
500 180 118 47 positus
586 180 64 47 in
607 180 107 47 circulum

205 217 164 41 describit
332 217 152 41 circulum
446 217 114 41 alium
521 217 76 41 ab
559 217 88 41 eo,
610 217 101 41 quem
660 217 51 41 de

203 254 101 56 scribit
276 254 82 56 alius
331 254 101 56 punctus
404 254 110 56 scilicet
486 254 73 56 quod
532 254 101 56 nunerus
596 254 110 56 circulorum

200 294 85 44 erit
254 294 128 44 secundum
349 294 107 44 nuerum
424 294 149 44 punctorum.
541 294 64 44 &,
573 294 75 44 cum
616 294 75 44 ita
648 294 53 44 sit

201 333 94 41 tunc
260 333 153 41 circulus,
378 333 83 41 cum
425 333 177 41 transfertur
567 333 71 41 in
590 333 118 41 comcauo,

199 368 83 42 aut
247 368 107 42 super
318 368 142 42 conuexum
424 368 142 42 circuli,
531 368 178 42 transfertur
662 368 47 42 de

196 407 158 47 circulo
311 407 86 47 in
354 407 187 47 circulum,
497 407 172 47 diuersum
627 407 86 47 ab
656 407 57 47 eo

196 441 152 49 ratione:
310 441 63 49 &
335 441 76 49 si
373 441 101 49 sint
436 441 101 49 idem
499 441 164 49 subiecto.
626 441 76 49 &,
651 441 63 49 cum

201 480 96 42 isti
261 480 144 42 circuli,
369 480 84 42 qui
417 480 96 42 sunt
476 480 72 42 in
512 480 144 42 rotundo,
620 480 72 42 in
644 480 60 42 quo

194 517 84 37 est
242 517 169 37 translatio
375 517 145 37 secundum
483 517 133 37 numerum
567 517 145 37 circulorum

194 565 83 38 qui
242 565 95 38 sunt
301 565 71 38 in
337 565 143 38 rotundo,
444 565 95 38 quid
503 565 190 38 transferter,
646 565 59 38 ne-

201 591 121 43 cesse
281 591 94 43 est
335 591 80 43 vt
375 591 161 43 circulus
496 591 214 43 transferatur
656 591 54 43 de

200 629 133 52 circulo
297 629 73 52 in
333 629 158 52 circulum.
454 629 97 52 ergo
515 629 145 52 circulus
612 629 97 52 trans-

201 668 120 39 fextur
285 668 145 39 secundum
394 668 108 39 totum
466 668 72 39 de
502 668 96 39 loco
562 668 72 39 in
599 668 108 39 locum
659 668 48 39 di

201 706 125 41 uersum
288 706 149 41 secundum
400 706 137 41 formam:
499 706 112 41 licet
574 706 87 41 non
624 706 87 41 sit
661 706 50 41 di

196 740 113 39 uersus
275 740 135 39 secundum
376 740 147 39 materiam.
489 740 68 39 Et
523 740 147 39 similiter
636 740 79 39 est
670 740 45 39 de

201 779 151 46 sphaera.
315 779 138 46 sphaera
415 779 101 46 enim
478 779 163 46 diuiditur
603 779 75 46 in
629 779 75 46 spha

202 817 92 51 ras
255 817 171 51 infinitas
386 817 92 51 per
439 817 145 51 lineas,
545 817 106 51 quae
597 817 106 51 imagi-

197 855 148 44 nantur
301 855 89 44 in
345 855 281 44 circunferentia,
566 855 148 44 exeuntes

201 893 61 37 a
225 893 98 37 polo
286 893 73 37 ad
323 893 110 37 polum
397 893 147 37 scilicet
507 893 171 37 medietates
629 893 86 37 circu

196 929 139 41 lorum.
293 929 97 41 nam
349 929 125 41 istae
432 929 194 41 medietates
570 929 139 41 diuidunt

198 966 167 52 spheram
319 966 91 52 in
365 966 152 52 multas
471 966 197 52 sphaeras,
608 966 106 52 sicut

200 1004 138 51 puncta
297 1004 165 51 diuidunt
421 1004 179 51 circulos.
558 1004 110 51 D.d.
614 1004 96 51 arcus

196 1053 114 29 enim
267 1053 100 29 &c.
324 1053 71 29 &
353 1053 171 29 intendit
481 1053 100 29 per
539 1053 129 29 arcum
610 1053 100 29 arcum

203 1080 157 52 completae
324 1080 218 52 circulationis.
505 1080 73 52 i.
542 1080 133 52 quoniam
626 1080 85 52 circu

198 1118 100 43 lus,
260 1118 112 43 sicut
335 1118 149 43 diximus,
447 1118 162 43 diuiditur
571 1118 87 43 per
608 1118 100 43 puncta

197 1156 89 38 in
242 1156 149 38 multos
346 1156 179 38 circulos
480 1156 179 38 secundum
600 1156 104 38 nume-

202 1196 89 38 rum
253 1196 177 38 punctorum.
392 1196 101 38 D.d.
456 1196 101 38 nisi
519 1196 114 38 sicut
582 1196 114 38 musicus

199 1233 94 41 &c.
252 1233 80 41 i.
292 1233 67 41 &
319 1233 174 41 circulus,
453 1233 107 41 quem
520 1233 147 41 diuidit
614 1233 94 41 alius

204 1272 158 42 punctus,
322 1272 92 42 non
375 1272 145 42 dicitur
480 1272 105 42 idem
546 1272 145 42 numero,
638 1272 66 42 nis

202 1304 104 54 sicut
272 1304 127 54 dicitur
365 1304 93 54 quod
422 1304 93 54 homo
480 1304 58 54 &
504 1304 127 54 musicus
596 1304 93 54 sunt
643 1304 69 54 idem

199 1344 73 41 in
235 1344 134 41 numero.
332 1344 73 41 i.
369 1344 97 41 quia
430 1344 134 41 accidit
527 1344 97 41 eis,
588 1344 97 41 quod
636 1344 73 41 fue-

196 1383 109 40 rint
264 1383 122 40 idem,
346 1383 95 40 non
400 1383 95 40 per
455 1383 95 40 se.
509 1383 109 40 homo
577 1383 109 40 enim
645 1383 68 40 &
659 1383 54 40 mu

202 1426 112 32 sicus
276 1426 99 32 sunt
338 1426 99 32 idem
400 1426 149 32 secundum
512 1426 174 32 subiectum:
649 1426 62 32 a
674 1426 62 32 &

199 1461 97 45 quod
259 1461 85 45 est
308 1461 97 45 idem
369 1461 145 45 secundum
478 1461 158 45 subiectum
599 1461 85 45 est
635 1461 73 45 idem

201 1500 88 46 per
252 1500 163 46 accidens.
377 1500 101 46 idem
440 1500 101 46 enim
503 1500 75 46 in
541 1500 88 46 rei
578 1500 126 46 veritate

202 1542 77 36 est
246 1542 88 36 idem
301 1542 132 36 secundum
400 1542 110 36 formam
478 1542 55 36 &
500 1542 143 36 similiter
599 1542 110 36 circuli,

197 1578 100 49 quos
260 1578 125 49 puncta
348 1578 150 49 diuidunt
461 1578 150 49 scilicet
573 1578 100 49 quae
623 1578 88 49 imagi

195 1622 146 29 nantur
297 1622 87 29 in
341 1622 131 29 eodem
428 1622 175 29 circulo,
559 1622 116 29 sunt
618 1622 87 29 idem

193 1653 103 45 per
252 1653 192 45 accidens,
400 1653 118 45 quia
474 1653 192 45 subiectum
607 1653 103 45 eorum

192 1688 97 51 est
248 1688 125 51 idem:
331 1688 69 51 &
358 1688 111 51 sunt
428 1688 152 51 plures,
539 1688 111 51 quia
594 1688 111 51 formae

198 1726 113 54 eorum
274 1726 101 54 sunt
337 1726 138 54 plures.
437 1726 75 54 si
475 1726 126 54 igitur
563 1726 126 54 illud,
639 1726 75 54 quid

192 1764 154 53 mouetur
304 1764 84 53 in
346 1764 126 53 loco,
430 1764 154 53 necesse
543 1764 98 53 est
599 1764 98 53 ipm
641 1764 70 53 mu-

200 1805 112 37 tare
270 1805 140 37 locum:
368 1805 126 37 locus
452 1805 126 37 autem
535 1805 154 37 differt
647 1805 70 37 a
661 1805 56 37 lo

727 181 83 52 co,
775 181 83 52 aut
822 181 83 52 per
869 181 71 52 se
905 181 119 52 tamen,
988 181 83 52 aut
1035 181 107 52 etiam
1106 181 83 52 per
1154 181 83 52 se,
1189 181 36 52 &

735 220 86 37 per
784 220 148 37 acciuns:
895 220 148 37 pnccesse
1005 220 86 37 est
1055 220 74 37 vt
1092 220 98 37 omne
1141 220 86 37 motum

732 260 94 39 mutet
794 260 105 39 locum,
868 260 73 39 aut
909 260 126 39 secundum
1004 260 105 39 formam
1077 260 126 39 scilicet
1161 260 73 39 sicut

729 295 93 39 est
782 295 80 39 in
822 295 160 39 suhaera,
941 295 93 39 aut
995 295 133 39 forma,
1088 295 66 39 &
1101 295 133 39 subiecto

725 334 124 43 sicut
808 334 97 43 est
863 334 83 43 in
905 334 110 43 eis,
974 334 110 43 quae
1043 334 166 43 mouentur
1153 334 83 43 motu

725 375 128 43 recto.
815 375 103 43 Seno
879 375 128 43 autem,
969 375 90 43 cum
1021 375 141 43 viderit
1110 375 116 43 sphaeri

721 404 117 51 non
788 404 167 51 mutare
905 404 151 51 locum
1006 404 117 51 per
1056 404 167 51 accidens

730 448 220 35 existimauit
906 448 132 35 ipsam
994 448 103 35 non
1053 448 147 35 mutare
1141 448 88 35 illd

732 481 98 49 per
788 481 98 49 se:
844 481 84 49 ex
886 481 98 49 quo
942 481 126 49 dixit
1025 481 168 49 sphaeram
1137 481 84 49 quie

732 518 132 44 scere.
824 518 159 44 cAuicen.
943 518 119 44 vero,
1023 518 106 44 quia
1089 518 93 44 non
1128 518 106 44 distin

725 556 90 48 xit
776 556 179 48 alietatem,
917 556 102 48 quae
981 556 90 48 est
1032 556 77 48 in
1071 556 102 48 loco
1134 556 90 48 per
1173 556 51 48 se

728 593 66 51 ab
761 593 77 51 ea,
805 593 88 51 quae
860 593 77 51 est
904 593 77 51 per
948 593 132 51 accidens
1046 593 132 51 scilicet
1134 593 99 51 alieta-

732 629 119 49 tem,
807 629 119 49 quae
881 629 104 49 est
941 629 179 49 secundum
1060 629 164 49 subiectum

725 669 89 37 non
776 669 153 37 secundum
891 669 140 37 formam,
992 669 64 37 &
1018 669 165 37 concessit
1132 669 89 37 sphae

726 705 104 40 ram
786 705 163 40 moueri,
904 705 163 40 coactus
1023 705 104 40 est
1068 705 163 40 appellare

727 744 126 43 motum.
816 744 164 43 sphaerae,
942 744 114 43 motum
1018 744 76 43 in
1056 744 114 43 situ.
1132 744 101 43 Vnde
1182 744 51 43 ni

732 779 128 52 titur,
822 779 77 52 vt
860 779 128 52 dictum
950 779 102 52 est,
1014 779 128 52 sanare
1090 779 141 52 egritudi-

722 819 114 39 nem
787 819 114 39 per
852 819 146 39 maius
949 819 163 39 egrum.
1047 819 179 39 Declaratu

734 853 85 44 est
782 853 97 44 enim
843 853 97 44 quod
904 853 73 44 in
940 853 206 44 praedicamento
1110 853 109 44 situs
1170 853 61 44 non

728 893 94 49 est
781 893 134 49 motus,
875 893 107 49 quia
942 893 94 49 est
996 893 80 49 ad
1036 893 161 49 aliquid:
1157 893 67 49 &
1170 893 67 49 il-

730 925 102 45 lud,
794 925 102 45 quod
857 925 89 45 est
908 925 76 45 ad
946 925 152 45 aliquid,
1060 925 89 45 est
1098 925 140 45 indiuifi-

727 968 116 42 bile.
804 968 77 42 Si
843 968 129 42 igitur
933 968 180 42 intendebat
1075 968 103 42 quod
1139 968 103 42 iste
1191 968 51 42 mo

728 1006 97 51 tus
783 1006 97 51 est
839 1006 83 51 in
880 1006 235 51 praedicamento
1060 1006 179 51 positionis,

730 1052 104 38 quod
795 1052 91 38 est
847 1052 78 38 in
886 1052 104 38 ipsa
951 1052 182 38 positione:
1094 1052 104 38 quia
1146 1052 91 38 sphe-

725 1080 83 42 ra
767 1080 208 42 transfertur
933 1080 83 42 de
975 1080 181 42 positione
1114 1080 83 42 in
1142 1080 97 42 aliam

737 1121 190 33 positionem
887 1121 108 33 erit
954 1121 136 33 verum:
1049 1121 95 33 sed
1103 1121 122 33 tamen
1171 1121 68 33 mo-

733 1164 90 38 tus
785 1164 103 38 eius
849 1164 90 38 non
901 1164 103 38 erit
966 1164 78 38 in
1004 1164 181 38 positione,
1147 1164 90 38 sed
1185 1164 52 38 de

732 1191 194 43 positione,
884 1191 83 43 in
926 1191 138 43 aliam.
1023 1191 69 43 &
1050 1191 97 43 hoc
1092 1191 152 43 inuenitur

732 1237 69 42 de
766 1237 161 42 translatis
892 1237 69 42 in
927 1237 92 42 loco
984 1237 115 42 recte:
1065 1237 126 42 quoniam
1145 1237 92 42 trans-

730 1268 153 39 feruntur
845 1268 76 39 de
883 1268 165 39 positione
1010 1268 76 39 in
1048 1268 127 39 aliam,
1137 1268 89 39 aut
1175 1268 64 39 di-

730 1305 135 41 uersam
824 1305 162 41 secundum
945 1305 162 41 numerum,
1066 1305 94 41 aut
1106 1305 135 41 secundum

729 1347 154 52 speciem:
845 1347 128 52 sphera
935 1347 116 52 autem
1012 1347 193 52 transfertur
1166 1347 77 52 de
1192 1347 51 52 po

731 1380 126 39 utione
820 1380 76 39 in
857 1380 113 39 aliam
933 1380 151 39 diuersam
1046 1380 151 39 secundum
1147 1380 88 39 nume-

727 1421 102 50 rum.
791 1421 102 50 Quid
855 1421 128 50 igitur
944 1421 115 50 vtile
1021 1421 115 50 dedit
1098 1421 128 50 nobis,
1174 1421 64 50 cum

734 1456 105 51 dixit
804 1456 93 51 quod
863 1456 93 51 iste
921 1456 105 51 motus
991 1456 82 51 est
1038 1456 70 51 in
1073 1456 105 51 situs
1143 1456 93 51 nisi
1189 1456 47 51 in

729 1494 161 44 tendebat
849 1494 107 44 quod
917 1494 134 44 illud,
1011 1494 107 44 quod
1078 1494 148 44 mouetur
1172 1494 67 44 hoc

731 1540 112 38 motu,
805 1540 87 38 non
855 1540 174 38 diuersatur
991 1540 149 38 secundum
1103 1540 124 38 situm:
1177 1540 62 38 hoc

726 1572 73 50 n,
762 1572 145 50 proprium
871 1572 85 50 est
920 1572 97 50 huic
980 1572 121 50 motui.
1065 1572 85 50 sed
1114 1572 109 50 tamen
1186 1572 85 50 non

729 1610 151 39 sequitur
842 1610 75 39 ex
880 1610 100 39 hoc,
943 1610 100 39 quod
1006 1610 113 39 motus
1081 1610 100 39 eius
1144 1610 88 39 est
1194 1610 75 39 in

727 1648 115 50 situ.
804 1648 90 50 nam
855 1648 102 50 iste
919 1648 115 50 sermo
996 1648 115 50 valde
1073 1648 90 50 est
1111 1648 128 50 sophisti

733 1692 104 44 cus.
798 1692 104 44 D.d.
863 1692 104 44 ergo
928 1692 143 44 necesse
1031 1692 91 44 est
1083 1692 78 44 vt
1122 1692 117 44 vnius
1187 1692 52 44 ar

730 1732 119 38 cuum,
809 1732 93 38 &c.
862 1732 79 38 i.
902 1732 106 38 eroo
968 1732 145 38 necesse
1073 1732 93 38 est
1126 1732 79 38 vt
1153 1732 79 38 vnus

722 1751 158 52 arcuum
833 1751 236 52 perfectorum
1022 1751 189 52 circuli,
1148 1751 95 52 quem

730 1799 190 44 describit
877 1799 161 44 aliquis
994 1799 161 44 punctus
1097 1799 146 44 transfe
