<?xml version="1.0" encoding="UTF-8"?>
<alto xmlns:xsi="http://www.w3.org/2001/XMLSchema-instance"
      xmlns="http://www.loc.gov/standards/alto/ns-v2#"
      xmlns:page="http://schema.primaresearch.org/PAGE/gts/pagecontent/2013-07-15"
      xsi:schemaLocation="http://www.loc.gov/standards/alto/ns-v2# http://www.loc.gov/standards/alto/alto.xsd">
   <Description>
      <MeasurementUnit>pixel</MeasurementUnit>
      <OCRProcessing ID="IdOcr">
         <ocrProcessingStep>
            <processingDateTime>2021-02-13T08:26:36.004-05:00</processingDateTime>
            <processingSoftware>
               <softwareCreator>READ COOP</softwareCreator>
               <softwareName>Transkribus</softwareName>
            </processingSoftware>
         </ocrProcessingStep>
      </OCRProcessing>
   </Description>
   <Tags/>
   <Layout>
      <Page ID="Page1" PHYSICAL_IMG_NR="1" HEIGHT="2066" WIDTH="1416">
         <TopMargin HEIGHT="0" WIDTH="1416" VPOS="0" HPOS="0"/>
         <LeftMargin HEIGHT="2066" WIDTH="0" VPOS="0" HPOS="0"/>
         <RightMargin HEIGHT="2066" WIDTH="0" VPOS="0" HPOS="1416"/>
         <BottomMargin HEIGHT="0" WIDTH="1416" VPOS="2066" HPOS="0"/>
         <PrintSpace HEIGHT="2066" WIDTH="1416" VPOS="0" HPOS="0">
            <TextBlock ID="TextRegion_1611926563553_2536"
                       HEIGHT="1768"
                       WIDTH="510"
                       VPOS="139"
                       HPOS="204">
               <Shape>
                  <Polygon POINTS="204,139 714,139 714,1907 204,1907"/>
               </Shape>
               <TextLine ID="line_1611926563648_2539"
                         BASELINE="247"
                         HEIGHT="58"
                         WIDTH="519"
                         VPOS="189"
                         HPOS="199">
                  <String HEIGHT="58"
                          WIDTH="195"
                          VPOS="189"
                          HPOS="183"
                          CONTENT="mouetur."/>
                  <SP HEIGHT="58" WIDTH="16" VPOS="189" HPOS="377"/>
                  <String HEIGHT="58"
                          WIDTH="178"
                          VPOS="189"
                          HPOS="329"
                          CONTENT="quoniam"/>
                  <SP HEIGHT="58" WIDTH="16" VPOS="189" HPOS="507"/>
                  <String HEIGHT="58"
                          WIDTH="146"
                          VPOS="189"
                          HPOS="459"
                          CONTENT="inter"/>
                  <SP HEIGHT="58" WIDTH="16" VPOS="189" HPOS="604"/>
                  <String HEIGHT="58"
                          WIDTH="178"
                          VPOS="189"
                          HPOS="540"
                          CONTENT="quantita"
                          SUBS_TYPE="HypPart1"
                          SUBS_CONTENT="quantitates"/>
                  <HYP CONTENT="-"/>
               </TextLine>
               <TextLine ID="r2l3"
                         BASELINE="298"
                         HEIGHT="65"
                         WIDTH="488"
                         VPOS="233"
                         HPOS="214">
                  <String HEIGHT="65"
                          WIDTH="98"
                          VPOS="233"
                          HPOS="200"
                          CONTENT="tes"
                          SUBS_TYPE="HypPart2"
                          SUBS_CONTENT="quantitates"/>
                  <SP HEIGHT="65" WIDTH="14" VPOS="233" HPOS="298"/>
                  <String HEIGHT="65"
                          WIDTH="209"
                          VPOS="233"
                          HPOS="256"
                          CONTENT="velocitatis"/>
                  <SP HEIGHT="65" WIDTH="14" VPOS="233" HPOS="465"/>
                  <String HEIGHT="65" WIDTH="98" VPOS="233" HPOS="423" CONTENT="non"/>
                  <SP HEIGHT="65" WIDTH="14" VPOS="233" HPOS="521"/>
                  <String HEIGHT="65" WIDTH="98" VPOS="233" HPOS="479" CONTENT="est"/>
                  <SP HEIGHT="65" WIDTH="14" VPOS="233" HPOS="577"/>
                  <String HEIGHT="65"
                          WIDTH="181"
                          VPOS="233"
                          HPOS="521"
                          CONTENT="comparatio."/>
               </TextLine>
               <TextLine ID="r2l4"
                         BASELINE="356"
                         HEIGHT="55"
                         WIDTH="501"
                         VPOS="301"
                         HPOS="218">
                  <String HEIGHT="55" WIDTH="75" VPOS="301" HPOS="205" CONTENT="Et"/>
                  <SP HEIGHT="55" WIDTH="13" VPOS="301" HPOS="281"/>
                  <String HEIGHT="55"
                          WIDTH="163"
                          VPOS="301"
                          HPOS="243"
                          CONTENT="contingit"/>
                  <SP HEIGHT="55" WIDTH="13" VPOS="301" HPOS="406"/>
                  <String HEIGHT="55"
                          WIDTH="113"
                          VPOS="301"
                          HPOS="368"
                          CONTENT="istis"/>
                  <SP HEIGHT="55" WIDTH="13" VPOS="301" HPOS="481"/>
                  <String HEIGHT="55"
                          WIDTH="100"
                          VPOS="301"
                          HPOS="443"
                          CONTENT="hoc,"/>
                  <SP HEIGHT="55" WIDTH="13" VPOS="301" HPOS="544"/>
                  <String HEIGHT="55"
                          WIDTH="150"
                          VPOS="301"
                          HPOS="506"
                          CONTENT="quoniam,"/>
                  <SP HEIGHT="55" WIDTH="13" VPOS="301" HPOS="656"/>
                  <String HEIGHT="55" WIDTH="88" VPOS="301" HPOS="619" CONTENT="cum"/>
                  <SP HEIGHT="55" WIDTH="13" VPOS="301" HPOS="706"/>
                  <String HEIGHT="55"
                          WIDTH="63"
                          VPOS="301"
                          HPOS="656"
                          CONTENT="di"
                          SUBS_TYPE="HypPart1"
                          SUBS_CONTENT="dixerint"/>
                  <HYP CONTENT="-"/>
               </TextLine>
               <TextLine ID="r2l6"
                         BASELINE="385"
                         HEIGHT="36"
                         WIDTH="493"
                         VPOS="349"
                         HPOS="215">
                  <String HEIGHT="36"
                          WIDTH="126"
                          VPOS="349"
                          HPOS="202"
                          CONTENT="xerint"
                          SUBS_TYPE="HypPart2"
                          SUBS_CONTENT="dixerint"/>
                  <SP HEIGHT="36" WIDTH="13" VPOS="349" HPOS="329"/>
                  <String HEIGHT="36"
                          WIDTH="101"
                          VPOS="349"
                          HPOS="291"
                          CONTENT="quod"/>
                  <SP HEIGHT="36" WIDTH="13" VPOS="349" HPOS="392"/>
                  <String HEIGHT="36"
                          WIDTH="114"
                          VPOS="349"
                          HPOS="354"
                          CONTENT="causa"/>
                  <SP HEIGHT="36" WIDTH="13" VPOS="349" HPOS="468"/>
                  <String HEIGHT="36"
                          WIDTH="164"
                          VPOS="349"
                          HPOS="430"
                          CONTENT="leuitatis"/>
                  <SP HEIGHT="36" WIDTH="13" VPOS="349" HPOS="594"/>
                  <String HEIGHT="36" WIDTH="88" VPOS="349" HPOS="556" CONTENT="est"/>
                  <SP HEIGHT="36" WIDTH="13" VPOS="349" HPOS="645"/>
                  <String HEIGHT="36"
                          WIDTH="114"
                          VPOS="349"
                          HPOS="594"
                          CONTENT="vacuum,"/>
               </TextLine>
               <TextLine ID="r2l7"
                         BASELINE="431"
                         HEIGHT="43"
                         WIDTH="502"
                         VPOS="388"
                         HPOS="211">
                  <String HEIGHT="43" WIDTH="95" VPOS="388" HPOS="197" CONTENT="non"/>
                  <SP HEIGHT="43" WIDTH="14" VPOS="388" HPOS="292"/>
                  <String HEIGHT="43"
                          WIDTH="149"
                          VPOS="388"
                          HPOS="252"
                          CONTENT="possunt"/>
                  <SP HEIGHT="43" WIDTH="14" VPOS="388" HPOS="401"/>
                  <String HEIGHT="43"
                          WIDTH="136"
                          VPOS="388"
                          HPOS="360"
                          CONTENT="dicere"/>
                  <SP HEIGHT="43" WIDTH="14" VPOS="388" HPOS="496"/>
                  <String HEIGHT="43"
                          WIDTH="109"
                          VPOS="388"
                          HPOS="455"
                          CONTENT="quae"/>
                  <SP HEIGHT="43" WIDTH="14" VPOS="388" HPOS="564"/>
                  <String HEIGHT="43" WIDTH="95" VPOS="388" HPOS="523" CONTENT="sit"/>
                  <SP HEIGHT="43" WIDTH="14" VPOS="388" HPOS="618"/>
                  <String HEIGHT="43"
                          WIDTH="122"
                          VPOS="388"
                          HPOS="577"
                          CONTENT="causa"/>
                  <SP HEIGHT="43" WIDTH="14" VPOS="388" HPOS="699"/>
                  <String HEIGHT="43" WIDTH="68" VPOS="388" HPOS="645" CONTENT="gra"/>
               </TextLine>
               <TextLine ID="r2l8"
                         BASELINE="459"
                         HEIGHT="38"
                         WIDTH="494"
                         VPOS="421"
                         HPOS="214">
                  <String HEIGHT="38"
                          WIDTH="132"
                          VPOS="421"
                          HPOS="203"
                          CONTENT="uitatis."/>
                  <SP HEIGHT="38" WIDTH="11" VPOS="421" HPOS="335"/>
                  <String HEIGHT="38"
                          WIDTH="132"
                          VPOS="421"
                          HPOS="302"
                          CONTENT="quoniam,"/>
                  <SP HEIGHT="38" WIDTH="11" VPOS="421" HPOS="434"/>
                  <String HEIGHT="38" WIDTH="66" VPOS="421" HPOS="401" CONTENT="si"/>
                  <SP HEIGHT="38" WIDTH="11" VPOS="421" HPOS="466"/>
                  <String HEIGHT="38"
                          WIDTH="132"
                          VPOS="421"
                          HPOS="434"
                          CONTENT="dixerint"/>
                  <SP HEIGHT="38" WIDTH="11" VPOS="421" HPOS="565"/>
                  <String HEIGHT="38"
                          WIDTH="99"
                          VPOS="421"
                          HPOS="532"
                          CONTENT="ipsum"/>
                  <SP HEIGHT="38" WIDTH="11" VPOS="421" HPOS="631"/>
                  <String HEIGHT="38" WIDTH="88" VPOS="421" HPOS="598" CONTENT="esse"/>
                  <SP HEIGHT="38" WIDTH="11" VPOS="421" HPOS="686"/>
                  <String HEIGHT="38"
                          WIDTH="66"
                          VPOS="421"
                          HPOS="642"
                          CONTENT="ple"
                          SUBS_TYPE="HypPart1"
                          SUBS_CONTENT="plenum,"/>
                  <HYP CONTENT="-"/>
               </TextLine>
               <TextLine ID="r2l9"
                         BASELINE="499"
                         HEIGHT="42"
                         WIDTH="486"
                         VPOS="457"
                         HPOS="215">
                  <String HEIGHT="42"
                          WIDTH="122"
                          VPOS="457"
                          HPOS="200"
                          CONTENT="num,"
                          SUBS_TYPE="HypPart2"
                          SUBS_CONTENT="plenum,"/>
                  <SP HEIGHT="42" WIDTH="15" VPOS="457" HPOS="321"/>
                  <String HEIGHT="42"
                          WIDTH="197"
                          VPOS="457"
                          HPOS="276"
                          CONTENT="contingit"/>
                  <SP HEIGHT="42" WIDTH="15" VPOS="457" HPOS="473"/>
                  <String HEIGHT="42" WIDTH="91" VPOS="457" HPOS="428" CONTENT="vt"/>
                  <SP HEIGHT="42" WIDTH="15" VPOS="457" HPOS="519"/>
                  <String HEIGHT="42" WIDTH="106" VPOS="457" HPOS="473" CONTENT="non"/>
                  <SP HEIGHT="42" WIDTH="15" VPOS="457" HPOS="580"/>
                  <String HEIGHT="42"
                          WIDTH="182"
                          VPOS="457"
                          HPOS="519"
                          CONTENT="inueniatur"/>
               </TextLine>
               <TextLine ID="r2l10"
                         BASELINE="547"
                         HEIGHT="54"
                         WIDTH="492"
                         VPOS="493"
                         HPOS="214">
                  <String HEIGHT="54"
                          WIDTH="105"
                          VPOS="493"
                          HPOS="202"
                          CONTENT="graue"/>
                  <SP HEIGHT="54" WIDTH="12" VPOS="493" HPOS="308"/>
                  <String HEIGHT="54"
                          WIDTH="187"
                          VPOS="493"
                          HPOS="273"
                          CONTENT="simpericitur"/>
                  <SP HEIGHT="54" WIDTH="12" VPOS="493" HPOS="460"/>
                  <String HEIGHT="54"
                          WIDTH="105"
                          VPOS="493"
                          HPOS="425"
                          CONTENT="neque"/>
                  <SP HEIGHT="54" WIDTH="12" VPOS="493" HPOS="530"/>
                  <String HEIGHT="54" WIDTH="94" VPOS="493" HPOS="495" CONTENT="leue"/>
                  <SP HEIGHT="54" WIDTH="12" VPOS="493" HPOS="589"/>
                  <String HEIGHT="54"
                          WIDTH="164"
                          VPOS="493"
                          HPOS="542"
                          CONTENT="simpliciter,"/>
               </TextLine>
               <TextLine ID="r2l11"
                         BASELINE="579"
                         HEIGHT="44"
                         WIDTH="497"
                         VPOS="535"
                         HPOS="216">
                  <String HEIGHT="44" WIDTH="87" VPOS="535" HPOS="204" CONTENT="sed"/>
                  <SP HEIGHT="44" WIDTH="12" VPOS="535" HPOS="291"/>
                  <String HEIGHT="44"
                          WIDTH="149"
                          VPOS="535"
                          HPOS="253"
                          CONTENT="grauius,"/>
                  <SP HEIGHT="44" WIDTH="12" VPOS="535" HPOS="402"/>
                  <String HEIGHT="44" WIDTH="62" VPOS="535" HPOS="365" CONTENT="&amp;"/>
                  <SP HEIGHT="44" WIDTH="12" VPOS="535" HPOS="427"/>
                  <String HEIGHT="44"
                          WIDTH="137"
                          VPOS="535"
                          HPOS="390"
                          CONTENT="leuius,"/>
                  <SP HEIGHT="44" WIDTH="12" VPOS="535" HPOS="527"/>
                  <String HEIGHT="44" WIDTH="75" VPOS="535" HPOS="489" CONTENT="vt"/>
                  <SP HEIGHT="44" WIDTH="12" VPOS="535" HPOS="564"/>
                  <String HEIGHT="44"
                          WIDTH="124"
                          VPOS="535"
                          HPOS="527"
                          CONTENT="dictum"/>
                  <SP HEIGHT="44" WIDTH="12" VPOS="535" HPOS="651"/>
                  <String HEIGHT="44" WIDTH="87" VPOS="535" HPOS="614" CONTENT="est"/>
                  <SP HEIGHT="44" WIDTH="12" VPOS="535" HPOS="701"/>
                  <String HEIGHT="44" WIDTH="75" VPOS="535" HPOS="663" CONTENT="in"/>
                  <SP HEIGHT="44" WIDTH="12" VPOS="535" HPOS="738"/>
                  <String HEIGHT="44" WIDTH="25" VPOS="535" HPOS="688" CONTENT=""/>
               </TextLine>
               <TextLine ID="r2l13"
                         BASELINE="611"
                         HEIGHT="36"
                         WIDTH="468"
                         VPOS="575"
                         HPOS="226">
                  <String HEIGHT="36"
                          WIDTH="187"
                          VPOS="575"
                          HPOS="214"
                          CONTENT="quartoCoeli,"/>
                  <SP HEIGHT="36" WIDTH="12" VPOS="575" HPOS="402"/>
                  <String HEIGHT="36" WIDTH="59" VPOS="575" HPOS="366" CONTENT="&amp;"/>
                  <SP HEIGHT="36" WIDTH="12" VPOS="575" HPOS="425"/>
                  <String HEIGHT="36"
                          WIDTH="117"
                          VPOS="575"
                          HPOS="390"
                          CONTENT="Mundi."/>
                  <SP HEIGHT="36" WIDTH="12" VPOS="575" HPOS="507"/>
                  <String HEIGHT="36"
                          WIDTH="105"
                          VPOS="575"
                          HPOS="472"
                          CONTENT="illic"/>
                  <SP HEIGHT="36" WIDTH="12" VPOS="575" HPOS="577"/>
                  <String HEIGHT="36" WIDTH="94" VPOS="575" HPOS="542" CONTENT="enim"/>
                  <SP HEIGHT="36" WIDTH="12" VPOS="575" HPOS="636"/>
                  <String HEIGHT="36"
                          WIDTH="105"
                          VPOS="575"
                          HPOS="589"
                          CONTENT="contra"
                          SUBS_TYPE="HypPart1"
                          SUBS_CONTENT="contradictum"/>
                  <HYP CONTENT="-"/>
               </TextLine>
               <TextLine ID="r2l15"
                         BASELINE="662"
                         HEIGHT="50"
                         WIDTH="496"
                         VPOS="612"
                         HPOS="218">
                  <String HEIGHT="50"
                          WIDTH="138"
                          VPOS="612"
                          HPOS="204"
                          CONTENT="dictum"
                          SUBS_TYPE="HypPart2"
                          SUBS_CONTENT="contradictum"/>
                  <SP HEIGHT="50" WIDTH="14" VPOS="612" HPOS="342"/>
                  <String HEIGHT="50" WIDTH="96" VPOS="612" HPOS="301" CONTENT="est"/>
                  <SP HEIGHT="50" WIDTH="14" VPOS="612" HPOS="397"/>
                  <String HEIGHT="50"
                          WIDTH="124"
                          VPOS="612"
                          HPOS="356"
                          CONTENT="istis"/>
                  <SP HEIGHT="50" WIDTH="14" VPOS="612" HPOS="480"/>
                  <String HEIGHT="50"
                          WIDTH="179"
                          VPOS="612"
                          HPOS="438"
                          CONTENT="perfecte."/>
                  <SP HEIGHT="50" WIDTH="14" VPOS="612" HPOS="618"/>
                  <String HEIGHT="50"
                          WIDTH="152"
                          VPOS="612"
                          HPOS="562"
                          CONTENT="D.induxit"/>
               </TextLine>
               <TextLine ID="r2l16"
                         BASELINE="690"
                         HEIGHT="38"
                         WIDTH="492"
                         VPOS="652"
                         HPOS="216">
                  <String HEIGHT="38"
                          WIDTH="123"
                          VPOS="652"
                          HPOS="202"
                          CONTENT="etiam"/>
                  <SP HEIGHT="38" WIDTH="14" VPOS="652" HPOS="325"/>
                  <String HEIGHT="38"
                          WIDTH="123"
                          VPOS="652"
                          HPOS="284"
                          CONTENT="aliud"/>
                  <SP HEIGHT="38" WIDTH="14" VPOS="652" HPOS="407"/>
                  <String HEIGHT="38"
                          WIDTH="219"
                          VPOS="652"
                          HPOS="366"
                          CONTENT="inopinabile,"/>
                  <SP HEIGHT="38" WIDTH="14" VPOS="652" HPOS="585"/>
                  <String HEIGHT="38" WIDTH="68" VPOS="652" HPOS="544" CONTENT="&amp;"/>
                  <SP HEIGHT="38" WIDTH="14" VPOS="652" HPOS="612"/>
                  <String HEIGHT="38"
                          WIDTH="137"
                          VPOS="652"
                          HPOS="571"
                          CONTENT="dixit:"/>
                  <SP HEIGHT="38" WIDTH="14" VPOS="652" HPOS="708"/>
                  <String HEIGHT="38" WIDTH="55" VPOS="652" HPOS="653" CONTENT="Et"/>
               </TextLine>
               <TextLine ID="r2l17"
                         BASELINE="742"
                         HEIGHT="54"
                         WIDTH="490"
                         VPOS="688"
                         HPOS="219">
                  <String HEIGHT="54"
                          WIDTH="156"
                          VPOS="688"
                          HPOS="208"
                          CONTENT="manifestum"/>
                  <SP HEIGHT="54" WIDTH="11" VPOS="688" HPOS="364"/>
                  <String HEIGHT="54" WIDTH="78" VPOS="688" HPOS="330" CONTENT="est"/>
                  <SP HEIGHT="54" WIDTH="11" VPOS="688" HPOS="408"/>
                  <String HEIGHT="54"
                          WIDTH="111"
                          VPOS="688"
                          HPOS="375"
                          CONTENT="etiam,"/>
                  <SP HEIGHT="54" WIDTH="11" VPOS="688" HPOS="486"/>
                  <String HEIGHT="54" WIDTH="78" VPOS="688" HPOS="453" CONTENT="&amp;c."/>
                  <SP HEIGHT="54" WIDTH="11" VPOS="688" HPOS="531"/>
                  <String HEIGHT="54" WIDTH="67" VPOS="688" HPOS="497" CONTENT="i."/>
                  <SP HEIGHT="54" WIDTH="11" VPOS="688" HPOS="564"/>
                  <String HEIGHT="54"
                          WIDTH="134"
                          VPOS="688"
                          HPOS="531"
                          CONTENT="quoniam,"/>
                  <SP HEIGHT="54" WIDTH="11" VPOS="688" HPOS="664"/>
                  <String HEIGHT="54" WIDTH="67" VPOS="688" HPOS="631" CONTENT="si"/>
                  <SP HEIGHT="54" WIDTH="11" VPOS="688" HPOS="698"/>
                  <String HEIGHT="54"
                          WIDTH="56"
                          VPOS="688"
                          HPOS="653"
                          CONTENT="ra"
                          SUBS_TYPE="HypPart1"
                          SUBS_CONTENT="rarum"/>
                  <HYP CONTENT="-"/>
               </TextLine>
               <TextLine ID="r2l18"
                         BASELINE="779"
                         HEIGHT="51"
                         WIDTH="492"
                         VPOS="728"
                         HPOS="214">
                  <String HEIGHT="51"
                          WIDTH="96"
                          VPOS="728"
                          HPOS="200"
                          CONTENT="rum"
                          SUBS_TYPE="HypPart2"
                          SUBS_CONTENT="rarum"/>
                  <SP HEIGHT="51" WIDTH="14" VPOS="728" HPOS="296"/>
                  <String HEIGHT="51" WIDTH="96" VPOS="728" HPOS="255" CONTENT="est"/>
                  <SP HEIGHT="51" WIDTH="14" VPOS="728" HPOS="351"/>
                  <String HEIGHT="51"
                          WIDTH="137"
                          VPOS="728"
                          HPOS="310"
                          CONTENT="illud,"/>
                  <SP HEIGHT="51" WIDTH="14" VPOS="728" HPOS="446"/>
                  <String HEIGHT="51"
                          WIDTH="109"
                          VPOS="728"
                          HPOS="405"
                          CONTENT="quod"/>
                  <SP HEIGHT="51" WIDTH="14" VPOS="728" HPOS="515"/>
                  <String HEIGHT="51"
                          WIDTH="164"
                          VPOS="728"
                          HPOS="474"
                          CONTENT="penetrat"/>
                  <SP HEIGHT="51" WIDTH="14" VPOS="728" HPOS="638"/>
                  <String HEIGHT="51"
                          WIDTH="123"
                          VPOS="728"
                          HPOS="583"
                          CONTENT="vacuum,"/>
               </TextLine>
               <TextLine ID="line_1611926563650_2543"
                         BASELINE="818"
                         HEIGHT="52"
                         WIDTH="505"
                         VPOS="766"
                         HPOS="199">
                  <String HEIGHT="52" WIDTH="79" VPOS="766" HPOS="183" CONTENT="&amp;"/>
                  <SP HEIGHT="52" WIDTH="16" VPOS="766" HPOS="262"/>
                  <String HEIGHT="52"
                          WIDTH="158"
                          VPOS="766"
                          HPOS="215"
                          CONTENT="vacuum"/>
                  <SP HEIGHT="52" WIDTH="16" VPOS="766" HPOS="373"/>
                  <String HEIGHT="52" WIDTH="110" VPOS="766" HPOS="325" CONTENT="est"/>
                  <SP HEIGHT="52" WIDTH="16" VPOS="766" HPOS="436"/>
                  <String HEIGHT="52"
                          WIDTH="142"
                          VPOS="766"
                          HPOS="388"
                          CONTENT="causa"/>
                  <SP HEIGHT="52" WIDTH="16" VPOS="766" HPOS="530"/>
                  <String HEIGHT="52"
                          WIDTH="142"
                          VPOS="766"
                          HPOS="483"
                          CONTENT="motus"/>
                  <SP HEIGHT="52" WIDTH="16" VPOS="766" HPOS="625"/>
                  <String HEIGHT="52" WIDTH="95" VPOS="766" HPOS="578" CONTENT="ad"/>
                  <SP HEIGHT="52" WIDTH="16" VPOS="766" HPOS="672"/>
                  <String HEIGHT="52" WIDTH="95" VPOS="766" HPOS="609" CONTENT="supe"/>
               </TextLine>
               <TextLine ID="r2l20"
                         BASELINE="858"
                         HEIGHT="45"
                         WIDTH="486"
                         VPOS="813"
                         HPOS="221">
                  <String HEIGHT="45"
                          WIDTH="115"
                          VPOS="813"
                          HPOS="208"
                          CONTENT="rius:"/>
                  <SP HEIGHT="45" WIDTH="13" VPOS="813" HPOS="323"/>
                  <String HEIGHT="45"
                          WIDTH="179"
                          VPOS="813"
                          HPOS="285"
                          CONTENT="manifestum"/>
                  <SP HEIGHT="45" WIDTH="13" VPOS="813" HPOS="464"/>
                  <String HEIGHT="45"
                          WIDTH="102"
                          VPOS="813"
                          HPOS="426"
                          CONTENT="est,"/>
                  <SP HEIGHT="45" WIDTH="13" VPOS="813" HPOS="528"/>
                  <String HEIGHT="45"
                          WIDTH="102"
                          VPOS="813"
                          HPOS="490"
                          CONTENT="quod"/>
                  <SP HEIGHT="45" WIDTH="13" VPOS="813" HPOS="592"/>
                  <String HEIGHT="45"
                          WIDTH="128"
                          VPOS="813"
                          HPOS="554"
                          CONTENT="quanto"/>
                  <SP HEIGHT="45" WIDTH="13" VPOS="813" HPOS="681"/>
                  <String HEIGHT="45"
                          WIDTH="77"
                          VPOS="813"
                          HPOS="630"
                          CONTENT="cor"
                          SUBS_TYPE="HypPart1"
                          SUBS_CONTENT="corpus"/>
                  <HYP CONTENT="-"/>
               </TextLine>
               <TextLine ID="r2l21"
                         BASELINE="897"
                         HEIGHT="45"
                         WIDTH="474"
                         VPOS="852"
                         HPOS="224">
                  <String HEIGHT="45"
                          WIDTH="104"
                          VPOS="852"
                          HPOS="209"
                          CONTENT="pus"
                          SUBS_TYPE="HypPart2"
                          SUBS_CONTENT="corpus"/>
                  <SP HEIGHT="45" WIDTH="15" VPOS="852" HPOS="313"/>
                  <String HEIGHT="45"
                          WIDTH="148"
                          VPOS="852"
                          HPOS="268"
                          CONTENT="fuerit"/>
                  <SP HEIGHT="45" WIDTH="15" VPOS="852" HPOS="417"/>
                  <String HEIGHT="45"
                          WIDTH="133"
                          VPOS="852"
                          HPOS="372"
                          CONTENT="magis"/>
                  <SP HEIGHT="45" WIDTH="15" VPOS="852" HPOS="505"/>
                  <String HEIGHT="45"
                          WIDTH="148"
                          VPOS="852"
                          HPOS="461"
                          CONTENT="rarum,"/>
                  <SP HEIGHT="45" WIDTH="15" VPOS="852" HPOS="609"/>
                  <String HEIGHT="45"
                          WIDTH="133"
                          VPOS="852"
                          HPOS="565"
                          CONTENT="tanto"/>
                  <SP HEIGHT="45" WIDTH="15" VPOS="852" HPOS="698"/>
                  <String HEIGHT="45" WIDTH="59" VPOS="852" HPOS="639" CONTENT="ma"/>
               </TextLine>
               <TextLine ID="r2l22"
                         BASELINE="936"
                         HEIGHT="52"
                         WIDTH="482"
                         VPOS="884"
                         HPOS="217">
                  <String HEIGHT="52" WIDTH="99" VPOS="884" HPOS="203" CONTENT="gis"/>
                  <SP HEIGHT="52" WIDTH="14" VPOS="884" HPOS="302"/>
                  <String HEIGHT="52"
                          WIDTH="184"
                          VPOS="884"
                          HPOS="260"
                          CONTENT="mouebitur"/>
                  <SP HEIGHT="52" WIDTH="14" VPOS="884" HPOS="444"/>
                  <String HEIGHT="52"
                          WIDTH="170"
                          VPOS="884"
                          HPOS="401"
                          CONTENT="velocius"/>
                  <SP HEIGHT="52" WIDTH="14" VPOS="884" HPOS="571"/>
                  <String HEIGHT="52" WIDTH="85" VPOS="884" HPOS="529" CONTENT="ad"/>
                  <SP HEIGHT="52" WIDTH="14" VPOS="884" HPOS="614"/>
                  <String HEIGHT="52"
                          WIDTH="142"
                          VPOS="884"
                          HPOS="557"
                          CONTENT="superius"/>
               </TextLine>
               <TextLine ID="r2l23"
                         BASELINE="971"
                         HEIGHT="39"
                         WIDTH="486"
                         VPOS="932"
                         HPOS="221">
                  <String HEIGHT="39"
                          WIDTH="108"
                          VPOS="932"
                          HPOS="208"
                          CONTENT="quia"/>
                  <SP HEIGHT="39" WIDTH="14" VPOS="932" HPOS="316"/>
                  <String HEIGHT="39"
                          WIDTH="108"
                          VPOS="932"
                          HPOS="275"
                          CONTENT="erit"/>
                  <SP HEIGHT="39" WIDTH="14" VPOS="932" HPOS="383"/>
                  <String HEIGHT="39"
                          WIDTH="149"
                          VPOS="932"
                          HPOS="343"
                          CONTENT="maioris"/>
                  <SP HEIGHT="39" WIDTH="14" VPOS="932" HPOS="491"/>
                  <String HEIGHT="39"
                          WIDTH="203"
                          VPOS="932"
                          HPOS="451"
                          CONTENT="vacuitatis:"/>
                  <SP HEIGHT="39" WIDTH="14" VPOS="932" HPOS="653"/>
                  <String HEIGHT="39"
                          WIDTH="108"
                          VPOS="932"
                          HPOS="599"
                          CONTENT="contin"/>
               </TextLine>
               <TextLine ID="r2l24"
                         BASELINE="1012"
                         HEIGHT="50"
                         WIDTH="482"
                         VPOS="962"
                         HPOS="222">
                  <String HEIGHT="50" WIDTH="91" VPOS="962" HPOS="209" CONTENT="git"/>
                  <SP HEIGHT="50" WIDTH="13" VPOS="962" HPOS="300"/>
                  <String HEIGHT="50"
                          WIDTH="130"
                          VPOS="962"
                          HPOS="261"
                          CONTENT="igitur"/>
                  <SP HEIGHT="50" WIDTH="13" VPOS="962" HPOS="391"/>
                  <String HEIGHT="50"
                          WIDTH="195"
                          VPOS="962"
                          HPOS="352"
                          CONTENT="necessalio,"/>
                  <SP HEIGHT="50" WIDTH="13" VPOS="962" HPOS="548"/>
                  <String HEIGHT="50" WIDTH="91" VPOS="962" HPOS="509" CONTENT="cum"/>
                  <SP HEIGHT="50" WIDTH="13" VPOS="962" HPOS="600"/>
                  <String HEIGHT="50"
                          WIDTH="130"
                          VPOS="962"
                          HPOS="561"
                          CONTENT="aliqua"/>
                  <SP HEIGHT="50" WIDTH="13" VPOS="962" HPOS="691"/>
                  <String HEIGHT="50" WIDTH="65" VPOS="962" HPOS="639" CONTENT="duo"/>
               </TextLine>
               <TextLine ID="r2l25"
                         BASELINE="1042"
                         HEIGHT="42"
                         WIDTH="486"
                         VPOS="1000"
                         HPOS="218">
                  <String HEIGHT="42"
                          WIDTH="105"
                          VPOS="1000"
                          HPOS="205"
                          CONTENT="mota"/>
                  <SP HEIGHT="42" WIDTH="13" VPOS="1000" HPOS="310"/>
                  <String HEIGHT="42" WIDTH="79" VPOS="1000" HPOS="271" CONTENT="ex"/>
                  <SP HEIGHT="42" WIDTH="13" VPOS="1000" HPOS="349"/>
                  <String HEIGHT="42"
                          WIDTH="118"
                          VPOS="1000"
                          HPOS="310"
                          CONTENT="istis"/>
                  <SP HEIGHT="42" WIDTH="13" VPOS="1000" HPOS="428"/>
                  <String HEIGHT="42"
                          WIDTH="144"
                          VPOS="1000"
                          HPOS="389"
                          CONTENT="fuerint"/>
                  <SP HEIGHT="42" WIDTH="13" VPOS="1000" HPOS="533"/>
                  <String HEIGHT="42"
                          WIDTH="144"
                          VPOS="1000"
                          HPOS="494"
                          CONTENT="diuersa"/>
                  <SP HEIGHT="42" WIDTH="13" VPOS="1000" HPOS="638"/>
                  <String HEIGHT="42" WIDTH="79" VPOS="1000" HPOS="599" CONTENT="in"/>
                  <SP HEIGHT="42" WIDTH="13" VPOS="1000" HPOS="678"/>
                  <String HEIGHT="42"
                          WIDTH="79"
                          VPOS="1000"
                          HPOS="625"
                          CONTENT="velo"/>
               </TextLine>
               <TextLine ID="r2l26"
                         BASELINE="1082"
                         HEIGHT="42"
                         WIDTH="484"
                         VPOS="1040"
                         HPOS="215">
                  <String HEIGHT="42"
                          WIDTH="144"
                          VPOS="1040"
                          HPOS="202"
                          CONTENT="citate,"/>
                  <SP HEIGHT="42" WIDTH="13" VPOS="1040" HPOS="346"/>
                  <String HEIGHT="42" WIDTH="65" VPOS="1040" HPOS="307" CONTENT="&amp;"/>
                  <SP HEIGHT="42" WIDTH="13" VPOS="1040" HPOS="372"/>
                  <String HEIGHT="42"
                          WIDTH="183"
                          VPOS="1040"
                          HPOS="333"
                          CONTENT="tarditate,"/>
                  <SP HEIGHT="42" WIDTH="13" VPOS="1040" HPOS="516"/>
                  <String HEIGHT="42" WIDTH="78" VPOS="1040" HPOS="477" CONTENT="vt"/>
                  <SP HEIGHT="42" WIDTH="13" VPOS="1040" HPOS="555"/>
                  <String HEIGHT="42"
                          WIDTH="170"
                          VPOS="1040"
                          HPOS="516"
                          CONTENT="proportio"/>
                  <SP HEIGHT="42" WIDTH="13" VPOS="1040" HPOS="686"/>
                  <String HEIGHT="42"
                          WIDTH="65"
                          VPOS="1040"
                          HPOS="634"
                          CONTENT="mo"
                          SUBS_TYPE="HypPart1"
                          SUBS_CONTENT="motus"/>
                  <HYP CONTENT="-"/>
               </TextLine>
               <TextLine ID="r2l27"
                         BASELINE="1123"
                         HEIGHT="46"
                         WIDTH="494"
                         VPOS="1077"
                         HPOS="214">
                  <String HEIGHT="46"
                          WIDTH="86"
                          VPOS="1077"
                          HPOS="202"
                          CONTENT="tus"
                          SUBS_TYPE="HypPart2"
                          SUBS_CONTENT="motus"/>
                  <SP HEIGHT="46" WIDTH="12" VPOS="1077" HPOS="288"/>
                  <String HEIGHT="46"
                          WIDTH="148"
                          VPOS="1077"
                          HPOS="251"
                          CONTENT="alterius"/>
                  <SP HEIGHT="46" WIDTH="12" VPOS="1077" HPOS="399"/>
                  <String HEIGHT="46" WIDTH="74" VPOS="1077" HPOS="362" CONTENT="ad"/>
                  <SP HEIGHT="46" WIDTH="12" VPOS="1077" HPOS="436"/>
                  <String HEIGHT="46"
                          WIDTH="111"
                          VPOS="1077"
                          HPOS="399"
                          CONTENT="motum"/>
                  <SP HEIGHT="46" WIDTH="12" VPOS="1077" HPOS="510"/>
                  <String HEIGHT="46"
                          WIDTH="136"
                          VPOS="1077"
                          HPOS="473"
                          CONTENT="reliqui"/>
                  <SP HEIGHT="46" WIDTH="12" VPOS="1077" HPOS="609"/>
                  <String HEIGHT="46"
                          WIDTH="99"
                          VPOS="1077"
                          HPOS="572"
                          CONTENT="sit,"/>
                  <SP HEIGHT="46" WIDTH="12" VPOS="1077" HPOS="671"/>
                  <String HEIGHT="46"
                          WIDTH="86"
                          VPOS="1077"
                          HPOS="622"
                          CONTENT="sicut"/>
               </TextLine>
               <TextLine ID="r2l28"
                         BASELINE="1168"
                         HEIGHT="50"
                         WIDTH="481"
                         VPOS="1118"
                         HPOS="222">
                  <String HEIGHT="50"
                          WIDTH="169"
                          VPOS="1118"
                          HPOS="209"
                          CONTENT="proportio"/>
                  <SP HEIGHT="50" WIDTH="13" VPOS="1118" HPOS="378"/>
                  <String HEIGHT="50"
                          WIDTH="169"
                          VPOS="1118"
                          HPOS="339"
                          CONTENT="raritatis"/>
                  <SP HEIGHT="50" WIDTH="13" VPOS="1118" HPOS="508"/>
                  <String HEIGHT="50" WIDTH="78" VPOS="1118" HPOS="469" CONTENT="ad"/>
                  <SP HEIGHT="50" WIDTH="13" VPOS="1118" HPOS="547"/>
                  <String HEIGHT="50"
                          WIDTH="182"
                          VPOS="1118"
                          HPOS="508"
                          CONTENT="raritatem."/>
                  <SP HEIGHT="50" WIDTH="13" VPOS="1118" HPOS="690"/>
                  <String HEIGHT="50" WIDTH="65" VPOS="1118" HPOS="638" CONTENT="cum"/>
               </TextLine>
               <TextLine ID="r2l29"
                         BASELINE="1203"
                         HEIGHT="47"
                         WIDTH="489"
                         VPOS="1156"
                         HPOS="211">
                  <String HEIGHT="47"
                          WIDTH="163"
                          VPOS="1156"
                          HPOS="196"
                          CONTENT="ligitur"/>
                  <SP HEIGHT="47" WIDTH="15" VPOS="1156" HPOS="359"/>
                  <String HEIGHT="47"
                          WIDTH="193"
                          VPOS="1156"
                          HPOS="315"
                          CONTENT="imaginati"/>
                  <SP HEIGHT="47" WIDTH="15" VPOS="1156" HPOS="507"/>
                  <String HEIGHT="47"
                          WIDTH="178"
                          VPOS="1156"
                          HPOS="463"
                          CONTENT="fuerimus"/>
                  <SP HEIGHT="47" WIDTH="15" VPOS="1156" HPOS="641"/>
                  <String HEIGHT="47"
                          WIDTH="119"
                          VPOS="1156"
                          HPOS="581"
                          CONTENT="vacuum"/>
               </TextLine>
               <TextLine ID="r2l30"
                         BASELINE="1249"
                         HEIGHT="44"
                         WIDTH="479"
                         VPOS="1205"
                         HPOS="215">
                  <String HEIGHT="44"
                          WIDTH="155"
                          VPOS="1205"
                          HPOS="201"
                          CONTENT="moueri,"/>
                  <SP HEIGHT="44" WIDTH="14" VPOS="1205" HPOS="356"/>
                  <String HEIGHT="44"
                          WIDTH="113"
                          VPOS="1205"
                          HPOS="314"
                          CONTENT="tunc"/>
                  <SP HEIGHT="44" WIDTH="14" VPOS="1205" HPOS="426"/>
                  <String HEIGHT="44"
                          WIDTH="127"
                          VPOS="1205"
                          HPOS="384"
                          CONTENT="illic"/>
                  <SP HEIGHT="44" WIDTH="14" VPOS="1205" HPOS="511"/>
                  <String HEIGHT="44" WIDTH="99" VPOS="1205" HPOS="469" CONTENT="non"/>
                  <SP HEIGHT="44" WIDTH="14" VPOS="1205" HPOS="567"/>
                  <String HEIGHT="44"
                          WIDTH="113"
                          VPOS="1205"
                          HPOS="525"
                          CONTENT="erit"/>
                  <SP HEIGHT="44" WIDTH="14" VPOS="1205" HPOS="638"/>
                  <String HEIGHT="44"
                          WIDTH="113"
                          VPOS="1205"
                          HPOS="581"
                          CONTENT="propor"/>
               </TextLine>
               <TextLine ID="r2l31"
                         BASELINE="1276"
                         HEIGHT="41"
                         WIDTH="486"
                         VPOS="1235"
                         HPOS="216">
                  <String HEIGHT="41"
                          WIDTH="100"
                          VPOS="1235"
                          HPOS="204"
                          CONTENT="tio."/>
                  <SP HEIGHT="41" WIDTH="12" VPOS="1235" HPOS="303"/>
                  <String HEIGHT="41"
                          WIDTH="100"
                          VPOS="1235"
                          HPOS="266"
                          CONTENT="vnde"/>
                  <SP HEIGHT="41" WIDTH="12" VPOS="1235" HPOS="366"/>
                  <String HEIGHT="41"
                          WIDTH="137"
                          VPOS="1235"
                          HPOS="328"
                          CONTENT="necesse"/>
                  <SP HEIGHT="41" WIDTH="12" VPOS="1235" HPOS="465"/>
                  <String HEIGHT="41" WIDTH="87" VPOS="1235" HPOS="428" CONTENT="est"/>
                  <SP HEIGHT="41" WIDTH="12" VPOS="1235" HPOS="515"/>
                  <String HEIGHT="41" WIDTH="75" VPOS="1235" HPOS="478" CONTENT="vt"/>
                  <SP HEIGHT="41" WIDTH="12" VPOS="1235" HPOS="552"/>
                  <String HEIGHT="41"
                          WIDTH="112"
                          VPOS="1235"
                          HPOS="515"
                          CONTENT="motus"/>
                  <SP HEIGHT="41" WIDTH="12" VPOS="1235" HPOS="627"/>
                  <String HEIGHT="41"
                          WIDTH="100"
                          VPOS="1235"
                          HPOS="590"
                          CONTENT="eius"/>
                  <SP HEIGHT="41" WIDTH="12" VPOS="1235" HPOS="690"/>
                  <String HEIGHT="41" WIDTH="62" VPOS="1235" HPOS="640" CONTENT="sit"/>
               </TextLine>
               <TextLine ID="r2l32"
                         BASELINE="1327"
                         HEIGHT="53"
                         WIDTH="486"
                         VPOS="1274"
                         HPOS="214">
                  <String HEIGHT="53"
                          WIDTH="236"
                          VPOS="1274"
                          HPOS="201"
                          CONTENT="indiuisibilis,"/>
                  <SP HEIGHT="53" WIDTH="13" VPOS="1274" HPOS="437"/>
                  <String HEIGHT="53" WIDTH="66" VPOS="1274" HPOS="398" CONTENT="&amp;"/>
                  <SP HEIGHT="53" WIDTH="13" VPOS="1274" HPOS="464"/>
                  <String HEIGHT="53" WIDTH="79" VPOS="1274" HPOS="424" CONTENT="in"/>
                  <SP HEIGHT="53" WIDTH="13" VPOS="1274" HPOS="503"/>
                  <String HEIGHT="53"
                          WIDTH="144"
                          VPOS="1274"
                          HPOS="464"
                          CONTENT="tempore"/>
                  <SP HEIGHT="53" WIDTH="13" VPOS="1274" HPOS="608"/>
                  <String HEIGHT="53"
                          WIDTH="144"
                          VPOS="1274"
                          HPOS="556"
                          CONTENT="indiuisi"
                          SUBS_TYPE="HypPart1"
                          SUBS_CONTENT="indiuisibili."/>
                  <HYP CONTENT="-"/>
               </TextLine>
               <TextLine ID="r2l33"
                         BASELINE="1367"
                         HEIGHT="55"
                         WIDTH="482"
                         VPOS="1312"
                         HPOS="221">
                  <String HEIGHT="55"
                          WIDTH="114"
                          VPOS="1312"
                          HPOS="208"
                          CONTENT="bili."
                          SUBS_TYPE="HypPart2"
                          SUBS_CONTENT="indiuisibili."/>
                  <SP HEIGHT="55" WIDTH="13" VPOS="1312" HPOS="322"/>
                  <String HEIGHT="55" WIDTH="76" VPOS="1312" HPOS="284" CONTENT="Et"/>
                  <SP HEIGHT="55" WIDTH="13" VPOS="1312" HPOS="361"/>
                  <String HEIGHT="55"
                          WIDTH="101"
                          VPOS="1312"
                          HPOS="322"
                          CONTENT="ideo"/>
                  <SP HEIGHT="55" WIDTH="13" VPOS="1312" HPOS="424"/>
                  <String HEIGHT="55"
                          WIDTH="127"
                          VPOS="1312"
                          HPOS="386"
                          CONTENT="dixit:"/>
                  <SP HEIGHT="55" WIDTH="13" VPOS="1312" HPOS="513"/>
                  <String HEIGHT="55"
                          WIDTH="140"
                          VPOS="1312"
                          HPOS="475"
                          CONTENT="Dignius"/>
                  <SP HEIGHT="55" WIDTH="13" VPOS="1312" HPOS="614"/>
                  <String HEIGHT="55" WIDTH="89" VPOS="1312" HPOS="576" CONTENT="est"/>
                  <SP HEIGHT="55" WIDTH="13" VPOS="1312" HPOS="665"/>
                  <String HEIGHT="55"
                          WIDTH="89"
                          VPOS="1312"
                          HPOS="614"
                          CONTENT="igitu"/>
               </TextLine>
               <TextLine ID="r2l34"
                         BASELINE="1400"
                         HEIGHT="48"
                         WIDTH="501"
                         VPOS="1352"
                         HPOS="207">
                  <String HEIGHT="48" WIDTH="70" VPOS="1352" HPOS="195" CONTENT="vt"/>
                  <SP HEIGHT="48" WIDTH="12" VPOS="1352" HPOS="265"/>
                  <String HEIGHT="48" WIDTH="82" VPOS="1352" HPOS="230" CONTENT="sit"/>
                  <SP HEIGHT="48" WIDTH="12" VPOS="1352" HPOS="312"/>
                  <String HEIGHT="48"
                          WIDTH="175"
                          VPOS="1352"
                          HPOS="277"
                          CONTENT="impossibile"/>
                  <SP HEIGHT="48" WIDTH="12" VPOS="1352" HPOS="452"/>
                  <String HEIGHT="48" WIDTH="70" VPOS="1352" HPOS="417" CONTENT="vt"/>
                  <SP HEIGHT="48" WIDTH="12" VPOS="1352" HPOS="487"/>
                  <String HEIGHT="48"
                          WIDTH="151"
                          VPOS="1352"
                          HPOS="452"
                          CONTENT="moueatur,"/>
                  <SP HEIGHT="48" WIDTH="12" VPOS="1352" HPOS="603"/>
                  <String HEIGHT="48"
                          WIDTH="140"
                          VPOS="1352"
                          HPOS="568"
                          CONTENT="scilicet"/>
                  <SP HEIGHT="48" WIDTH="12" VPOS="1352" HPOS="708"/>
                  <String HEIGHT="48" WIDTH="47" VPOS="1352" HPOS="661" CONTENT="va"/>
               </TextLine>
               <TextLine ID="r2l35"
                         BASELINE="1443"
                         HEIGHT="47"
                         WIDTH="491"
                         VPOS="1396"
                         HPOS="214">
                  <String HEIGHT="47"
                          WIDTH="134"
                          VPOS="1396"
                          HPOS="199"
                          CONTENT="cuum:"/>
                  <SP HEIGHT="47" WIDTH="15" VPOS="1396" HPOS="333"/>
                  <String HEIGHT="47"
                          WIDTH="119"
                          VPOS="1396"
                          HPOS="288"
                          CONTENT="quia"/>
                  <SP HEIGHT="47" WIDTH="15" VPOS="1396" HPOS="407"/>
                  <String HEIGHT="47"
                          WIDTH="179"
                          VPOS="1396"
                          HPOS="363"
                          CONTENT="sequitur"/>
                  <SP HEIGHT="47" WIDTH="15" VPOS="1396" HPOS="541"/>
                  <String HEIGHT="47" WIDTH="89" VPOS="1396" HPOS="497" CONTENT="vt"/>
                  <SP HEIGHT="47" WIDTH="15" VPOS="1396" HPOS="586"/>
                  <String HEIGHT="47"
                          WIDTH="134"
                          VPOS="1396"
                          HPOS="541"
                          CONTENT="motus"/>
                  <SP HEIGHT="47" WIDTH="15" VPOS="1396" HPOS="675"/>
                  <String HEIGHT="47"
                          WIDTH="89"
                          VPOS="1396"
                          HPOS="616"
                          CONTENT="eius"/>
               </TextLine>
               <TextLine ID="r2l36"
                         BASELINE="1474"
                         HEIGHT="45"
                         WIDTH="492"
                         VPOS="1429"
                         HPOS="213">
                  <String HEIGHT="45" WIDTH="96" VPOS="1429" HPOS="199" CONTENT="sit"/>
                  <SP HEIGHT="45" WIDTH="14" VPOS="1429" HPOS="295"/>
                  <String HEIGHT="45" WIDTH="96" VPOS="1429" HPOS="254" CONTENT="non"/>
                  <SP HEIGHT="45" WIDTH="14" VPOS="1429" HPOS="350"/>
                  <String HEIGHT="45" WIDTH="82" VPOS="1429" HPOS="309" CONTENT="in"/>
                  <SP HEIGHT="45" WIDTH="14" VPOS="1429" HPOS="391"/>
                  <String HEIGHT="45"
                          WIDTH="164"
                          VPOS="1429"
                          HPOS="350"
                          CONTENT="tempore."/>
                  <SP HEIGHT="45" WIDTH="14" VPOS="1429" HPOS="514"/>
                  <String HEIGHT="45" WIDTH="82" VPOS="1429" HPOS="473" CONTENT="&amp;,"/>
                  <SP HEIGHT="45" WIDTH="14" VPOS="1429" HPOS="555"/>
                  <String HEIGHT="45" WIDTH="82" VPOS="1429" HPOS="514" CONTENT="si"/>
                  <SP HEIGHT="45" WIDTH="14" VPOS="1429" HPOS="596"/>
                  <String HEIGHT="45" WIDTH="96" VPOS="1429" HPOS="555" CONTENT="non"/>
                  <SP HEIGHT="45" WIDTH="14" VPOS="1429" HPOS="650"/>
                  <String HEIGHT="45"
                          WIDTH="109"
                          VPOS="1429"
                          HPOS="596"
                          CONTENT="fuerit"/>
               </TextLine>
               <TextLine ID="r2l37"
                         BASELINE="1521"
                         HEIGHT="49"
                         WIDTH="496"
                         VPOS="1472"
                         HPOS="208">
                  <String HEIGHT="49"
                          WIDTH="179"
                          VPOS="1472"
                          HPOS="194"
                          CONTENT="concessum"/>
                  <SP HEIGHT="49" WIDTH="14" VPOS="1472" HPOS="373"/>
                  <String HEIGHT="49"
                          WIDTH="124"
                          VPOS="1472"
                          HPOS="332"
                          CONTENT="nobis"/>
                  <SP HEIGHT="49" WIDTH="14" VPOS="1472" HPOS="456"/>
                  <String HEIGHT="49"
                          WIDTH="110"
                          VPOS="1472"
                          HPOS="415"
                          CONTENT="quod"/>
                  <SP HEIGHT="49" WIDTH="14" VPOS="1472" HPOS="525"/>
                  <String HEIGHT="49"
                          WIDTH="124"
                          VPOS="1472"
                          HPOS="484"
                          CONTENT="motus"/>
                  <SP HEIGHT="49" WIDTH="14" VPOS="1472" HPOS="608"/>
                  <String HEIGHT="49"
                          WIDTH="124"
                          VPOS="1472"
                          HPOS="566"
                          CONTENT="vacui"/>
                  <SP HEIGHT="49" WIDTH="14" VPOS="1472" HPOS="690"/>
                  <String HEIGHT="49" WIDTH="69" VPOS="1472" HPOS="635" CONTENT="est"/>
               </TextLine>
               <TextLine ID="r2l38"
                         BASELINE="1563"
                         HEIGHT="49"
                         WIDTH="495"
                         VPOS="1514"
                         HPOS="208">
                  <String HEIGHT="49" WIDTH="99" VPOS="1514" HPOS="194" CONTENT="non"/>
                  <SP HEIGHT="49" WIDTH="14" VPOS="1514" HPOS="293"/>
                  <String HEIGHT="49" WIDTH="85" VPOS="1514" HPOS="250" CONTENT="in"/>
                  <SP HEIGHT="49" WIDTH="14" VPOS="1514" HPOS="335"/>
                  <String HEIGHT="49"
                          WIDTH="170"
                          VPOS="1514"
                          HPOS="293"
                          CONTENT="tempore,"/>
                  <SP HEIGHT="49" WIDTH="14" VPOS="1514" HPOS="463"/>
                  <String HEIGHT="49"
                          WIDTH="198"
                          VPOS="1514"
                          HPOS="420"
                          CONTENT="probabimus"/>
                  <SP HEIGHT="49" WIDTH="14" VPOS="1514" HPOS="618"/>
                  <String HEIGHT="49"
                          WIDTH="113"
                          VPOS="1514"
                          HPOS="576"
                          CONTENT="quod"/>
                  <SP HEIGHT="49" WIDTH="14" VPOS="1514" HPOS="689"/>
                  <String HEIGHT="49" WIDTH="71" VPOS="1514" HPOS="632" CONTENT="pos"/>
               </TextLine>
               <TextLine ID="r2l39"
                         BASELINE="1602"
                         HEIGHT="54"
                         WIDTH="486"
                         VPOS="1548"
                         HPOS="214">
                  <String HEIGHT="54"
                          WIDTH="128"
                          VPOS="1548"
                          HPOS="201"
                          CONTENT="sibile"/>
                  <SP HEIGHT="54" WIDTH="13" VPOS="1548" HPOS="329"/>
                  <String HEIGHT="54" WIDTH="90" VPOS="1548" HPOS="291" CONTENT="est"/>
                  <SP HEIGHT="54" WIDTH="13" VPOS="1548" HPOS="380"/>
                  <String HEIGHT="54"
                          WIDTH="153"
                          VPOS="1548"
                          HPOS="342"
                          CONTENT="inueniri"/>
                  <SP HEIGHT="54" WIDTH="13" VPOS="1548" HPOS="495"/>
                  <String HEIGHT="54"
                          WIDTH="141"
                          VPOS="1548"
                          HPOS="457"
                          CONTENT="aliquod"/>
                  <SP HEIGHT="54" WIDTH="13" VPOS="1548" HPOS="598"/>
                  <String HEIGHT="54"
                          WIDTH="128"
                          VPOS="1548"
                          HPOS="559"
                          CONTENT="motum,"/>
                  <SP HEIGHT="54" WIDTH="13" VPOS="1548" HPOS="687"/>
                  <String HEIGHT="54" WIDTH="64" VPOS="1548" HPOS="636" CONTENT="cum"/>
               </TextLine>
               <TextLine ID="r2l40"
                         BASELINE="1640"
                         HEIGHT="44"
                         WIDTH="492"
                         VPOS="1596"
                         HPOS="206">
                  <String HEIGHT="44"
                          WIDTH="150"
                          VPOS="1596"
                          HPOS="192"
                          CONTENT="positum"/>
                  <SP HEIGHT="44" WIDTH="14" VPOS="1596" HPOS="343"/>
                  <String HEIGHT="44" WIDTH="82" VPOS="1596" HPOS="302" CONTENT="ex"/>
                  <SP HEIGHT="44" WIDTH="14" VPOS="1596" HPOS="384"/>
                  <String HEIGHT="44"
                          WIDTH="137"
                          VPOS="1596"
                          HPOS="343"
                          CONTENT="vacuo,"/>
                  <SP HEIGHT="44" WIDTH="14" VPOS="1596" HPOS="479"/>
                  <String HEIGHT="44" WIDTH="68" VPOS="1596" HPOS="438" CONTENT="&amp;"/>
                  <SP HEIGHT="44" WIDTH="14" VPOS="1596" HPOS="507"/>
                  <String HEIGHT="44"
                          WIDTH="137"
                          VPOS="1596"
                          HPOS="466"
                          CONTENT="pleno,"/>
                  <SP HEIGHT="44" WIDTH="14" VPOS="1596" HPOS="602"/>
                  <String HEIGHT="44"
                          WIDTH="109"
                          VPOS="1596"
                          HPOS="561"
                          CONTENT="quid"/>
                  <SP HEIGHT="44" WIDTH="14" VPOS="1596" HPOS="671"/>
                  <String HEIGHT="44"
                          WIDTH="82"
                          VPOS="1596"
                          HPOS="616"
                          CONTENT="per"
                          SUBS_TYPE="HypPart1"
                          SUBS_CONTENT="pertransit"/>
                  <HYP CONTENT="-"/>
               </TextLine>
               <TextLine ID="r2l41"
                         BASELINE="1678"
                         HEIGHT="50"
                         WIDTH="488"
                         VPOS="1628"
                         HPOS="212">
                  <String HEIGHT="50"
                          WIDTH="153"
                          VPOS="1628"
                          HPOS="198"
                          CONTENT="transit"
                          SUBS_TYPE="HypPart2"
                          SUBS_CONTENT="pertransit"/>
                  <SP HEIGHT="50" WIDTH="14" VPOS="1628" HPOS="351"/>
                  <String HEIGHT="50" WIDTH="98" VPOS="1628" HPOS="310" CONTENT="cum"/>
                  <SP HEIGHT="50" WIDTH="14" VPOS="1628" HPOS="407"/>
                  <String HEIGHT="50"
                          WIDTH="112"
                          VPOS="1628"
                          HPOS="365"
                          CONTENT="solo"/>
                  <SP HEIGHT="50" WIDTH="14" VPOS="1628" HPOS="477"/>
                  <String HEIGHT="50"
                          WIDTH="125"
                          VPOS="1628"
                          HPOS="435"
                          CONTENT="vacuo"/>
                  <SP HEIGHT="50" WIDTH="14" VPOS="1628" HPOS="561"/>
                  <String HEIGHT="50"
                          WIDTH="112"
                          VPOS="1628"
                          HPOS="519"
                          CONTENT="idem"/>
                  <SP HEIGHT="50" WIDTH="14" VPOS="1628" HPOS="630"/>
                  <String HEIGHT="50"
                          WIDTH="125"
                          VPOS="1628"
                          HPOS="575"
                          CONTENT="spatium"/>
               </TextLine>
               <TextLine ID="r2l42"
                         BASELINE="1720"
                         HEIGHT="54"
                         WIDTH="497"
                         VPOS="1666"
                         HPOS="203">
                  <String HEIGHT="54" WIDTH="93" VPOS="1666" HPOS="187" CONTENT="in"/>
                  <SP HEIGHT="54" WIDTH="16" VPOS="1666" HPOS="281"/>
                  <String HEIGHT="54"
                          WIDTH="140"
                          VPOS="1666"
                          HPOS="234"
                          CONTENT="eodem"/>
                  <SP HEIGHT="54" WIDTH="16" VPOS="1666" HPOS="374"/>
                  <String HEIGHT="54"
                          WIDTH="186"
                          VPOS="1666"
                          HPOS="327"
                          CONTENT="tempore."/>
                  <SP HEIGHT="54" WIDTH="16" VPOS="1666" HPOS="514"/>
                  <String HEIGHT="54"
                          WIDTH="124"
                          VPOS="1666"
                          HPOS="467"
                          CONTENT="quod"/>
                  <SP HEIGHT="54" WIDTH="16" VPOS="1666" HPOS="591"/>
                  <String HEIGHT="54"
                          WIDTH="109"
                          VPOS="1666"
                          HPOS="545"
                          CONTENT="est"/>
                  <SP HEIGHT="54" WIDTH="16" VPOS="1666" HPOS="653"/>
                  <String HEIGHT="54"
                          WIDTH="109"
                          VPOS="1666"
                          HPOS="591"
                          CONTENT="valde"/>
               </TextLine>
               <TextLine ID="r2l43"
                         BASELINE="1746"
                         HEIGHT="40"
                         WIDTH="492"
                         VPOS="1706"
                         HPOS="209">
                  <String HEIGHT="40"
                          WIDTH="239"
                          VPOS="1706"
                          HPOS="194"
                          CONTENT="inopinabile."/>
                  <SP HEIGHT="40" WIDTH="15" VPOS="1706" HPOS="433"/>
                  <String HEIGHT="40" WIDTH="89" VPOS="1706" HPOS="388" CONTENT="Et"/>
                  <SP HEIGHT="40" WIDTH="15" VPOS="1706" HPOS="477"/>
                  <String HEIGHT="40"
                          WIDTH="253"
                          VPOS="1706"
                          HPOS="433"
                          CONTENT="vniuersaliter"/>
                  <SP HEIGHT="40" WIDTH="15" VPOS="1706" HPOS="686"/>
                  <String HEIGHT="40"
                          WIDTH="75"
                          VPOS="1706"
                          HPOS="626"
                          CONTENT="im"
                          SUBS_TYPE="HypPart1"
                          SUBS_CONTENT="impossibile,"/>
                  <HYP CONTENT="-"/>
               </TextLine>
               <TextLine ID="r2l44"
                         BASELINE="1798"
                         HEIGHT="56"
                         WIDTH="486"
                         VPOS="1742"
                         HPOS="210">
                  <String HEIGHT="56"
                          WIDTH="170"
                          VPOS="1742"
                          HPOS="198"
                          CONTENT="possibile,"
                          SUBS_TYPE="HypPart2"
                          SUBS_CONTENT="impossibile,"/>
                  <SP HEIGHT="56" WIDTH="12" VPOS="1742" HPOS="368"/>
                  <String HEIGHT="56"
                          WIDTH="97"
                          VPOS="1742"
                          HPOS="332"
                          CONTENT="quod"/>
                  <SP HEIGHT="56" WIDTH="12" VPOS="1742" HPOS="429"/>
                  <String HEIGHT="56"
                          WIDTH="158"
                          VPOS="1742"
                          HPOS="392"
                          CONTENT="contingit"/>
                  <SP HEIGHT="56" WIDTH="12" VPOS="1742" HPOS="550"/>
                  <String HEIGHT="56"
                          WIDTH="122"
                          VPOS="1742"
                          HPOS="514"
                          CONTENT="istis,"/>
                  <SP HEIGHT="56" WIDTH="12" VPOS="1742" HPOS="635"/>
                  <String HEIGHT="56" WIDTH="85" VPOS="1742" HPOS="599" CONTENT="est"/>
                  <SP HEIGHT="56" WIDTH="12" VPOS="1742" HPOS="684"/>
                  <String HEIGHT="56"
                          WIDTH="61"
                          VPOS="1742"
                          HPOS="635"
                          CONTENT="si"
                          SUBS_TYPE="HypPart1"
                          SUBS_CONTENT="simile"/>
                  <HYP CONTENT="-"/>
               </TextLine>
               <TextLine ID="r2l45"
                         BASELINE="1837"
                         HEIGHT="55"
                         WIDTH="491"
                         VPOS="1782"
                         HPOS="210">
                  <String HEIGHT="55"
                          WIDTH="109"
                          VPOS="1782"
                          HPOS="196"
                          CONTENT="mile"
                          SUBS_TYPE="HypPart2"
                          SUBS_CONTENT="simile"/>
                  <SP HEIGHT="55" WIDTH="14" VPOS="1782" HPOS="305"/>
                  <String HEIGHT="55"
                          WIDTH="205"
                          VPOS="1782"
                          HPOS="265"
                          CONTENT="impossibili"/>
                  <SP HEIGHT="55" WIDTH="14" VPOS="1782" HPOS="469"/>
                  <String HEIGHT="55"
                          WIDTH="205"
                          VPOS="1782"
                          HPOS="428"
                          CONTENT="contingenti"/>
                  <SP HEIGHT="55" WIDTH="14" VPOS="1782" HPOS="633"/>
                  <String HEIGHT="55"
                          WIDTH="123"
                          VPOS="1782"
                          HPOS="578"
                          CONTENT="dicenti"/>
               </TextLine>
               <TextLine ID="r2l46"
                         BASELINE="1866"
                         HEIGHT="45"
                         WIDTH="499"
                         VPOS="1821"
                         HPOS="208">
                  <String HEIGHT="45"
                          WIDTH="109"
                          VPOS="1821"
                          HPOS="192"
                          CONTENT="bus"/>
                  <SP HEIGHT="45" WIDTH="16" VPOS="1821" HPOS="302"/>
                  <String HEIGHT="45"
                          WIDTH="156"
                          VPOS="1821"
                          HPOS="255"
                          CONTENT="vacuum"/>
                  <SP HEIGHT="45" WIDTH="16" VPOS="1821" HPOS="411"/>
                  <String HEIGHT="45"
                          WIDTH="125"
                          VPOS="1821"
                          HPOS="364"
                          CONTENT="esse"/>
                  <SP HEIGHT="45" WIDTH="16" VPOS="1821" HPOS="489"/>
                  <String HEIGHT="45"
                          WIDTH="156"
                          VPOS="1821"
                          HPOS="442"
                          CONTENT="causam"/>
                  <SP HEIGHT="45" WIDTH="16" VPOS="1821" HPOS="598"/>
                  <String HEIGHT="45"
                          WIDTH="140"
                          VPOS="1821"
                          HPOS="551"
                          CONTENT="motus"/>
                  <SP HEIGHT="45" WIDTH="16" VPOS="1821" HPOS="691"/>
                  <String HEIGHT="45" WIDTH="78" VPOS="1821" HPOS="629" CONTENT="sim"/>
               </TextLine>
               <TextLine ID="r2l47"
                         BASELINE="1914"
                         HEIGHT="47"
                         WIDTH="504"
                         VPOS="1867"
                         HPOS="207">
                  <String HEIGHT="47"
                          WIDTH="172"
                          VPOS="1867"
                          HPOS="194"
                          CONTENT="pliciter."/>
                  <SP HEIGHT="47" WIDTH="13" VPOS="1867" HPOS="366"/>
                  <String HEIGHT="47" WIDTH="66" VPOS="1867" HPOS="326" CONTENT="&amp;"/>
                  <SP HEIGHT="47" WIDTH="13" VPOS="1867" HPOS="393"/>
                  <String HEIGHT="47"
                          WIDTH="106"
                          VPOS="1867"
                          HPOS="353"
                          CONTENT="ideo"/>
                  <SP HEIGHT="47" WIDTH="13" VPOS="1867" HPOS="459"/>
                  <String HEIGHT="47"
                          WIDTH="133"
                          VPOS="1867"
                          HPOS="419"
                          CONTENT="dixit:"/>
                  <SP HEIGHT="47" WIDTH="13" VPOS="1867" HPOS="552"/>
                  <String HEIGHT="47" WIDTH="66" VPOS="1867" HPOS="512" CONTENT="&amp;"/>
                  <SP HEIGHT="47" WIDTH="13" VPOS="1867" HPOS="578"/>
                  <String HEIGHT="47"
                          WIDTH="186"
                          VPOS="1867"
                          HPOS="525"
                          CONTENT="ratiocinatio"/>
               </TextLine>
            </TextBlock>
            <TextBlock ID="r3" HEIGHT="1816" WIDTH="503" VPOS="135" HPOS="736">
               <Shape>
                  <Polygon POINTS="736,135 736,1951 1239,1951 1239,135"/>
               </Shape>
               <TextLine ID="r3l3"
                         BASELINE="234"
                         HEIGHT="53"
                         WIDTH="499"
                         VPOS="181"
                         HPOS="738">
                  <String HEIGHT="53" WIDTH="97" VPOS="181" HPOS="724" CONTENT="est"/>
                  <SP HEIGHT="53" WIDTH="14" VPOS="181" HPOS="821"/>
                  <String HEIGHT="53"
                          WIDTH="139"
                          VPOS="181"
                          HPOS="780"
                          CONTENT="eadem,"/>
                  <SP HEIGHT="53" WIDTH="14" VPOS="181" HPOS="918"/>
                  <String HEIGHT="53" WIDTH="97" VPOS="181" HPOS="877" CONTENT="&amp;c."/>
                  <SP HEIGHT="53" WIDTH="14" VPOS="181" HPOS="974"/>
                  <String HEIGHT="53" WIDTH="83" VPOS="181" HPOS="932" CONTENT="i."/>
                  <SP HEIGHT="53" WIDTH="14" VPOS="181" HPOS="1015"/>
                  <String HEIGHT="53" WIDTH="69" VPOS="181" HPOS="974" CONTENT="&amp;"/>
                  <SP HEIGHT="53" WIDTH="14" VPOS="181" HPOS="1043"/>
                  <String HEIGHT="53"
                          WIDTH="208"
                          VPOS="181"
                          HPOS="1001"
                          CONTENT="impossibile"/>
                  <SP HEIGHT="53" WIDTH="14" VPOS="181" HPOS="1209"/>
                  <String HEIGHT="53"
                          WIDTH="83"
                          VPOS="181"
                          HPOS="1154"
                          CONTENT="con"
                          SUBS_TYPE="HypPart1"
                          SUBS_CONTENT="contingens"/>
                  <HYP CONTENT="-"/>
               </TextLine>
               <TextLine ID="r3l4"
                         BASELINE="275"
                         HEIGHT="52"
                         WIDTH="489"
                         VPOS="223"
                         HPOS="742">
                  <String HEIGHT="52"
                          WIDTH="154"
                          VPOS="223"
                          HPOS="728"
                          CONTENT="tingens"
                          SUBS_TYPE="HypPart2"
                          SUBS_CONTENT="contingens"/>
                  <SP HEIGHT="52" WIDTH="14" VPOS="223" HPOS="882"/>
                  <String HEIGHT="52"
                          WIDTH="196"
                          VPOS="223"
                          HPOS="840"
                          CONTENT="dicentibus"/>
                  <SP HEIGHT="52" WIDTH="14" VPOS="223" HPOS="1035"/>
                  <String HEIGHT="52"
                          WIDTH="140"
                          VPOS="223"
                          HPOS="993"
                          CONTENT="vacuum"/>
                  <SP HEIGHT="52" WIDTH="14" VPOS="223" HPOS="1133"/>
                  <String HEIGHT="52"
                          WIDTH="112"
                          VPOS="223"
                          HPOS="1091"
                          CONTENT="esse"/>
                  <SP HEIGHT="52" WIDTH="14" VPOS="223" HPOS="1203"/>
                  <String HEIGHT="52"
                          WIDTH="84"
                          VPOS="223"
                          HPOS="1147"
                          CONTENT="cau"
                          SUBS_TYPE="HypPart1"
                          SUBS_CONTENT="causam"/>
                  <HYP CONTENT="-"/>
               </TextLine>
               <TextLine ID="r3l5"
                         BASELINE="316"
                         HEIGHT="55"
                         WIDTH="489"
                         VPOS="261"
                         HPOS="742">
                  <String HEIGHT="55"
                          WIDTH="88"
                          VPOS="261"
                          HPOS="729"
                          CONTENT="sam"
                          SUBS_TYPE="HypPart2"
                          SUBS_CONTENT="causam"/>
                  <SP HEIGHT="55" WIDTH="13" VPOS="261" HPOS="817"/>
                  <String HEIGHT="55"
                          WIDTH="213"
                          VPOS="261"
                          HPOS="780"
                          CONTENT="translationis"/>
                  <SP HEIGHT="55" WIDTH="13" VPOS="261" HPOS="993"/>
                  <String HEIGHT="55" WIDTH="75" VPOS="261" HPOS="955" CONTENT="ad"/>
                  <SP HEIGHT="55" WIDTH="13" VPOS="261" HPOS="1030"/>
                  <String HEIGHT="55"
                          WIDTH="150"
                          VPOS="261"
                          HPOS="993"
                          CONTENT="superius"/>
                  <SP HEIGHT="55" WIDTH="13" VPOS="261" HPOS="1143"/>
                  <String HEIGHT="55" WIDTH="88" VPOS="261" HPOS="1106" CONTENT="est"/>
                  <SP HEIGHT="55" WIDTH="13" VPOS="261" HPOS="1193"/>
                  <String HEIGHT="55"
                          WIDTH="88"
                          VPOS="261"
                          HPOS="1143"
                          CONTENT="siile"/>
               </TextLine>
               <TextLine ID="r3l6"
                         BASELINE="357"
                         HEIGHT="54"
                         WIDTH="488"
                         VPOS="303"
                         HPOS="745">
                  <String HEIGHT="54"
                          WIDTH="223"
                          VPOS="303"
                          HPOS="731"
                          CONTENT="impossibili,"/>
                  <SP HEIGHT="54" WIDTH="14" VPOS="303" HPOS="954"/>
                  <String HEIGHT="54"
                          WIDTH="112"
                          VPOS="303"
                          HPOS="912"
                          CONTENT="quod"/>
                  <SP HEIGHT="54" WIDTH="14" VPOS="303" HPOS="1024"/>
                  <String HEIGHT="54"
                          WIDTH="181"
                          VPOS="303"
                          HPOS="982"
                          CONTENT="contingit"/>
                  <SP HEIGHT="54" WIDTH="14" VPOS="303" HPOS="1163"/>
                  <String HEIGHT="54"
                          WIDTH="125"
                          VPOS="303"
                          HPOS="1108"
                          CONTENT="dicenti"/>
               </TextLine>
               <TextLine ID="r3l7"
                         BASELINE="378"
                         HEIGHT="45"
                         WIDTH="490"
                         VPOS="333"
                         HPOS="745">
                  <String HEIGHT="45" WIDTH="101" VPOS="333" HPOS="731" CONTENT="bus"/>
                  <SP HEIGHT="45" WIDTH="14" VPOS="333" HPOS="831"/>
                  <String HEIGHT="45"
                          WIDTH="144"
                          VPOS="333"
                          HPOS="788"
                          CONTENT="vacuum"/>
                  <SP HEIGHT="45" WIDTH="14" VPOS="333" HPOS="932"/>
                  <String HEIGHT="45"
                          WIDTH="115"
                          VPOS="333"
                          HPOS="889"
                          CONTENT="esse"/>
                  <SP HEIGHT="45" WIDTH="14" VPOS="333" HPOS="1004"/>
                  <String HEIGHT="45"
                          WIDTH="144"
                          VPOS="333"
                          HPOS="961"
                          CONTENT="causam"/>
                  <SP HEIGHT="45" WIDTH="14" VPOS="333" HPOS="1105"/>
                  <String HEIGHT="45"
                          WIDTH="130"
                          VPOS="333"
                          HPOS="1062"
                          CONTENT="motus"/>
                  <SP HEIGHT="45" WIDTH="14" VPOS="333" HPOS="1192"/>
                  <String HEIGHT="45" WIDTH="86" VPOS="333" HPOS="1149" CONTENT="in"/>
                  <SP HEIGHT="45" WIDTH="14" VPOS="333" HPOS="1235"/>
                  <String HEIGHT="45" WIDTH="58" VPOS="333" HPOS="1177" CONTENT="lo"/>
               </TextLine>
               <TextLine ID="r3l8"
                         BASELINE="430"
                         HEIGHT="51"
                         WIDTH="496"
                         VPOS="379"
                         HPOS="738">
                  <String HEIGHT="51" WIDTH="83" VPOS="379" HPOS="726" CONTENT="co."/>
                  <SP HEIGHT="51" WIDTH="12" VPOS="379" HPOS="809"/>
                  <String HEIGHT="51" WIDTH="83" VPOS="379" HPOS="773" CONTENT="non"/>
                  <SP HEIGHT="51" WIDTH="12" VPOS="379" HPOS="856"/>
                  <String HEIGHT="51" WIDTH="83" VPOS="379" HPOS="821" CONTENT="est"/>
                  <SP HEIGHT="51" WIDTH="12" VPOS="379" HPOS="903"/>
                  <String HEIGHT="51" WIDTH="94" VPOS="379" HPOS="868" CONTENT="enim"/>
                  <SP HEIGHT="51" WIDTH="12" VPOS="379" HPOS="962"/>
                  <String HEIGHT="51"
                          WIDTH="165"
                          VPOS="379"
                          HPOS="927"
                          CONTENT="comparatio"/>
                  <SP HEIGHT="51" WIDTH="12" VPOS="379" HPOS="1092"/>
                  <String HEIGHT="51"
                          WIDTH="106"
                          VPOS="379"
                          HPOS="1057"
                          CONTENT="inter"/>
                  <SP HEIGHT="51" WIDTH="12" VPOS="379" HPOS="1163"/>
                  <String HEIGHT="51" WIDTH="83" VPOS="379" HPOS="1128" CONTENT="id,"/>
                  <SP HEIGHT="51" WIDTH="12" VPOS="379" HPOS="1210"/>
                  <String HEIGHT="51"
                          WIDTH="71"
                          VPOS="379"
                          HPOS="1163"
                          CONTENT="quod"/>
               </TextLine>
               <TextLine ID="r3l9"
                         BASELINE="466"
                         HEIGHT="48"
                         WIDTH="496"
                         VPOS="418"
                         HPOS="742">
                  <String HEIGHT="48"
                          WIDTH="152"
                          VPOS="418"
                          HPOS="728"
                          CONTENT="mouetur"/>
                  <SP HEIGHT="48" WIDTH="14" VPOS="418" HPOS="880"/>
                  <String HEIGHT="48" WIDTH="83" VPOS="418" HPOS="838" CONTENT="in"/>
                  <SP HEIGHT="48" WIDTH="14" VPOS="418" HPOS="921"/>
                  <String HEIGHT="48"
                          WIDTH="124"
                          VPOS="418"
                          HPOS="880"
                          CONTENT="vacuo"/>
                  <SP HEIGHT="48" WIDTH="14" VPOS="418" HPOS="1004"/>
                  <String HEIGHT="48"
                          WIDTH="124"
                          VPOS="418"
                          HPOS="962"
                          CONTENT="solo,"/>
                  <SP HEIGHT="48" WIDTH="14" VPOS="418" HPOS="1086"/>
                  <String HEIGHT="48" WIDTH="69" VPOS="418" HPOS="1045" CONTENT="&amp;"/>
                  <SP HEIGHT="48" WIDTH="14" VPOS="418" HPOS="1114"/>
                  <String HEIGHT="48"
                          WIDTH="138"
                          VPOS="418"
                          HPOS="1073"
                          CONTENT="illud,"/>
                  <SP HEIGHT="48" WIDTH="14" VPOS="418" HPOS="1210"/>
                  <String HEIGHT="48"
                          WIDTH="83"
                          VPOS="418"
                          HPOS="1155"
                          CONTENT="quid"/>
               </TextLine>
               <TextLine ID="r3l10"
                         BASELINE="498"
                         HEIGHT="36"
                         WIDTH="498"
                         VPOS="462"
                         HPOS="741">
                  <String HEIGHT="36"
                          WIDTH="161"
                          VPOS="462"
                          HPOS="726"
                          CONTENT="mouetur"/>
                  <SP HEIGHT="36" WIDTH="15" VPOS="462" HPOS="887"/>
                  <String HEIGHT="36" WIDTH="88" VPOS="462" HPOS="844" CONTENT="in"/>
                  <SP HEIGHT="36" WIDTH="15" VPOS="462" HPOS="931"/>
                  <String HEIGHT="36"
                          WIDTH="146"
                          VPOS="462"
                          HPOS="887"
                          CONTENT="pleno,"/>
                  <SP HEIGHT="36" WIDTH="15" VPOS="462" HPOS="1034"/>
                  <String HEIGHT="36"
                          WIDTH="117"
                          VPOS="462"
                          HPOS="990"
                          CONTENT="apud"/>
                  <SP HEIGHT="36" WIDTH="15" VPOS="462" HPOS="1107"/>
                  <String HEIGHT="36"
                          WIDTH="176"
                          VPOS="462"
                          HPOS="1063"
                          CONTENT="dicentes"/>
                  <SP HEIGHT="36" WIDTH="15" VPOS="462" HPOS="1239"/>
                  <String HEIGHT="36" WIDTH="59" VPOS="462" HPOS="1180" CONTENT="va"/>
               </TextLine>
               <TextLine ID="r3l11"
                         BASELINE="538"
                         HEIGHT="45"
                         WIDTH="496"
                         VPOS="493"
                         HPOS="741">
                  <String HEIGHT="45"
                          WIDTH="120"
                          VPOS="493"
                          HPOS="726"
                          CONTENT="cuum"/>
                  <SP HEIGHT="45" WIDTH="15" VPOS="493" HPOS="846"/>
                  <String HEIGHT="45"
                          WIDTH="120"
                          VPOS="493"
                          HPOS="801"
                          CONTENT="esse"/>
                  <SP HEIGHT="45" WIDTH="15" VPOS="493" HPOS="921"/>
                  <String HEIGHT="45"
                          WIDTH="150"
                          VPOS="493"
                          HPOS="876"
                          CONTENT="causam"/>
                  <SP HEIGHT="45" WIDTH="15" VPOS="493" HPOS="1027"/>
                  <String HEIGHT="45"
                          WIDTH="256"
                          VPOS="493"
                          HPOS="981"
                          CONTENT="translationis"/>
                  <SP HEIGHT="45" WIDTH="15" VPOS="493" HPOS="1237"/>
                  <String HEIGHT="45" WIDTH="60" VPOS="493" HPOS="1177" CONTENT="ad"/>
               </TextLine>
               <TextLine ID="r3l12"
                         BASELINE="579"
                         HEIGHT="46"
                         WIDTH="503"
                         VPOS="533"
                         HPOS="737">
                  <String HEIGHT="46"
                          WIDTH="145"
                          VPOS="533"
                          HPOS="726"
                          CONTENT="superius,"/>
                  <SP HEIGHT="46" WIDTH="11" VPOS="533" HPOS="871"/>
                  <String HEIGHT="46" WIDTH="89" VPOS="533" HPOS="838" CONTENT="ita,"/>
                  <SP HEIGHT="46" WIDTH="11" VPOS="533" HPOS="927"/>
                  <String HEIGHT="46" WIDTH="89" VPOS="533" HPOS="893" CONTENT="quod"/>
                  <SP HEIGHT="46" WIDTH="11" VPOS="533" HPOS="983"/>
                  <String HEIGHT="46" WIDTH="78" VPOS="533" HPOS="949" CONTENT="est"/>
                  <SP HEIGHT="46" WIDTH="11" VPOS="533" HPOS="1028"/>
                  <String HEIGHT="46" WIDTH="89" VPOS="533" HPOS="994" CONTENT="vbi,"/>
                  <SP HEIGHT="46" WIDTH="11" VPOS="533" HPOS="1084"/>
                  <String HEIGHT="46" WIDTH="78" VPOS="533" HPOS="1050" CONTENT="nec"/>
                  <SP HEIGHT="46" WIDTH="11" VPOS="533" HPOS="1128"/>
                  <String HEIGHT="46"
                          WIDTH="101"
                          VPOS="533"
                          HPOS="1095"
                          CONTENT="inter"/>
                  <SP HEIGHT="46" WIDTH="11" VPOS="533" HPOS="1195"/>
                  <String HEIGHT="46"
                          WIDTH="89"
                          VPOS="533"
                          HPOS="1151"
                          CONTENT="illud,"/>
               </TextLine>
               <TextLine ID="r3l13"
                         BASELINE="621"
                         HEIGHT="49"
                         WIDTH="488"
                         VPOS="572"
                         HPOS="747">
                  <String HEIGHT="49"
                          WIDTH="122"
                          VPOS="572"
                          HPOS="732"
                          CONTENT="quod"/>
                  <SP HEIGHT="49" WIDTH="15" VPOS="572" HPOS="854"/>
                  <String HEIGHT="49"
                          WIDTH="183"
                          VPOS="572"
                          HPOS="808"
                          CONTENT="mouetur,"/>
                  <SP HEIGHT="49" WIDTH="15" VPOS="572" HPOS="991"/>
                  <String HEIGHT="49" WIDTH="107" VPOS="572" HPOS="945" CONTENT="cui"/>
                  <SP HEIGHT="49" WIDTH="15" VPOS="572" HPOS="1052"/>
                  <String HEIGHT="49"
                          WIDTH="214"
                          VPOS="572"
                          HPOS="1006"
                          CONTENT="admiscetur"/>
                  <SP HEIGHT="49" WIDTH="15" VPOS="572" HPOS="1220"/>
                  <String HEIGHT="49"
                          WIDTH="76"
                          VPOS="572"
                          HPOS="1159"
                          CONTENT="va"
                          SUBS_TYPE="HypPart1"
                          SUBS_CONTENT="vacuum,"/>
                  <HYP CONTENT="-"/>
               </TextLine>
               <TextLine ID="r3l14"
                         BASELINE="661"
                         HEIGHT="49"
                         WIDTH="503"
                         VPOS="612"
                         HPOS="740">
                  <String HEIGHT="49"
                          WIDTH="141"
                          VPOS="612"
                          HPOS="724"
                          CONTENT="cuum,"
                          SUBS_TYPE="HypPart2"
                          SUBS_CONTENT="vacuum,"/>
                  <SP HEIGHT="49" WIDTH="16" VPOS="612" HPOS="866"/>
                  <String HEIGHT="49" WIDTH="79" VPOS="612" HPOS="819" CONTENT="&amp;"/>
                  <SP HEIGHT="49" WIDTH="16" VPOS="612" HPOS="897"/>
                  <String HEIGHT="49"
                          WIDTH="141"
                          VPOS="612"
                          HPOS="850"
                          CONTENT="ipsum"/>
                  <SP HEIGHT="49" WIDTH="16" VPOS="612" HPOS="992"/>
                  <String HEIGHT="49"
                          WIDTH="173"
                          VPOS="612"
                          HPOS="944"
                          CONTENT="vacuum,"/>
                  <SP HEIGHT="49" WIDTH="16" VPOS="612" HPOS="1117"/>
                  <String HEIGHT="49"
                          WIDTH="126"
                          VPOS="612"
                          HPOS="1070"
                          CONTENT="apud"/>
                  <SP HEIGHT="49" WIDTH="16" VPOS="612" HPOS="1196"/>
                  <String HEIGHT="49"
                          WIDTH="110"
                          VPOS="612"
                          HPOS="1133"
                          CONTENT="dicem"/>
               </TextLine>
               <TextLine ID="r3l15"
                         BASELINE="690"
                         HEIGHT="41"
                         WIDTH="488"
                         VPOS="649"
                         HPOS="747">
                  <String HEIGHT="41" WIDTH="100" VPOS="649" HPOS="733" CONTENT="tes"/>
                  <SP HEIGHT="41" WIDTH="14" VPOS="649" HPOS="833"/>
                  <String HEIGHT="41"
                          WIDTH="144"
                          VPOS="649"
                          HPOS="790"
                          CONTENT="vacuum"/>
                  <SP HEIGHT="41" WIDTH="14" VPOS="649" HPOS="934"/>
                  <String HEIGHT="41"
                          WIDTH="115"
                          VPOS="649"
                          HPOS="891"
                          CONTENT="esse"/>
                  <SP HEIGHT="41" WIDTH="14" VPOS="649" HPOS="1005"/>
                  <String HEIGHT="41"
                          WIDTH="144"
                          VPOS="649"
                          HPOS="962"
                          CONTENT="causam"/>
                  <SP HEIGHT="41" WIDTH="14" VPOS="649" HPOS="1106"/>
                  <String HEIGHT="41"
                          WIDTH="187"
                          VPOS="649"
                          HPOS="1048"
                          CONTENT="translatio"
                          SUBS_TYPE="HypPart1"
                          SUBS_CONTENT="translationis"/>
                  <HYP CONTENT="-"/>
               </TextLine>
               <TextLine ID="r3l16"
                         BASELINE="742"
                         HEIGHT="53"
                         WIDTH="492"
                         VPOS="689"
                         HPOS="739">
                  <String HEIGHT="53"
                          WIDTH="84"
                          VPOS="689"
                          HPOS="727"
                          CONTENT="nis"
                          SUBS_TYPE="HypPart2"
                          SUBS_CONTENT="translationis"/>
                  <SP HEIGHT="53" WIDTH="12" VPOS="689" HPOS="811"/>
                  <String HEIGHT="53" WIDTH="72" VPOS="689" HPOS="775" CONTENT="ad"/>
                  <SP HEIGHT="53" WIDTH="12" VPOS="689" HPOS="847"/>
                  <String HEIGHT="53"
                          WIDTH="156"
                          VPOS="689"
                          HPOS="811"
                          CONTENT="superius,"/>
                  <SP HEIGHT="53" WIDTH="12" VPOS="689" HPOS="967"/>
                  <String HEIGHT="53" WIDTH="96" VPOS="689" HPOS="931" CONTENT="ita,"/>
                  <SP HEIGHT="53" WIDTH="12" VPOS="689" HPOS="1027"/>
                  <String HEIGHT="53" WIDTH="96" VPOS="689" HPOS="991" CONTENT="quod"/>
                  <SP HEIGHT="53" WIDTH="12" VPOS="689" HPOS="1087"/>
                  <String HEIGHT="53" WIDTH="84" VPOS="689" HPOS="1051" CONTENT="est"/>
                  <SP HEIGHT="53" WIDTH="12" VPOS="689" HPOS="1135"/>
                  <String HEIGHT="53"
                          WIDTH="108"
                          VPOS="689"
                          HPOS="1099"
                          CONTENT="motor"/>
                  <SP HEIGHT="53" WIDTH="12" VPOS="689" HPOS="1207"/>
                  <String HEIGHT="53"
                          WIDTH="72"
                          VPOS="689"
                          HPOS="1159"
                          CONTENT="ple"
                          SUBS_TYPE="HypPart1"
                          SUBS_CONTENT="pleni."/>
                  <HYP CONTENT="-"/>
               </TextLine>
               <TextLine ID="r3l17"
                         BASELINE="782"
                         HEIGHT="55"
                         WIDTH="500"
                         VPOS="727"
                         HPOS="737">
                  <String HEIGHT="55"
                          WIDTH="92"
                          VPOS="727"
                          HPOS="724"
                          CONTENT="ni."
                          SUBS_TYPE="HypPart2"
                          SUBS_CONTENT="pleni."/>
                  <SP HEIGHT="55" WIDTH="13" VPOS="727" HPOS="816"/>
                  <String HEIGHT="55" WIDTH="79" VPOS="727" HPOS="776" CONTENT="&amp;,"/>
                  <SP HEIGHT="55" WIDTH="13" VPOS="727" HPOS="855"/>
                  <String HEIGHT="55" WIDTH="92" VPOS="727" HPOS="816" CONTENT="cum"/>
                  <SP HEIGHT="55" WIDTH="13" VPOS="727" HPOS="908"/>
                  <String HEIGHT="55"
                          WIDTH="171"
                          VPOS="727"
                          HPOS="869"
                          CONTENT="contingit"/>
                  <SP HEIGHT="55" WIDTH="13" VPOS="727" HPOS="1040"/>
                  <String HEIGHT="55"
                          WIDTH="118"
                          VPOS="727"
                          HPOS="1000"
                          CONTENT="istis"/>
                  <SP HEIGHT="55" WIDTH="13" VPOS="727" HPOS="1119"/>
                  <String HEIGHT="55"
                          WIDTH="132"
                          VPOS="727"
                          HPOS="1079"
                          CONTENT="duobus"/>
                  <SP HEIGHT="55" WIDTH="13" VPOS="727" HPOS="1211"/>
                  <String HEIGHT="55"
                          WIDTH="79"
                          VPOS="727"
                          HPOS="1158"
                          CONTENT="ser"
                          SUBS_TYPE="HypPart1"
                          SUBS_CONTENT="sermonibus"/>
                  <HYP CONTENT="-"/>
               </TextLine>
               <TextLine ID="r3l18"
                         BASELINE="810"
                         HEIGHT="42"
                         WIDTH="493"
                         VPOS="768"
                         HPOS="740">
                  <String HEIGHT="42"
                          WIDTH="143"
                          VPOS="768"
                          HPOS="727"
                          CONTENT="monibus"
                          SUBS_TYPE="HypPart2"
                          SUBS_CONTENT="sermonibus"/>
                  <SP HEIGHT="42" WIDTH="13" VPOS="768" HPOS="870"/>
                  <String HEIGHT="42" WIDTH="78" VPOS="768" HPOS="831" CONTENT="vt"/>
                  <SP HEIGHT="42" WIDTH="13" VPOS="768" HPOS="909"/>
                  <String HEIGHT="42"
                          WIDTH="117"
                          VPOS="768"
                          HPOS="870"
                          CONTENT="inter"/>
                  <SP HEIGHT="42" WIDTH="13" VPOS="768" HPOS="987"/>
                  <String HEIGHT="42"
                          WIDTH="156"
                          VPOS="768"
                          HPOS="948"
                          CONTENT="velocit."/>
                  <SP HEIGHT="42" WIDTH="13" VPOS="768" HPOS="1103"/>
                  <String HEIGHT="42"
                          WIDTH="104"
                          VPOS="768"
                          HPOS="1064"
                          CONTENT="ites"/>
                  <SP HEIGHT="42" WIDTH="13" VPOS="768" HPOS="1168"/>
                  <String HEIGHT="42" WIDTH="91" VPOS="768" HPOS="1129" CONTENT="non"/>
                  <SP HEIGHT="42" WIDTH="13" VPOS="768" HPOS="1220"/>
                  <String HEIGHT="42" WIDTH="65" VPOS="768" HPOS="1168" CONTENT="sit"/>
               </TextLine>
               <TextLine ID="r3l19"
                         BASELINE="858"
                         HEIGHT="51"
                         WIDTH="496"
                         VPOS="807"
                         HPOS="743">
                  <String HEIGHT="51"
                          WIDTH="188"
                          VPOS="807"
                          HPOS="730"
                          CONTENT="proportio,"/>
                  <SP HEIGHT="51" WIDTH="13" VPOS="807" HPOS="917"/>
                  <String HEIGHT="51" WIDTH="67" VPOS="807" HPOS="877" CONTENT="&amp;"/>
                  <SP HEIGHT="51" WIDTH="13" VPOS="807" HPOS="944"/>
                  <String HEIGHT="51"
                          WIDTH="107"
                          VPOS="807"
                          HPOS="904"
                          CONTENT="quod"/>
                  <SP HEIGHT="51" WIDTH="13" VPOS="807" HPOS="1011"/>
                  <String HEIGHT="51"
                          WIDTH="134"
                          VPOS="807"
                          HPOS="971"
                          CONTENT="vacuum"/>
                  <SP HEIGHT="51" WIDTH="13" VPOS="807" HPOS="1105"/>
                  <String HEIGHT="51"
                          WIDTH="147"
                          VPOS="807"
                          HPOS="1065"
                          CONTENT="mouetur"/>
                  <SP HEIGHT="51" WIDTH="13" VPOS="807" HPOS="1212"/>
                  <String HEIGHT="51" WIDTH="94" VPOS="807" HPOS="1172" CONTENT="non"/>
                  <SP HEIGHT="51" WIDTH="13" VPOS="807" HPOS="1266"/>
                  <String HEIGHT="51" WIDTH="27" VPOS="807" HPOS="1212" CONTENT=""/>
               </TextLine>
               <TextLine ID="r3l20"
                         BASELINE="897"
                         HEIGHT="45"
                         WIDTH="490"
                         VPOS="852"
                         HPOS="739">
                  <String HEIGHT="45" WIDTH="84" VPOS="852" HPOS="725" CONTENT="in"/>
                  <SP HEIGHT="45" WIDTH="14" VPOS="852" HPOS="809"/>
                  <String HEIGHT="45"
                          WIDTH="168"
                          VPOS="852"
                          HPOS="767"
                          CONTENT="tempore,"/>
                  <SP HEIGHT="45" WIDTH="14" VPOS="852" HPOS="935"/>
                  <String HEIGHT="45"
                          WIDTH="196"
                          VPOS="852"
                          HPOS="893"
                          CONTENT="contingent"/>
                  <SP HEIGHT="45" WIDTH="14" VPOS="852" HPOS="1089"/>
                  <String HEIGHT="45" WIDTH="98" VPOS="852" HPOS="1047" CONTENT="hae"/>
                  <SP HEIGHT="45" WIDTH="14" VPOS="852" HPOS="1145"/>
                  <String HEIGHT="45"
                          WIDTH="112"
                          VPOS="852"
                          HPOS="1103"
                          CONTENT="duae"/>
                  <SP HEIGHT="45" WIDTH="14" VPOS="852" HPOS="1215"/>
                  <String HEIGHT="45"
                          WIDTH="70"
                          VPOS="852"
                          HPOS="1159"
                          CONTENT="de"
                          SUBS_TYPE="HypPart1"
                          SUBS_CONTENT="demonstrationes"/>
                  <HYP CONTENT="-"/>
               </TextLine>
               <TextLine ID="r3l21"
                         BASELINE="937"
                         HEIGHT="52"
                         WIDTH="492"
                         VPOS="885"
                         HPOS="739">
                  <String HEIGHT="52"
                          WIDTH="239"
                          VPOS="885"
                          HPOS="725"
                          CONTENT="monstrationes"
                          SUBS_TYPE="HypPart2"
                          SUBS_CONTENT="demonstrationes"/>
                  <SP HEIGHT="52" WIDTH="14" VPOS="885" HPOS="964"/>
                  <String HEIGHT="52"
                          WIDTH="169"
                          VPOS="885"
                          HPOS="922"
                          CONTENT="similes,"/>
                  <SP HEIGHT="52" WIDTH="14" VPOS="885" HPOS="1090"/>
                  <String HEIGHT="52"
                          WIDTH="112"
                          VPOS="885"
                          HPOS="1048"
                          CONTENT="quae"/>
                  <SP HEIGHT="52" WIDTH="14" VPOS="885" HPOS="1161"/>
                  <String HEIGHT="52"
                          WIDTH="127"
                          VPOS="885"
                          HPOS="1104"
                          CONTENT="contin"
                          SUBS_TYPE="HypPart1"
                          SUBS_CONTENT="contingunt"/>
                  <HYP CONTENT="-"/>
               </TextLine>
               <TextLine ID="r3l22"
                         BASELINE="973"
                         HEIGHT="49"
                         WIDTH="504"
                         VPOS="924"
                         HPOS="734">
                  <String HEIGHT="49"
                          WIDTH="96"
                          VPOS="924"
                          HPOS="722"
                          CONTENT="gunt"
                          SUBS_TYPE="HypPart2"
                          SUBS_CONTENT="contingunt"/>
                  <SP HEIGHT="49" WIDTH="12" VPOS="924" HPOS="818"/>
                  <String HEIGHT="49"
                          WIDTH="108"
                          VPOS="924"
                          HPOS="782"
                          CONTENT="illis"/>
                  <SP HEIGHT="49" WIDTH="12" VPOS="924" HPOS="890"/>
                  <String HEIGHT="49"
                          WIDTH="144"
                          VPOS="924"
                          HPOS="854"
                          CONTENT="scilicet"/>
                  <SP HEIGHT="49" WIDTH="12" VPOS="924" HPOS="998"/>
                  <String HEIGHT="49"
                          WIDTH="216"
                          VPOS="924"
                          HPOS="962"
                          CONTENT="demonstrationi"/>
                  <SP HEIGHT="49" WIDTH="12" VPOS="924" HPOS="1178"/>
                  <String HEIGHT="49"
                          WIDTH="108"
                          VPOS="924"
                          HPOS="1130"
                          CONTENT="inducem"/>
               </TextLine>
               <TextLine ID="r3l23"
                         BASELINE="1002"
                         HEIGHT="41"
                         WIDTH="498"
                         VPOS="961"
                         HPOS="735">
                  <String HEIGHT="41" WIDTH="81" VPOS="961" HPOS="722" CONTENT="ti"/>
                  <SP HEIGHT="41" WIDTH="13" VPOS="961" HPOS="802"/>
                  <String HEIGHT="41" WIDTH="81" VPOS="961" HPOS="762" CONTENT="ad"/>
                  <SP HEIGHT="41" WIDTH="13" VPOS="961" HPOS="843"/>
                  <String HEIGHT="41"
                          WIDTH="108"
                          VPOS="961"
                          HPOS="802"
                          CONTENT="hoc,"/>
                  <SP HEIGHT="41" WIDTH="13" VPOS="961" HPOS="910"/>
                  <String HEIGHT="41"
                          WIDTH="108"
                          VPOS="961"
                          HPOS="870"
                          CONTENT="quod"/>
                  <SP HEIGHT="41" WIDTH="13" VPOS="961" HPOS="977"/>
                  <String HEIGHT="41"
                          WIDTH="121"
                          VPOS="961"
                          HPOS="937"
                          CONTENT="motus"/>
                  <SP HEIGHT="41" WIDTH="13" VPOS="961" HPOS="1058"/>
                  <String HEIGHT="41" WIDTH="94" VPOS="961" HPOS="1018" CONTENT="sit"/>
                  <SP HEIGHT="41" WIDTH="13" VPOS="961" HPOS="1112"/>
                  <String HEIGHT="41" WIDTH="94" VPOS="961" HPOS="1071" CONTENT="non"/>
                  <SP HEIGHT="41" WIDTH="13" VPOS="961" HPOS="1166"/>
                  <String HEIGHT="41" WIDTH="81" VPOS="961" HPOS="1125" CONTENT="in"/>
                  <SP HEIGHT="41" WIDTH="13" VPOS="961" HPOS="1206"/>
                  <String HEIGHT="41"
                          WIDTH="81"
                          VPOS="961"
                          HPOS="1152"
                          CONTENT="ten"
                          SUBS_TYPE="HypPart1"
                          SUBS_CONTENT="tenpore,"/>
                  <HYP CONTENT="-"/>
               </TextLine>
               <TextLine ID="r3l24"
                         BASELINE="1050"
                         HEIGHT="47"
                         WIDTH="492"
                         VPOS="1003"
                         HPOS="740">
                  <String HEIGHT="47"
                          WIDTH="138"
                          VPOS="1003"
                          HPOS="725"
                          CONTENT="pore,"
                          SUBS_TYPE="HypPart2"
                          SUBS_CONTENT="tenpore,"/>
                  <SP HEIGHT="47" WIDTH="15" VPOS="1003" HPOS="863"/>
                  <String HEIGHT="47" WIDTH="77" VPOS="1003" HPOS="817" CONTENT="&amp;"/>
                  <SP HEIGHT="47" WIDTH="15" VPOS="1003" HPOS="894"/>
                  <String HEIGHT="47"
                          WIDTH="277"
                          VPOS="1003"
                          HPOS="848"
                          CONTENT="demonstrationi"/>
                  <SP HEIGHT="47" WIDTH="15" VPOS="1003" HPOS="1124"/>
                  <String HEIGHT="47"
                          WIDTH="169"
                          VPOS="1003"
                          HPOS="1063"
                          CONTENT="inducenti"/>
               </TextLine>
               <TextLine ID="r3l25"
                         BASELINE="1083"
                         HEIGHT="45"
                         WIDTH="495"
                         VPOS="1038"
                         HPOS="735">
                  <String HEIGHT="45" WIDTH="85" VPOS="1038" HPOS="721" CONTENT="ad"/>
                  <SP HEIGHT="45" WIDTH="14" VPOS="1038" HPOS="806"/>
                  <String HEIGHT="45"
                          WIDTH="113"
                          VPOS="1038"
                          HPOS="763"
                          CONTENT="hoc,"/>
                  <SP HEIGHT="45" WIDTH="14" VPOS="1038" HPOS="876"/>
                  <String HEIGHT="45"
                          WIDTH="113"
                          VPOS="1038"
                          HPOS="834"
                          CONTENT="quod"/>
                  <SP HEIGHT="45" WIDTH="14" VPOS="1038" HPOS="947"/>
                  <String HEIGHT="45"
                          WIDTH="113"
                          VPOS="1038"
                          HPOS="905"
                          CONTENT="idem"/>
                  <SP HEIGHT="45" WIDTH="14" VPOS="1038" HPOS="1018"/>
                  <String HEIGHT="45"
                          WIDTH="127"
                          VPOS="1038"
                          HPOS="975"
                          CONTENT="motum"/>
                  <SP HEIGHT="45" WIDTH="14" VPOS="1038" HPOS="1103"/>
                  <String HEIGHT="45"
                          WIDTH="170"
                          VPOS="1038"
                          HPOS="1060"
                          CONTENT="moueatur"/>
                  <SP HEIGHT="45" WIDTH="14" VPOS="1038" HPOS="1230"/>
                  <String HEIGHT="45" WIDTH="57" VPOS="1038" HPOS="1173" CONTENT="in"/>
               </TextLine>
               <TextLine ID="r3l26"
                         BASELINE="1123"
                         HEIGHT="44"
                         WIDTH="494"
                         VPOS="1079"
                         HPOS="740">
                  <String HEIGHT="44"
                          WIDTH="141"
                          VPOS="1079"
                          HPOS="726"
                          CONTENT="vacuo,"/>
                  <SP HEIGHT="44" WIDTH="14" VPOS="1079" HPOS="867"/>
                  <String HEIGHT="44" WIDTH="71" VPOS="1079" HPOS="825" CONTENT="&amp;"/>
                  <SP HEIGHT="44" WIDTH="14" VPOS="1079" HPOS="895"/>
                  <String HEIGHT="44"
                          WIDTH="141"
                          VPOS="1079"
                          HPOS="853"
                          CONTENT="pleno,"/>
                  <SP HEIGHT="44" WIDTH="14" VPOS="1079" HPOS="994"/>
                  <String HEIGHT="44"
                          WIDTH="127"
                          VPOS="1079"
                          HPOS="952"
                          CONTENT="eodem"/>
                  <SP HEIGHT="44" WIDTH="14" VPOS="1079" HPOS="1079"/>
                  <String HEIGHT="44"
                          WIDTH="155"
                          VPOS="1079"
                          HPOS="1036"
                          CONTENT="spatio,"/>
                  <SP HEIGHT="44" WIDTH="14" VPOS="1079" HPOS="1192"/>
                  <String HEIGHT="44" WIDTH="71" VPOS="1079" HPOS="1149" CONTENT="&amp;"/>
                  <SP HEIGHT="44" WIDTH="14" VPOS="1079" HPOS="1220"/>
                  <String HEIGHT="44" WIDTH="85" VPOS="1079" HPOS="1178" CONTENT="in"/>
                  <SP HEIGHT="44" WIDTH="14" VPOS="1079" HPOS="1262"/>
                  <String HEIGHT="44" WIDTH="28" VPOS="1079" HPOS="1206" CONTENT=""/>
               </TextLine>
               <TextLine ID="r3l27"
                         BASELINE="1162"
                         HEIGHT="46"
                         WIDTH="492"
                         VPOS="1116"
                         HPOS="741">
                  <String HEIGHT="46"
                          WIDTH="108"
                          VPOS="1116"
                          HPOS="729"
                          CONTENT="eodem"/>
                  <SP HEIGHT="46" WIDTH="12" VPOS="1116" HPOS="837"/>
                  <String HEIGHT="46"
                          WIDTH="144"
                          VPOS="1116"
                          HPOS="801"
                          CONTENT="tempore."/>
                  <SP HEIGHT="46" WIDTH="12" VPOS="1116" HPOS="945"/>
                  <String HEIGHT="46"
                          WIDTH="156"
                          VPOS="1116"
                          HPOS="909"
                          CONTENT="contingit"/>
                  <SP HEIGHT="46" WIDTH="12" VPOS="1116" HPOS="1065"/>
                  <String HEIGHT="46"
                          WIDTH="96"
                          VPOS="1116"
                          HPOS="1029"
                          CONTENT="enim"/>
                  <SP HEIGHT="46" WIDTH="12" VPOS="1116" HPOS="1125"/>
                  <String HEIGHT="46"
                          WIDTH="108"
                          VPOS="1116"
                          HPOS="1089"
                          CONTENT="istis"/>
                  <SP HEIGHT="46" WIDTH="12" VPOS="1116" HPOS="1197"/>
                  <String HEIGHT="46"
                          WIDTH="96"
                          VPOS="1116"
                          HPOS="1161"
                          CONTENT="quod"/>
                  <SP HEIGHT="46" WIDTH="12" VPOS="1116" HPOS="1257"/>
                  <String HEIGHT="46" WIDTH="24" VPOS="1116" HPOS="1209" CONTENT=""/>
               </TextLine>
               <TextLine ID="r3l28"
                         BASELINE="1195"
                         HEIGHT="40"
                         WIDTH="500"
                         VPOS="1155"
                         HPOS="738">
                  <String HEIGHT="40"
                          WIDTH="172"
                          VPOS="1155"
                          HPOS="722"
                          CONTENT="plenum,"/>
                  <SP HEIGHT="40" WIDTH="16" VPOS="1155" HPOS="894"/>
                  <String HEIGHT="40" WIDTH="78" VPOS="1155" HPOS="847" CONTENT="&amp;"/>
                  <SP HEIGHT="40" WIDTH="16" VPOS="1155" HPOS="926"/>
                  <String HEIGHT="40"
                          WIDTH="156"
                          VPOS="1155"
                          HPOS="879"
                          CONTENT="vacuum"/>
                  <SP HEIGHT="40" WIDTH="16" VPOS="1155" HPOS="1035"/>
                  <String HEIGHT="40"
                          WIDTH="203"
                          VPOS="1155"
                          HPOS="988"
                          CONTENT="moueantur"/>
                  <SP HEIGHT="40" WIDTH="16" VPOS="1155" HPOS="1191"/>
                  <String HEIGHT="40"
                          WIDTH="109"
                          VPOS="1155"
                          HPOS="1129"
                          CONTENT="eodem"/>
               </TextLine>
               <TextLine ID="r3l29"
                         BASELINE="1248"
                         HEIGHT="56"
                         WIDTH="496"
                         VPOS="1192"
                         HPOS="737">
                  <String HEIGHT="56"
                          WIDTH="156"
                          VPOS="1192"
                          HPOS="723"
                          CONTENT="spatio,"/>
                  <SP HEIGHT="56" WIDTH="14" VPOS="1192" HPOS="879"/>
                  <String HEIGHT="56" WIDTH="85" VPOS="1192" HPOS="836" CONTENT="in"/>
                  <SP HEIGHT="56" WIDTH="14" VPOS="1192" HPOS="921"/>
                  <String HEIGHT="56"
                          WIDTH="128"
                          VPOS="1192"
                          HPOS="879"
                          CONTENT="eodem"/>
                  <SP HEIGHT="56" WIDTH="14" VPOS="1192" HPOS="1006"/>
                  <String HEIGHT="56"
                          WIDTH="170"
                          VPOS="1192"
                          HPOS="964"
                          CONTENT="tempore."/>
                  <SP HEIGHT="56" WIDTH="14" VPOS="1192" HPOS="1134"/>
                  <String HEIGHT="56"
                          WIDTH="99"
                          VPOS="1192"
                          HPOS="1091"
                          CONTENT="Hae"/>
                  <SP HEIGHT="56" WIDTH="14" VPOS="1192" HPOS="1190"/>
                  <String HEIGHT="56"
                          WIDTH="99"
                          VPOS="1192"
                          HPOS="1134"
                          CONTENT="igitu"/>
               </TextLine>
               <TextLine ID="r3l30"
                         BASELINE="1274"
                         HEIGHT="39"
                         WIDTH="501"
                         VPOS="1235"
                         HPOS="735">
                  <String HEIGHT="39"
                          WIDTH="103"
                          VPOS="1235"
                          HPOS="722"
                          CONTENT="duae"/>
                  <SP HEIGHT="39" WIDTH="13" VPOS="1235" HPOS="825"/>
                  <String HEIGHT="39"
                          WIDTH="167"
                          VPOS="1235"
                          HPOS="786"
                          CONTENT="rationes,"/>
                  <SP HEIGHT="39" WIDTH="13" VPOS="1235" HPOS="953"/>
                  <String HEIGHT="39"
                          WIDTH="116"
                          VPOS="1235"
                          HPOS="915"
                          CONTENT="sicut"/>
                  <SP HEIGHT="39" WIDTH="13" VPOS="1235" HPOS="1030"/>
                  <String HEIGHT="39"
                          WIDTH="128"
                          VPOS="1235"
                          HPOS="992"
                          CONTENT="dixit,"/>
                  <SP HEIGHT="39" WIDTH="13" VPOS="1235" HPOS="1120"/>
                  <String HEIGHT="39"
                          WIDTH="103"
                          VPOS="1235"
                          HPOS="1082"
                          CONTENT="sunt"/>
                  <SP HEIGHT="39" WIDTH="13" VPOS="1235" HPOS="1185"/>
                  <String HEIGHT="39"
                          WIDTH="103"
                          VPOS="1235"
                          HPOS="1133"
                          CONTENT="eaedem"/>
               </TextLine>
               <TextLine ID="r3l31"
                         BASELINE="1313"
                         HEIGHT="36"
                         WIDTH="492"
                         VPOS="1277"
                         HPOS="739">
                  <String HEIGHT="36"
                          WIDTH="155"
                          VPOS="1277"
                          HPOS="726"
                          CONTENT="secundum"/>
                  <SP HEIGHT="36" WIDTH="13" VPOS="1277" HPOS="881"/>
                  <String HEIGHT="36"
                          WIDTH="233"
                          VPOS="1277"
                          HPOS="843"
                          CONTENT="similitudiiem,"/>
                  <SP HEIGHT="36" WIDTH="13" VPOS="1277" HPOS="1076"/>
                  <String HEIGHT="36" WIDTH="65" VPOS="1277" HPOS="1037" CONTENT="&amp;"/>
                  <SP HEIGHT="36" WIDTH="13" VPOS="1277" HPOS="1102"/>
                  <String HEIGHT="36"
                          WIDTH="155"
                          VPOS="1277"
                          HPOS="1063"
                          CONTENT="terminus"/>
                  <SP HEIGHT="36" WIDTH="13" VPOS="1277" HPOS="1218"/>
                  <String HEIGHT="36"
                          WIDTH="65"
                          VPOS="1277"
                          HPOS="1166"
                          CONTENT="me"
                          SUBS_TYPE="HypPart1"
                          SUBS_CONTENT="medius"/>
                  <HYP CONTENT="-"/>
               </TextLine>
               <TextLine ID="r3l32"
                         BASELINE="1354"
                         HEIGHT="42"
                         WIDTH="422"
                         VPOS="1312"
                         HPOS="737">
                  <String HEIGHT="42"
                          WIDTH="94"
                          VPOS="1312"
                          HPOS="725"
                          CONTENT="dius"
                          SUBS_TYPE="HypPart2"
                          SUBS_CONTENT="medius"/>
                  <SP HEIGHT="42" WIDTH="12" VPOS="1312" HPOS="819"/>
                  <String HEIGHT="42" WIDTH="70" VPOS="1312" HPOS="784" CONTENT="in"/>
                  <SP HEIGHT="42" WIDTH="12" VPOS="1312" HPOS="854"/>
                  <String HEIGHT="42" WIDTH="82" VPOS="1312" HPOS="819" CONTENT="eis"/>
                  <SP HEIGHT="42" WIDTH="12" VPOS="1312" HPOS="901"/>
                  <String HEIGHT="42" WIDTH="82" VPOS="1312" HPOS="866" CONTENT="est"/>
                  <SP HEIGHT="42" WIDTH="12" VPOS="1312" HPOS="948"/>
                  <String HEIGHT="42"
                          WIDTH="94"
                          VPOS="1312"
                          HPOS="913"
                          CONTENT="idem"/>
                  <SP HEIGHT="42" WIDTH="12" VPOS="1312" HPOS="1007"/>
                  <String HEIGHT="42"
                          WIDTH="141"
                          VPOS="1312"
                          HPOS="971"
                          CONTENT="secundum"/>
                  <SP HEIGHT="42" WIDTH="12" VPOS="1312" HPOS="1112"/>
                  <String HEIGHT="42"
                          WIDTH="94"
                          VPOS="1312"
                          HPOS="1065"
                          CONTENT="genus."/>
               </TextLine>
               <TextLine ID="r3l33"
                         BASELINE="1414"
                         HEIGHT="57"
                         WIDTH="476"
                         VPOS="1357"
                         HPOS="751">
                  <String HEIGHT="57"
                          WIDTH="106"
                          VPOS="1357"
                          HPOS="738"
                          CONTENT="Quod"/>
                  <SP HEIGHT="57" WIDTH="13" VPOS="1357" HPOS="844"/>
                  <String HEIGHT="57" WIDTH="93" VPOS="1357" HPOS="804" CONTENT="non"/>
                  <SP HEIGHT="57" WIDTH="13" VPOS="1357" HPOS="896"/>
                  <String HEIGHT="57"
                          WIDTH="132"
                          VPOS="1357"
                          HPOS="857"
                          CONTENT="absque"/>
                  <SP HEIGHT="57" WIDTH="13" VPOS="1357" HPOS="989"/>
                  <String HEIGHT="57"
                          WIDTH="145"
                          VPOS="1357"
                          HPOS="949"
                          CONTENT="ratione"/>
                  <SP HEIGHT="57" WIDTH="13" VPOS="1357" HPOS="1095"/>
                  <String HEIGHT="57"
                          WIDTH="159"
                          VPOS="1357"
                          HPOS="1055"
                          CONTENT="dubitent"/>
                  <SP HEIGHT="57" WIDTH="13" VPOS="1357" HPOS="1214"/>
                  <String HEIGHT="57"
                          WIDTH="66"
                          VPOS="1357"
                          HPOS="1161"
                          CONTENT="po"
                          SUBS_TYPE="HypPart1"
                          SUBS_CONTENT="ponentes"/>
                  <HYP CONTENT="-"/>
               </TextLine>
               <TextLine ID="r3l34"
                         BASELINE="1453"
                         HEIGHT="53"
                         WIDTH="418"
                         VPOS="1400"
                         HPOS="775">
                  <String HEIGHT="53"
                          WIDTH="131"
                          VPOS="1400"
                          HPOS="762"
                          CONTENT="nentes"
                          SUBS_TYPE="HypPart2"
                          SUBS_CONTENT="ponentes"/>
                  <SP HEIGHT="53" WIDTH="13" VPOS="1400" HPOS="893"/>
                  <String HEIGHT="53"
                          WIDTH="131"
                          VPOS="1400"
                          HPOS="853"
                          CONTENT="Vacuum"/>
                  <SP HEIGHT="53" WIDTH="13" VPOS="1400" HPOS="984"/>
                  <String HEIGHT="53"
                          WIDTH="118"
                          VPOS="1400"
                          HPOS="945"
                          CONTENT="esse,"/>
                  <SP HEIGHT="53" WIDTH="13" VPOS="1400" HPOS="1062"/>
                  <String HEIGHT="53"
                          WIDTH="157"
                          VPOS="1400"
                          HPOS="1023"
                          CONTENT="earumque"/>
                  <SP HEIGHT="53" WIDTH="13" VPOS="1400" HPOS="1180"/>
                  <String HEIGHT="53"
                          WIDTH="65"
                          VPOS="1400"
                          HPOS="1128"
                          CONTENT="du"
                          SUBS_TYPE="HypPart1"
                          SUBS_CONTENT="dubitationum"/>
                  <HYP CONTENT="-"/>
               </TextLine>
               <TextLine ID="r3l35"
                         BASELINE="1490"
                         HEIGHT="50"
                         WIDTH="348"
                         VPOS="1440"
                         HPOS="810">
                  <String HEIGHT="50"
                          WIDTH="174"
                          VPOS="1440"
                          HPOS="798"
                          CONTENT="bitationum"
                          SUBS_TYPE="HypPart2"
                          SUBS_CONTENT="dubitationum"/>
                  <SP HEIGHT="50" WIDTH="12" VPOS="1440" HPOS="972"/>
                  <String HEIGHT="50"
                          WIDTH="149"
                          VPOS="1440"
                          HPOS="934"
                          CONTENT="solutio."/>
                  <SP HEIGHT="50" WIDTH="12" VPOS="1440" HPOS="1083"/>
                  <String HEIGHT="50"
                          WIDTH="99"
                          VPOS="1440"
                          HPOS="1046"
                          CONTENT="Cap,"/>
                  <SP HEIGHT="50" WIDTH="12" VPOS="1440" HPOS="1146"/>
                  <String HEIGHT="50" WIDTH="75" VPOS="1440" HPOS="1108" CONTENT="6."/>
                  <SP HEIGHT="50" WIDTH="12" VPOS="1440" HPOS="1183"/>
                  <String HEIGHT="50" WIDTH="25" VPOS="1440" HPOS="1133" CONTENT=""/>
               </TextLine>
               <TextLine ID="r3l36"
                         BASELINE="1522"
                         HEIGHT="46"
                         WIDTH="368"
                         VPOS="1476"
                         HPOS="870">
                  <String HEIGHT="46"
                          WIDTH="194"
                          VPOS="1476"
                          HPOS="851"
                          CONTENT="Voniam"/>
                  <SP HEIGHT="46" WIDTH="19" VPOS="1476" HPOS="1044"/>
                  <String HEIGHT="46"
                          WIDTH="174"
                          VPOS="1476"
                          HPOS="986"
                          CONTENT="autem"/>
                  <SP HEIGHT="46" WIDTH="19" VPOS="1476" HPOS="1161"/>
                  <String HEIGHT="46"
                          WIDTH="155"
                          VPOS="1476"
                          HPOS="1083"
                          CONTENT="vacuum"/>
               </TextLine>
               <TextLine ID="r3l37"
                         BASELINE="1565"
                         HEIGHT="42"
                         WIDTH="374"
                         VPOS="1523"
                         HPOS="861">
                  <String HEIGHT="42"
                          WIDTH="170"
                          VPOS="1523"
                          HPOS="844"
                          CONTENT="quidem"/>
                  <SP HEIGHT="42" WIDTH="17" VPOS="1523" HPOS="1014"/>
                  <String HEIGHT="42"
                          WIDTH="119"
                          VPOS="1523"
                          HPOS="963"
                          CONTENT="non"/>
                  <SP HEIGHT="42" WIDTH="17" VPOS="1523" HPOS="1082"/>
                  <String HEIGHT="42"
                          WIDTH="187"
                          VPOS="1523"
                          HPOS="1031"
                          CONTENT="dicimus"/>
                  <SP HEIGHT="42" WIDTH="17" VPOS="1523" HPOS="1218"/>
                  <String HEIGHT="42" WIDTH="85" VPOS="1523" HPOS="1150" CONTENT="es"/>
               </TextLine>
               <TextLine ID="r3l38"
                         BASELINE="1621"
                         HEIGHT="57"
                         WIDTH="372"
                         VPOS="1564"
                         HPOS="863">
                  <String HEIGHT="57"
                          WIDTH="68"
                          VPOS="1564"
                          HPOS="846"
                          CONTENT=""
                          SUBS_TYPE="HypPart2"
                          SUBS_CONTENT="es"/>
                  <SP HEIGHT="57" WIDTH="17" VPOS="1564" HPOS="914"/>
                  <String HEIGHT="57"
                          WIDTH="118"
                          VPOS="1564"
                          HPOS="863"
                          CONTENT="se,"/>
                  <SP HEIGHT="57" WIDTH="17" VPOS="1564" HPOS="981"/>
                  <String HEIGHT="57"
                          WIDTH="135"
                          VPOS="1564"
                          HPOS="931"
                          CONTENT="alia"/>
                  <SP HEIGHT="57" WIDTH="17" VPOS="1564" HPOS="1066"/>
                  <String HEIGHT="57"
                          WIDTH="135"
                          VPOS="1564"
                          HPOS="1015"
                          CONTENT="vero"/>
                  <SP HEIGHT="57" WIDTH="17" VPOS="1564" HPOS="1150"/>
                  <String HEIGHT="57"
                          WIDTH="152"
                          VPOS="1564"
                          HPOS="1083"
                          CONTENT="dubita"
                          SUBS_TYPE="HypPart1"
                          SUBS_CONTENT="dubitata"/>
                  <HYP CONTENT="-"/>
               </TextLine>
               <TextLine ID="r3l39"
                         BASELINE="1650"
                         HEIGHT="37"
                         WIDTH="486"
                         VPOS="1613"
                         HPOS="741">
                  <String HEIGHT="37"
                          WIDTH="88"
                          VPOS="1613"
                          HPOS="726"
                          CONTENT="ta"
                          SUBS_TYPE="HypPart2"
                          SUBS_CONTENT="dubitata"/>
                  <SP HEIGHT="37" WIDTH="15" VPOS="1613" HPOS="815"/>
                  <String HEIGHT="37"
                          WIDTH="118"
                          VPOS="1613"
                          HPOS="770"
                          CONTENT="sunt"/>
                  <SP HEIGHT="37" WIDTH="15" VPOS="1613" HPOS="888"/>
                  <String HEIGHT="37"
                          WIDTH="133"
                          VPOS="1613"
                          HPOS="844"
                          CONTENT="vere,"/>
                  <SP HEIGHT="37" WIDTH="15" VPOS="1613" HPOS="977"/>
                  <String HEIGHT="37"
                          WIDTH="103"
                          VPOS="1613"
                          HPOS="932"
                          CONTENT="aut"/>
                  <SP HEIGHT="37" WIDTH="15" VPOS="1613" HPOS="1036"/>
                  <String HEIGHT="37"
                          WIDTH="133"
                          VPOS="1613"
                          HPOS="991"
                          CONTENT="motus"/>
                  <SP HEIGHT="37" WIDTH="15" VPOS="1613" HPOS="1124"/>
                  <String HEIGHT="37"
                          WIDTH="103"
                          VPOS="1613"
                          HPOS="1080"
                          CONTENT="non"/>
                  <SP HEIGHT="37" WIDTH="15" VPOS="1613" HPOS="1183"/>
                  <String HEIGHT="37"
                          WIDTH="103"
                          VPOS="1613"
                          HPOS="1124"
                          CONTENT="erit."/>
               </TextLine>
               <TextLine ID="r3l40"
                         BASELINE="1691"
                         HEIGHT="36"
                         WIDTH="505"
                         VPOS="1655"
                         HPOS="734">
                  <String HEIGHT="36" WIDTH="87" VPOS="1655" HPOS="720" CONTENT="si"/>
                  <SP HEIGHT="36" WIDTH="14" VPOS="1655" HPOS="806"/>
                  <String HEIGHT="36"
                          WIDTH="101"
                          VPOS="1655"
                          HPOS="763"
                          CONTENT="non"/>
                  <SP HEIGHT="36" WIDTH="14" VPOS="1655" HPOS="864"/>
                  <String HEIGHT="36"
                          WIDTH="115"
                          VPOS="1655"
                          HPOS="821"
                          CONTENT="erit"/>
                  <SP HEIGHT="36" WIDTH="14" VPOS="1655" HPOS="936"/>
                  <String HEIGHT="36"
                          WIDTH="173"
                          VPOS="1655"
                          HPOS="893"
                          CONTENT="desitas,"/>
                  <SP HEIGHT="36" WIDTH="14" VPOS="1655" HPOS="1066"/>
                  <String HEIGHT="36" WIDTH="72" VPOS="1655" HPOS="1023" CONTENT="&amp;"/>
                  <SP HEIGHT="36" WIDTH="14" VPOS="1655" HPOS="1095"/>
                  <String HEIGHT="36"
                          WIDTH="173"
                          VPOS="1655"
                          HPOS="1051"
                          CONTENT="raritas,"/>
                  <SP HEIGHT="36" WIDTH="14" VPOS="1655" HPOS="1225"/>
                  <String HEIGHT="36"
                          WIDTH="72"
                          VPOS="1655"
                          HPOS="1167"
                          CONTENT="aut"/>
               </TextLine>
               <TextLine ID="r3l41"
                         BASELINE="1743"
                         HEIGHT="50"
                         WIDTH="500"
                         VPOS="1693"
                         HPOS="733">
                  <String HEIGHT="50"
                          WIDTH="233"
                          VPOS="1693"
                          HPOS="716"
                          CONTENT="fluctuabit"/>
                  <SP HEIGHT="50" WIDTH="17" VPOS="1693" HPOS="950"/>
                  <String HEIGHT="50"
                          WIDTH="183"
                          VPOS="1693"
                          HPOS="900"
                          CONTENT="coelum,"/>
                  <SP HEIGHT="50" WIDTH="17" VPOS="1693" HPOS="1083"/>
                  <String HEIGHT="50"
                          WIDTH="117"
                          VPOS="1693"
                          HPOS="1033"
                          CONTENT="aut"/>
                  <SP HEIGHT="50" WIDTH="17" VPOS="1693" HPOS="1150"/>
                  <String HEIGHT="50"
                          WIDTH="150"
                          VPOS="1693"
                          HPOS="1083"
                          CONTENT="semper"
                          SUBS_TYPE="HypPart1"
                          SUBS_CONTENT="semperaequalis"/>
                  <HYP CONTENT="-"/>
               </TextLine>
               <TextLine ID="r3l42"
                         BASELINE="1787"
                         HEIGHT="46"
                         WIDTH="507"
                         VPOS="1741"
                         HPOS="732">
                  <String HEIGHT="46"
                          WIDTH="179"
                          VPOS="1741"
                          HPOS="717"
                          CONTENT="aequalis"
                          SUBS_TYPE="HypPart2"
                          SUBS_CONTENT="semperaequalis"/>
                  <SP HEIGHT="46" WIDTH="15" VPOS="1741" HPOS="896"/>
                  <String HEIGHT="46"
                          WIDTH="119"
                          VPOS="1741"
                          HPOS="851"
                          CONTENT="aqua"/>
                  <SP HEIGHT="46" WIDTH="15" VPOS="1741" HPOS="971"/>
                  <String HEIGHT="46" WIDTH="89" VPOS="1741" HPOS="926" CONTENT="ex"/>
                  <SP HEIGHT="46" WIDTH="15" VPOS="1741" HPOS="1015"/>
                  <String HEIGHT="46"
                          WIDTH="119"
                          VPOS="1741"
                          HPOS="971"
                          CONTENT="aere"/>
                  <SP HEIGHT="46" WIDTH="15" VPOS="1741" HPOS="1090"/>
                  <String HEIGHT="46"
                          WIDTH="134"
                          VPOS="1741"
                          HPOS="1045"
                          CONTENT="erit,"/>
                  <SP HEIGHT="46" WIDTH="15" VPOS="1741" HPOS="1179"/>
                  <String HEIGHT="46" WIDTH="75" VPOS="1741" HPOS="1135" CONTENT="&amp;"/>
                  <SP HEIGHT="46" WIDTH="15" VPOS="1741" HPOS="1209"/>
                  <String HEIGHT="46"
                          WIDTH="89"
                          VPOS="1741"
                          HPOS="1150"
                          CONTENT="aer"
                          SUBS_TYPE="HypPart1"
                          SUBS_CONTENT="aerex"/>
                  <HYP CONTENT="-"/>
               </TextLine>
               <TextLine ID="r3l43"
                         BASELINE="1827"
                         HEIGHT="50"
                         WIDTH="504"
                         VPOS="1777"
                         HPOS="731">
                  <String HEIGHT="50"
                          WIDTH="92"
                          VPOS="1777"
                          HPOS="716"
                          CONTENT="ex"
                          SUBS_TYPE="HypPart2"
                          SUBS_CONTENT="aerex"/>
                  <SP HEIGHT="50" WIDTH="15" VPOS="1777" HPOS="807"/>
                  <String HEIGHT="50"
                          WIDTH="137"
                          VPOS="1777"
                          HPOS="762"
                          CONTENT="aqua."/>
                  <SP HEIGHT="50" WIDTH="15" VPOS="1777" HPOS="899"/>
                  <String HEIGHT="50"
                          WIDTH="214"
                          VPOS="1777"
                          HPOS="853"
                          CONTENT="manifestum"/>
                  <SP HEIGHT="50" WIDTH="15" VPOS="1777" HPOS="1067"/>
                  <String HEIGHT="50"
                          WIDTH="122"
                          VPOS="1777"
                          HPOS="1021"
                          CONTENT="enim"/>
                  <SP HEIGHT="50" WIDTH="15" VPOS="1777" HPOS="1143"/>
                  <String HEIGHT="50"
                          WIDTH="107"
                          VPOS="1777"
                          HPOS="1098"
                          CONTENT="est"/>
                  <SP HEIGHT="50" WIDTH="15" VPOS="1777" HPOS="1204"/>
                  <String HEIGHT="50"
                          WIDTH="92"
                          VPOS="1777"
                          HPOS="1143"
                          CONTENT="quod"/>
               </TextLine>
               <TextLine ID="r3l44"
                         BASELINE="1870"
                         HEIGHT="49"
                         WIDTH="500"
                         VPOS="1821"
                         HPOS="738">
                  <String HEIGHT="49"
                          WIDTH="129"
                          VPOS="1821"
                          HPOS="722"
                          CONTENT="plus"/>
                  <SP HEIGHT="49" WIDTH="16" VPOS="1821" HPOS="851"/>
                  <String HEIGHT="49"
                          WIDTH="145"
                          VPOS="1821"
                          HPOS="803"
                          CONTENT="aeris"/>
                  <SP HEIGHT="49" WIDTH="16" VPOS="1821" HPOS="948"/>
                  <String HEIGHT="49" WIDTH="97" VPOS="1821" HPOS="899" CONTENT="ex"/>
                  <SP HEIGHT="49" WIDTH="16" VPOS="1821" HPOS="996"/>
                  <String HEIGHT="49"
                          WIDTH="129"
                          VPOS="1821"
                          HPOS="948"
                          CONTENT="aqua"/>
                  <SP HEIGHT="49" WIDTH="16" VPOS="1821" HPOS="1077"/>
                  <String HEIGHT="49"
                          WIDTH="129"
                          VPOS="1821"
                          HPOS="1028"
                          CONTENT="fit."/>
                  <SP HEIGHT="49" WIDTH="16" VPOS="1821" HPOS="1157"/>
                  <String HEIGHT="49"
                          WIDTH="145"
                          VPOS="1821"
                          HPOS="1093"
                          CONTENT="Necesse"/>
               </TextLine>
               <TextLine ID="r3l45"
                         BASELINE="1914"
                         HEIGHT="53"
                         WIDTH="494"
                         VPOS="1861"
                         HPOS="739">
                  <String HEIGHT="53" WIDTH="99" VPOS="1861" HPOS="725" CONTENT="est"/>
                  <SP HEIGHT="53" WIDTH="14" VPOS="1861" HPOS="824"/>
                  <String HEIGHT="53"
                          WIDTH="155"
                          VPOS="1861"
                          HPOS="781"
                          CONTENT="igitur,"/>
                  <SP HEIGHT="53" WIDTH="14" VPOS="1861" HPOS="937"/>
                  <String HEIGHT="53" WIDTH="85" VPOS="1861" HPOS="894" CONTENT="si"/>
                  <SP HEIGHT="53" WIDTH="14" VPOS="1861" HPOS="979"/>
                  <String HEIGHT="53" WIDTH="99" VPOS="1861" HPOS="937" CONTENT="non"/>
                  <SP HEIGHT="53" WIDTH="14" VPOS="1861" HPOS="1035"/>
                  <String HEIGHT="53" WIDTH="99" VPOS="1861" HPOS="993" CONTENT="est"/>
                  <SP HEIGHT="53" WIDTH="14" VPOS="1861" HPOS="1092"/>
                  <String HEIGHT="53"
                          WIDTH="198"
                          VPOS="1861"
                          HPOS="1035"
                          CONTENT="constrictio,"/>
               </TextLine>
            </TextBlock>
         </PrintSpace>
      </Page>
   </Layout>
</alto>
