1416 2066
242 1173 106 53 Cum
302 1173 212 53 declarauit
469 1173 121 53 quod
529 1173 182 53 magnitudo,

204 1213 70 46 &
232 1213 141 46 tempus
330 1213 225 46 consequuntur
513 1213 84 46 se
555 1213 84 46 in
583 1213 127 46 diuisi-

196 1245 161 45 bilitate.
319 1245 62 45 &
344 1245 74 45 in
381 1245 260 45 indiuisibilitate,
591 1245 124 45 intendit

191 1285 168 52 declarare
320 1285 103 52 quod
385 1285 90 52 per
436 1285 168 52 velocius,
565 1285 64 52 &
578 1285 129 52 tardius,

189 1332 119 41 quae
264 1332 119 41 sunt
338 1332 193 41 infinitum
487 1332 89 41 in
531 1332 134 41 motu,
606 1332 104 41 appa-

195 1361 86 48 ret
244 1361 98 48 quod
305 1361 123 48 tempus
391 1361 86 48 est
440 1361 184 48 diuisibile,
587 1361 61 48 &
612 1361 98 48 quod
661 1361 49 48 ma

188 1397 150 51 gnitudo
298 1397 96 51 est
352 1397 205 51 diuisibilis
517 1397 150 51 semper,
626 1397 68 51 &
640 1397 68 51 qui

192 1438 136 49 aufert
288 1438 272 49 diuisibilitatem,
519 1438 68 49 a
547 1438 163 49 tempore,
669 1438 68 49 &

189 1478 76 38 a
219 1478 243 38 magnitudine,
417 1478 152 38 aufert
508 1478 197 38 velocitatem

198 1512 60 55 &
222 1512 168 55 tarditatem
354 1512 144 55 scilicet
461 1512 108 55 ponit
521 1512 180 55 velocissimum,

200 1549 99 46 quo
256 1549 127 46 nihil
341 1549 99 46 est
397 1549 183 46 velocius,
539 1549 71 46 &
553 1549 155 46 tardissi-

190 1588 112 38 mum,
260 1588 98 38 quo
316 1588 126 38 nihil
400 1588 98 38 est
457 1588 168 38 tardius,
583 1588 70 38 &
597 1588 112 38 dixit:

182 1623 114 43 Et,
247 1623 114 43 cum
312 1623 147 43 omnis
410 1623 212 43 magnitudo
557 1623 147 43 diuidi-

195 1661 96 53 tur
250 1661 82 53 in
291 1661 233 53 magnitudinem.
483 1661 82 53 I.
511 1661 192 53 diuisibilem,

191 1700 116 39 D.d.
264 1700 116 39 iiam
337 1700 204 39 declaratum
497 1700 116 39 est,
570 1700 102 39 &c.
613 1700 102 39 idest

192 1740 152 47 quoniam
303 1740 111 47 omne
372 1740 194 47 compositum
525 1740 180 47 diuiditur
650 1740 55 47 in

193 1775 97 43 ea,
248 1775 83 43 ex
290 1775 138 43 quibus
387 1775 207 43 componitur:
552 1775 69 43 &
580 1775 97 43 est
621 1775 97 43 decla

189 1813 115 53 ratum
266 1813 102 53 quod
330 1813 192 53 impossibile
483 1813 89 53 est
534 1813 77 53 vt
572 1813 128 53 aliqua
649 1813 64 53 ma

727 1173 156 56 gnitudo
840 1173 198 56 componatur
996 1173 85 56 ex
1024 1173 213 56 indiuisibili-

725 1212 107 52 pus:
791 1212 187 52 manifestum
938 1212 93 52 est
992 1212 107 52 quod
1058 1212 120 52 omnis
1125 1212 120 52 magnitu

726 1247 85 43 do
768 1247 185 43 diuiditur
910 1247 85 43 in
953 1247 241 43 magnitudinem.
1152 1247 85 43 I.
1180 1247 57 43 di

731 1286 151 44 uisibilem:
850 1286 118 44 quoniam
936 1286 75 44 non
979 1286 75 44 est
1022 1286 108 44 illic,
1097 1286 86 44 nisi
1140 1286 97 44 diuisi-

731 1325 103 44 bile,
799 1325 80 44 aut
845 1325 195 44 indiuisibile.
1005 1325 80 44 Et,
1051 1325 80 44 cum
1097 1325 115 44 posuit
1177 1325 92 44 quod

724 1364 126 38 omnis
808 1364 182 38 magnitudo
948 1364 182 38 diuiditur
1088 1364 84 38 in
1116 1364 126 38 magnitu

728 1396 114 46 dinem
804 1396 202 46 diuisibilem,
969 1396 114 46 dixit
1045 1396 63 46 &
1070 1396 114 46 omnis
1133 1396 114 46 maguitu

730 1442 73 47 do
766 1442 86 47 est
815 1442 159 47 continua.
938 1442 73 47 i.
975 1442 147 47 sequitur
1085 1442 73 47 ex
1122 1442 86 47 hoc
1171 1442 98 47 quod

729 1477 120 48 omnis
808 1477 173 48 magnitudo
941 1477 173 48 diuidatur
1074 1477 80 48 in
1101 1477 146 48 continuu.

733 1513 85 41 Et,
782 1513 85 41 cum
830 1513 122 41 posuit
916 1513 98 41 quod
977 1513 110 41 omnis
1050 1513 159 41 magnitudo
1160 1513 85 41 diui-

731 1549 115 37 ditur
808 1549 77 37 in
846 1549 179 37 continuum,
987 1549 102 37 loco
1051 1549 192 37 precedentis
1192 1549 51 37 in

728 1585 103 44 hoc
787 1585 205 44 syllogismo
948 1585 161 44 induxit
1051 1585 190 44 consequens,

732 1622 62 44 &
756 1622 125 44 dixit:
844 1622 137 44 necesse
944 1622 87 44 est
993 1622 75 44 vt
1031 1622 162 44 velocius,
1156 1622 87 44 &c.
1193 1622 50 44 i.

727 1660 97 38 &,
775 1660 113 38 cum
840 1660 210 38 magnitudo
1001 1660 210 38 diuiditur
1146 1660 97 38 sem-

726 1695 94 53 per
779 1695 81 53 in
820 1695 201 53 diuisibile,
981 1695 67 53 &
1007 1695 148 53 tempus,
1101 1695 148 53 sequitur,

731 1741 81 44 vt
772 1741 176 44 velocius,
907 1741 68 44 &
935 1741 149 44 tardius
1043 1741 108 44 sit,
1111 1741 81 44 vt
1138 1741 108 44 quidam

725 1772 219 38 determinant.
903 1772 164 38 velocius
1026 1772 109 38 enim
1095 1772 150 38 dicitur
1190 1772 55 38 in

730 1808 165 42 respectu
854 1808 193 42 tardioris:
1006 1808 69 42 &
1033 1808 96 42 est
1089 1808 138 42 illud,
1171 1808 83 42 quod
